2902 4710
740 147 807 219 208

183 327 337 405 parietem
354 326 467 389 cellarii
490 328 546 389 luit
569 326 655 388 nobis
677 325 764 386 locus
788 326 959 404 assignatus
982 308 1152 406 pretiosus,
1174 326 1204 385 in
1229 341 1289 402 quo
1313 340 1368 384 sex

181 431 320 492 homines
343 431 495 514 sufficiens
519 433 650 510 spatium
670 430 862 509 habuissent,
895 429 951 489 sed
972 435 1053 490 totus
1078 435 1149 490 erat
1182 430 1364 489 tenebrosus

184 539 215 594 et
237 551 400 611 numquam
423 537 480 596 nisi
512 553 567 613 per
588 535 692 596 lumen
714 533 831 594 illatum
862 534 959 594 clarus
992 539 1072 606 erat3
1105 535 1230 610 insuper
1258 532 1365 592 bassus

184 646 249 699 erat
271 639 320 700 vel
342 638 510 711 demissus,
534 639 626 710 adeo,
650 636 732 717 quod
758 656 819 698 non
845 644 1021 714 poteramus
1044 646 1124 699 stare
1146 636 1204 695 nisi
1227 636 1258 694 in
1282 634 1365 712 geni·

182 743 248 814 bus,
272 737 303 803 et
324 746 366 805 ita
389 744 479 803 etiam
502 742 650 802 incurvati
673 747 704 801 et
721 740 806 802 lleris
823 742 950 818 genibus
966 741 1086 820 ingredi
1109 749 1139 802 et
1156 738 1259 818 egredi
1275 756 1365 816 opor·

99 850 100 855 ’
183 847 266 908 tebet
288 848 365 907 ultra
395 845 568 925 quindecim
597 861 705 922 passus
736 845 772 904 ab
802 845 880 904 ostio
910 843 1037 905 latrinae
1067 861 1166 923 nsque
1195 842 1233 904 ad
1263 842 1365 902 locum

183 958 335 1022 nostrum;
359 947 562 1028 unde-prima
584 947 682 1034 fronte
707 947 744 1008 de
768 948 835 1007 loco
859 951 993 1010 contenti
1016 949 1227 1023 neminimus,
1252 963 1364 1026 quous·

182 1071 242 1133 que
267 1054 452 1132 experientia
474 1050 650 1123 didicimus,
674 1052 833 1112 meliorem
854 1052 959 1113 locum
979 1055 1011 1114 iu
1032 1058 1096 1122 tota
1118 1052 1205 1130 galea·
1218 1068 1279 1111 non
1294 1067 1364 1109 esse

184 1173 274 1236 quam
299 1156 399 1227 illum,
422 1155 558 1233 pluribus
580 1156 779 1234 respectibus.
810 1153 878 1215 Fuit
900 1140 981 1215 enim
996 1157 1082 1217 locus
1098 1157 1260 1234 spatiosus,
1284 1152 1366 1232 quod

181 1262 260 1321 ultra
283 1260 406 1321 modurn
430 1260 582 1337 naviganti
602 1264 652 1319 est
676 1260 878 1330 conveniens,
903 1266 935 1320 et
955 1259 1012 1320 luit
1035 1259 1149 1320 calidus
1171 1259 1277 1319 locus:
1294 1245 1364 1334 quia

182 1363 280 1425 hiems
318 1369 383 1424 erat
420 1362 517 1422 nobis
544 1361 675 1441 proluit,
714 1361 796 1423 unde
829 1363 1027 1442 aliquotiens,
1067 1363 1186 1442 quando
1224 1361 1362 1440 superius

182 1468 225 1528 iui
256 1465 446 1545 infrigidatus
476 1481 573 1542 usque
603 1464 642 1524 ad
670 1464 831 1526 stridorem
854 1465 1008 1539 dentium,
1041 1485 1111 1527 mox
1140 1473 1174 1528 ut
1201 1467 1232 1526 in
1262 1459 1363 1525 locum

183 1579 321 1633 nostrum
343 1571 466 1640 intravi,
489 1569 602 1628 recalni
624 1569 702 1629 sicut
725 1572 755 1629 in
779 1577 899 1650 stuppa.
925 1572 996 1645 Fuit
1018 1573 1111 1632 etiam
1133 1570 1270 1648 quietus,
1294 1569 1364 1645 quia

183 1694 274 1737 nemo
305 1691 400 1753 prope
431 1690 487 1734 nos
517 1672 618 1732 locum
646 1672 759 1734 habuit.
810 1676 879 1737 Fuit
909 1678 1000 1739 etiam
1033 1693 1157 1736 securus
1189 1674 1224 1734 ab
1254 1672 1363 1750 illapsu

184 1797 332 1858 aquarum
354 1781 385 1838 in
408 1776 650 1854 tempestatibus.
695 1777 764 1838 Fuit
786 1781 876 1840 etiam
891 1799 986 1860 prope
1002 1779 1120 1851 cellere,
1144 1785 1175 1839 et
1190 1782 1363 1856 poteramus

184 1884 275 1943 etiam
297 1880 405 1941 mediis
428 1881 566 1954 noctibus
590 1883 762 1941 necessaria
785 1879 943 1961 po'stulare'
962 1891 992 1945 et
1015 1885 1169 1961 accipere,
1198 1887 1230 1941 et
1252 1881 1363 1951 omnia,

186 2002 264 2064 quae
284 2002 343 2063 per
366 1984 488 2062 galeam
511 1983 697 2056 acciderent,
728 1986 841 2047 andire.
886 1988 952 2048 Non
983 1989 1028 2047 sic
1057 1987 1144 2047 locus
1174 1984 1364 2045 dominorum

183 2090 298 2168 primae
323 2088 476 2148 societatis
500 2094 580 2160 erat,
612 2090 679 2166 qui,
711 2095 744 2149 ut
775 2091 913 2172 superius
944 2089 1020 2162 dixi,
1050 2089 1198 2151 habebant
1227 2090 1364 2148 strictam

185 2192 329 2253 cellulam
351 2193 382 2252 in
407 2210 499 2253 cornu
514 2210 622 2272 prorae
646 2193 701 2253 sub
725 2193 968 2277 malotrincheti
988 2195 1037 2272 vel
1058 2193 1130 2280 doli,
1149 2194 1181 2252 in
1205 2208 1263 2270 qua
1284 2195 1362 2250 tem·

183 2314 259 2377 pore
283 2302 498 2376 tempestatum
520 2296 727 2357 illabebautur
744 2314 840 2375 aquae
870 2299 935 2358 sine
958 2315 1117 2369 mensura,
1149 2303 1180 2357 et
1201 2278 1290 2363 funes
1312 2297 1364 2356 ru·

184 2401 290 2463 dentes
325 2407 356 2462 et
378 2402 445 2463 vela
474 2399 701 2478 trajiciebantur
720 2402 799 2463 intra
823 2407 853 2462 et
876 2402 1122 2473 extrahebantur,
1154 2418 1212 2461 nec
1235 2405 1299 2460 erat
1320 2399 1362 2458 ibi

184 2507 270 2584 quies
293 2507 368 2565 mari
384 2511 475 2576 moto,
499 2522 605 2567 verum
627 2509 728 2566 tamen
743 2505 974 2593 alia'commoda
988 2506 1151 2580 habebant,
1175 2506 1282 2584 quibus
1304 2522 1361 2565 nos

183 2612 354 2682 caruimus,
390 2608 522 2682 scilicet,
554 2610 623 2688 quia
646 2616 785 2688 poterant
807 2615 842 2670 se
865 2612 981 2689 erigere
1014 2617 1045 2685 et
1067 2611 1133 2671 sine
1155 2608 1362 2669 incurvatione

182 2715 293 2774 intrare
318 2719 349 2773 et
371 2714 452 2773 exire
477 2719 508 2773 et
528 2714 560 2772 iu
584 2711 724 2772 die'luce
747 2712 895 2790 gaudere,
920 2728 979 2791 qua
1002 2733 1058 2775 nos
1084 2714 1308 2784 caruimus,·et
1329 2713 1376 2785 in¹

178 2817 308 2879 articulo
331 2817 522 2877 necessitatis
546 2815 648 2875 statim
670 2820 809 2892 poterant
824 2818 854 2877 in
877 2834 968 2896 prora
987 2834 1056 2877 esse
1080 2823 1112 2877 et
1133 2815 1277 2894 pericula.
1290 2832 1360 2877 eva·

184 2919 266 2980 dere.
312 2918 377 2979 Hoc
401 2926 503 2980 autem
525 2919 581 2979 fuit
603 2919 662 2979 loci
684 2920 780 2980 nostri
802 2921 930 2980 maxima
951 2921 1198 2983 incommoditas:
1232 2922 1258 2980 si
1281 2921 1360 2999 peri-

184 3024 286 3084 culum
309 3022 457 3094 tracturae
481 3025 565 3085 navis
587 3024 686 3084 subito
710 3022 888 3094 accidisset,
922 3041 1008 3101 spem
1036 3022 1185 3085 evadendi
1209 3041 1278 3086 cum
1299 3024 1362 3084 vita

184 3126 234 3187 alii
256 3127 448 3197 habuissent,
471 3144 527 3187 nos
550 3145 622 3188 vero
647 3129 728 3188 omni
752 3145 806 3206 spe
817 3126 961 3199 ¹frustrati
972 3127 1150 3199 fuissemus,
1174 3129 1253 3206 quia,
1276 3109 1378 3188 ante-¹

184 3248 274 3309 quam
298 3229 336 3290 de
358 3227 425 3289 looo
449 3236 554 3291 nostro
577 3229 795 3308 prodiissemus
811 3230 961 3309 serpendo
977 3231 1014 3295 ad
1029 3222 1170 3292 medium
1182 3231 1254 3292 mali
1269 3248 1361 3309 super

182 3335 317 3395 laternae
333 3334 488 3406 foramen,
511 3334 562 3394 ubi
586 3340 634 3395 est
648 3351 806 3408 ascensus,
830 3335 1043 3398 millevicibus
1059 3338 1169 3396 mortui
1185 3335 1360 3406 fuissemus,

183 3442 263 3500 etsi
286 3439 335 3500 illa
359 3456 465 3500 caussa
487 3458 548 3499 non
571 3445 669 3512 esset,
693 3439 800 3512 credo,
825 3437 906 3518 quod
922 3437 1020 3518 (1116
1031 3435 1074 3518 a)
1099 3438 1214 3500 domini
1229 3436 1360 3515 majores

183 3541 286 3620 galeae
309 3543 409 3603 locum
432 3542 518 3605 illurn
539 3561 594 3622 pro
617 3560 651 3604 se
674 3550 875 3614 reservarent,
899 3545 1120 3628 qnia-tempore
1143 3548 1360 3621 tempestatum

182 3646 214 3705 in
236 3644 303 3706 loco
326 3647 547 3725 inquietissimo
569 3653 654 3719 sunt,
677 3637 734 3708 sed
756 3648 793 3709 ad
808 3647 908 3725 lugam
926 3652 1006 3724 apto.
1038 3646 1114 3708 Cum
1129 3664 1202 3725 ergo
1217 3649 1360 3709 stantiam

182 3752 605 3828 accepissemus,·intulimus
628 3751 851 3829 supellectilem
874 3757 1009 3812 nostram
1032 3755 1064 3809 et
1085 3749 1213 3811 lectulos
1237 3756 1358 3811 nostros
1414 3820 1417 3829 ⁸

183 3856 367 3932 aptavimus,
398 3857 452 3915 eos
475 3872 568 3933 super
590 3872 695 3915 saccos
719 3856 890 3933 specierum
912 3857 1072 3919 stravimus
1081 3888 1092 3929 ‚-
1122 3858 1173 3936 qui
1196 3857 1227 3917 in
1250 3873 1357 3935 super-

181 3954 250 4019 ficie
269 3955 411 4035 jacebant
434 3965 465 4019 et
486 3975 595 4020 navem
617 3960 659 4018 ita
683 3957 856 4036 replebant,
880 3958 1046 4039 quodnon
1064 3965 1239 4039 poteramus
1263 3961 1359 4027 erecti

183 4066 280 4133 stare,
304 4060 448 4139 suspendi
471 4063 562 4122 etiam
576 4066 711 4142 sportam
726 4061 846 4141 longam
863 4062 1029 4143 palmarum
1053 4063 1090 4125 ad
1105 4066 1252 4144 parietem
1273 4065 1357 4125 navis

178 4163 265 4244 iuxta
286 4164 426 4228 cumbam
447 4181 559 4228 meam.
609 4163 704 4228 Nobis
735 4173 843 4254 autem!
864 4169 909 4230 sic
939 4166 1152 4231 laborantibus⁷
1167 4170 1201 4232 in
1221 4168 1284 4231 loci
1305 4169 1357 4232 ad-
