2874 4770
677 157 741 230 teu

123 338 242 404 dotibus
265 353 360 417 pane,
391 355 481 399 came
512 343 543 399 et
574 338 661 412 vino,
693 344 724 401 et
747 337 785 400 ad
808 340 837 401 ei
860 337 1049 401 offerendum
1072 338 1110 400 de
1133 339 1299 419 longinquo

122 441 291 505 veniebant.
336 439 382 503 Ad
413 441 606 503 sacerdotem
637 448 737 503 autem
759 449 937 505 mansuetus
961 450 1041 515 erat,
1073 443 1127 503 sed
1160 443 1196 504 ad
1225 445 1298 505 alios

122 543 219 616 ierus,
252 562 350 623 eoque
381 551 500 606 mortuo
517 546 607 606 alius
645 547 871 625 subrogabatur.
925 544 984 606 Alii
1013 546 1152 606 colebant
1183 564 1299 618 canem,

121 647 239 726 lupum,
264 648 399 718 simiam,
424 647 603 724 draconem,
628 651 774 730 aspidem.
800 650 896 732 (138
908 646 952 728 a)
969 648 1029 709 Alii
1046 666 1140 728 cepe,
1165 650 1242 721 allia,
1260 646 1298 730 (1)

123 754 236 832 spinas.
267 750 469 814 Scarahaeum
488 761 589 815 autem
605 773 798 834 summopere
815 755 1043 825 venerabantur,
1061 751 1143 830 quod
1156 752 1298 814 ridiculo-

123 858 277 918 sissimum
312 862 367 916 est.
414 857 495 918 Dicit
516 861 607 920 etiarn
630 859 807 938 Apollonius
829 860 868 917 111,
883 858 959 918 Vitis
982 855 1120 927 Patrum,
1153 855 1237 934 quod
1258 857 1298 916 illi

122 959 280 1039 Aegyptii,
305 961 356 1041 qui
380 978 449 1020 cum
466 959 621 1024 Pharaone
645 953 705 1024 non
728 962 848 1022 fuerant
866 962 996 1040 ingressi
1012 965 1082 1040 post
1096 959 1174 1020 lilios
1198 957 1297 1032 lsrael,

124 1063 281 1126 audientes
304 1081 409 1125 omnes
433 1082 504 1126 esse
526 1067 758 1128 submersos‘in
782 1067 872 1136 mari,
905 1065 983 1125 ultra
1006 1063 1131 1127 modum
1154 1065 1298 1144 multipli-

126 1174 269 1231 caverunt
298 1167 388 1240 deos,
421 1169 547 1246 quilibet
577 1171 659 1230 enim
689 1168 821 1229 divinum
853 1169 1001 1250 honorem
1023 1167 1067 1229 illi
1089 1168 1133 1228 rei
1157 1168 1299 1238 exhihuit,

124 1290 183 1352 qua
210 1271 371 1349 impeditus
395 1274 555 1345 remansit,
586 1279 636 1345 ut,
669 1274 763 1354 sivir
793 1274 880 1350 sequi
903 1271 1090 1333 Pharaonem
1112 1273 1220 1333 volens
1247 1291 1297 1337 re-

121 1382 236 1439 tractus
251 1377 286 1437 ab
301 1394 393 1438 uxore
409 1376 498 1438 dixit:
523 1377 598 1439 deus
622 1394 709 1437 meus
733 1394 767 1437 es
789 1382 840 1448 tu,
865 1378 934 1455 quia
957 1393 1011 1455 per
1025 1381 1055 1436 te
1079 1377 1172 1437 vitam
1189 1377 1294 1437 haheo.

123 1480 175 1542 Sic
197 1480 302 1541 artifex
324 1483 468 1550 materiae
492 1483 538 1542 sui
554 1481 669 1544 artificii
690 1481 837 1542 honorem
860 1479 995 1541 divinum
1014 1480 1168 1552 exhibuit,
1204 1483 1297 1543 etita

123 1586 212 1664 nugis
234 1585 478 1646 irrationabiliter
500 1592 531 1647 et
553 1587 760 1664 multipliciter
783 1584 880 1645 delusi
903 1583 1033 1653 luerunt.
1079 1584 1125 1645 De
1142 1584 1189 1644 his
1207 1585 1297 1644 multa

123 1692 156 1750 111
188 1689 314 1750 diversis
348 1689 482 1771 loquitur
502 1689 688 1781 Augustinus
718 1687 756 1749 de
780 1689 906 1749 Ciuitate
929 1688 1001 1760 Dei,
1037 1692 1068 1746 et
1088 1687 1240 1748 Eusebius
1262 1687 1298 1748 de

6 1794 10 1800 ’
125 1793 297 1872 evangelica
318 1791 603 1872 praeparationeL.
627 1792 676 1854 lll.
702 1792 734 1855 C.
757 1788 777 1857 3
803 1788 886 1854 etl.
907 1788 940 1871 L
958 1789 1033 1852 Vlll.
1060 1789 1092 1850 C
1117 1790 1147 1855 5.
1167 1798 1200 1852 et
1223 1791 1297 1851 Boe·

126 1895 233 1957 cardus
257 1895 295 1958 de
318 1898 514 1975 generatione
539 1897 666 1960 deorum
688 1903 775 1981 gent
749 1897 857 1959 tilium

213 2000 265 2060 Sic
297 2017 369 2078 ergo
391 2007 501 2079 poetae
529 2004 686 2064 materiam
713 2000 868 2063 fictionum
899 2001 1027 2061 maxime
1046 1966 1232 2060 sumserunt
1265 1999 1299 2059 ab

125 2102 272 2182 Aegypto.
317 2103 443 2185 insuper
473 2113 504 2169 et
535 2107 688 2169 naturales
711 2106 749 2167 de
771 2112 852 2167 terra
874 2106 1025 2177 scribunt,
997 2110 1088 2164 tut
1110 2101 1213 2175 Plato,
1235 2101 1299 2162 Ari·

5 2272 9 2281 ,
125 2208 268 2285 stoteles‘,
293 2215 324 2270 et
347 2211 459 2272 caeteri
473 2209 646 2291 Aegyptum
670 2209 882 2303 commendant
900 2225 971 2288 prae
995 2208 1062 2269 aliis
1085 2209 1193 2280 terris,
1219 2208 1302 2268 etin

126 2329 162 2373 ea
184 2311 219 2372 ab
242 2314 365 2393 antiquo
388 2313 554 2375 doctissimi
578 2315 753 2386 manebant,
777 2312 868 2375 etde
883 2313 1022 2395 *universi
1046 2310 1152 2372 mundi
1166 2312 1299 2390 regioni-

124 2416 180 2476 bus
202 2417 324 2495 ingenio
356 2426 546 2499 praestantes
575 2422 607 2483 111
635 2417 806 2498 Aegyptum
841 2417 1024 2494 migrabant,
1059 2420 1091 2475 ut
1126 2413 1301 2497 sacerdotes

125 2517 288 2600 Aegyptios
317 2529 349 2583 et
376 2528 462 2585 rates
483 2524 696 2603 memphiticos
727 2527 770 2583 et,
787 2519 976 2598 heliopoleos
1003 2537 1038 2581 ac
1061 2514 1211 2581 thebanos
1244 2537 1295 2580 au·

29 2650 31 2655 ’
127 2624 226 2694 dirent
255 2633 285 2688 et
307 2629 443 2688 monstra
467 2629 592 2689 deornm
613 2630 645 2688 in
667 2626 788 2706 templis
814 2629 983 2686 cernerent.
1023 2623 1148 2685 Namin
1162 2619 1301 2701 Aegypto

127 2730 233 2791 schola
255 2737 320 2791 erat
343 2734 534 2809 antiquorum
558 2730 733 2805 doctorum,
763 2733 841 2792 sicut
863 2728 957 2790 relert
970 2728 1119 2788 Eusebius
1135 2726 1174 2787 de
1198 2742 1301 2803 evang.

128 2851 265 2912 praepar.
289 2832 323 2894 L.
348 2833 385 2895 X.
418 2833 450 2895 C.
475 2833 504 2896 2.
549 2832 592 2892 lbi
627 2832 799 2895 claruerunt
832 2833 959 2895 naturali
991 2833 1118 2893 scientia
1152 2826 1302 2908 Orpheus,

127 2936 267 3009 Danaus,
289 2934 431 3018 Museus,
449 2934 659 3013 Melampada,
682 2936 851 3004 Daedalus,
874 2933 1025 3007 Homerus
1049 2941 1155 3013 poeta,
1186 2932 1298 3012 Lycur·

128 3059 184 3120 gus
200 3040 358 3118 Spartiata,
385 3040 480 3101 Solon
492 3038 699 3120 Atheniensis,
712 3038 795 3101 Plato
815 3040 1021 3119 philosophus,
1038 3036 1224 3116 Pythagoras
1247 3036 1311 3096 Sa·-

130 3146 217 3216 mius‚
235 3143 385 3205 Eudoxias
402 3146 642 3217 mathematicus,
658 3146 850 3205 Democritus
866 3142 995 3216 Abdera,
1011 3140 1183 3220 Eunapides
1201 3141 1303 3201 Chius.

127 3248 165 3310 Et
186 3247 293 3328 probat
308 3248 455 3310 Eusebius
478 3249 516 3310 de
540 3252 768 3328 praeparatione
788 3250 960 3328 evangelica
981 3244 1015 3306 L.
1032 3245 1069 3306 X.
1094 3244 1126 3306 C.
1144 3242 1196 3318 2.,
1221 3241 1301 3323 quod

130 3351 245 3414 Graeci.
265 3369 361 3433 paene
392 3372 498 3418 omnes
523 3355 701 3433 sapientiam
728 3353 763 3414 ab
786 3351 943 3432 Aegyptiis
966 3351 1152 3421 habuerunt,
1176 3349 1306 3421 maxime

129 3461 232 3517 tamen
255 3437 412 3519 scientiam
436 3464 600 3529 astrorum,
624 3463 749 3536 propter
767 3474 856 3537 quam
872 3458 963 3516 etiam
978 3455 1142 3533 Dionysius
1158 3453 1195 3512 ab
1211 3449 1305 3512 Athe·

128 3560 176 3620 nis
198 3562 229 3620 in
250 3559 422 3641 Aegyptum
445 3563 682 3640 transmigravit,
716 3560 764 3619 ubi
788 3561 819 3618 in
842 3557 948 3636 eclipsi
971 3554 1061 3629 solis,
1094 3572 1172 3635 quae
1196 3554 1254 3615 luit
1276 3558 1307 3617 in

129 3665 204 3726 hora
238 3669 343 3726 mortis
368 3666 496 3739 Christi,
528 3667 626 3726 Deum
654 3665 841 3742 incognitum
863 3661 1055 3740 philosophia
1084 3655 1213 3721 naturali
1236 3676 1306 3737 pro-

130 3768 318 3832 fessusiuit.
364 3768 450 3831 Unde
474 3776 536 3832 tota
559 3776 639 3830 terra
658 3767 779 3849 illaluit
796 3765 964 3829 civitatibus
982 3764 1175 3844 amplissimis
1202 3769 1310 3824 ornata

133 3879 164 3933 et
181 3872 301 3952 templis
323 3872 569 3951 locupletissimis
594 3881 625 3935 ct
647 3876 811 3954 gymnasiis
827 3873 1026 3953 gravissimis,
1049 3871 1080 3928 in
1097 3866 1205 3946 quibus
1229 3865 1308 3927 mul

131 3983 230 4039 tarum
253 3980 446 4039 scientiarum
470 3981 616 4057 principia
640 3985 710 4039 sunt
733 3981 862 4041 inventa.
1147 3981 1160 3992 ‘

222 4081 405 4144 Medicinam
428 4080 531 4142 dicunt
553 4083 594 4142 ibi
616 4084 746 4160 primum
769 4080 908 4143 lloruisse
942 4097 1071 4156 eamque
1095 4078 1131 4138 ab
1157 4073 1312 4155 Apolline,

134 4187 187 4272 qui
208 4188 323 4267 primus
344 4187 546 4248 herbamm
514 4189 627 4250 vanum
642 4190 743 4266 cognit
744 4207 778 4253 or
730 4187 864 4260 tfuit,
887 4187 1082 4266 practicatam
1097 4181 1313 4257 1111111011-
