2874 4770
689 166 733 237 ts

123 345 273 422 apparuit,
297 345 348 423 qui
370 346 488 426 aperire
510 349 632 425 posset;
657 342 877 404 absconderant
899 342 980 403 enim
1003 341 1084 401 servi
1107 358 1141 400 se
1169 357 1240 400 cum
1255 341 1296 399 in-

123 447 245 508 dustria.
293 449 393 510 Currit
417 467 488 529 ergo
512 447 600 508 miles
622 447 674 507 ille
697 465 752 524 per
766 449 881 508 curiam
904 452 934 505 et
957 444 1096 515 domum,
1120 445 1255 504 olamans
1272 449 1299 501 et

122 550 307 623 vociferans,
350 552 405 614 sed
434 548 664 613 dissimulabant
705 568 739 610 se
770 550 881 611 audire.
928 546 1065 608 Tandem
1094 555 1164 626 post
1198 547 1299 607 horam

124 672 229 715 servus
252 654 379 716 familias
402 655 440 716 de
474 653 608 715 conclavi
638 653 762 732 prodiit,
796 652 900 713 dicens
932 670 1002 712 eum
1032 653 1235 730 impatientia:
1271 657 1299 709 et

124 774 217 835 quare
251 765 283 818 tn
319 759 465 820 recedere
502 759 562 828 vis,
600 775 670 817 curn
699 757 832 818 nondum
861 756 1044 816 satisfeceris
1078 757 1146 827 eis„
1173 773 1299 832 quornm

124 859 319 921 debitores?
352 860 412 934 Qui
436 878 505 921 cum
528 858 658 930 diceret,
689 877 724 920 se
747 860 820 922 nulli
843 877 912 920 esse
935 859 1117 931 debitorem,
1148 861 1300 919 asserebat

123 958 312 1023 Mamaluous
335 963 538 1032 contrarium,
571 969 603 1023 et
625 962 700 1023 dure
723 962 812 1025 simul
836 963 1066 1024 contendebant.
1112 962 1186 1023 Post
1208 961 1299 1021 multa

123 1067 213 1127 verba
236 1064 309 1127 dixit
323 1064 524 1135 Mamalucus‚
550 1082 621 1125 eum
643 1064 763 1127 cuidam
778 1064 894 1151 Judaeo
910 1085 980 1126 esse
998 1066 1183 1135 debitorem,
1210 1082 1301 1143 quem

126 1170 284 1249 oportebat
308 1174 501 1247 exspectare,
524 1167 573 1228 vel
596 1186 719 1230 currere
742 1169 1003 1248 adquaerendam
1022 1169 1180 1231 Judaeum.
1229 1168 1300 1228 Cur-

124 1275 230 1335 rebant
253 1291 325 1351 ergo
349 1274 435 1333 ambo
467 1271 557 1332 simul
587 1271 625 1332 ad
657 1271 763 1334 ludaei
793 1273 931 1345 domum,
954 1281 997 1335 et
1025 1275 1148 1335 invento
1178 1272 1300 1342 Judaeo,

126 1396 216 1457 quem
232 1378 316 1457 prius
330 1373 519 1436 Mamalucus
534 1376 749 1446 nominaverat,
766 1376 923 1448 fatebatur,
943 1395 1014 1437 eum
1029 1394 1119 1437 suum
1135 1375 1300 1436 debitorem

124 1501 186 1544 non
214 1498 292 1541 esse.
337 1477 524 1540 Mamalueus
553 1486 668 1548 autem,
701 1479 805 1541 videus
838 1479 986 1540 Judaeum
1019 1480 1106 1540 fateri
1134 1482 1299 1546 veritatem,

123 1585 287 1647 nominavit
310 1581 461 1660 quendam
484 1582 614 1642 alterum
636 1580 801 1652 Judaeum,
826 1584 1032 1660 quem-etiam
1063 1582 1113 1643 diu
1145 1584 1298 1659 quaesive-

125 1694 211 1759 mnl,
241 1695 272 1748 et
295 1705 331 1746 eo
355 1705 416 1746 non
438 1687 561 1745 invento
585 1686 616 1745 in
639 1684 763 1746 domum
795 1684 959 1746 redierunt.
1005 1684 1125 1746 interea
1148 1683 1298 1764 Tanguar·

126 1791 213 1851 dinus
236 1792 336 1860 latuit,
369 1807 460 1867 quem
493 1790 635 1849 scivimus
657 1807 727 1849 esse
750 1791 781 1850 in
805 1789 914 1861 domo,
948 1794 978 1849 et
1000 1807 1061 1848 non
1085 1790 1238 1867 apparuit,
1273 1794 1301 1847 et

125 1911 231 1955 servus
253 1893 303 1954 ille
327 1899 358 1953 et
380 1891 429 1953 alii
451 1891 555 1951 famuli
578 1894 772 1971 peregrinum
794 1892 879 1953 illum
902 1893 1029 1952 militem
1057 1893 1186 1952 multum
1215 1909 1300 1961 vera·

126 2003 250 2066 verunt,
281 2004 312 2056 et
345 2004 413 2075 post
447 1996 557 2056 multas
592 2013 682 2056 varas
716 1995 799 2057 dedit
832 1998 919 2058 miles
942 2014 1004 2056 non
1026 2013 1140 2074 paucos
1165 1995 1300 2057 madinos

127 2096 257 2159 familiae
279 2118 334 2178 pro
357 2100 454 2160 valete
477 2106 508 2159 et
537 2117 591 2178 pro
620 2101 777 2177 portariis,
810 2108 841 2161 et
868 2101 945 2160 bene
976 2101 1138 2177 castigatus
1173 2101 1301 2159 emissus

128 2202 193 2264 fuit.
241 2202 381 2264 Pervenit
414 2222 485 2282 ergo
519 2202 566 2279 ad.
589 2202 649 2262 Nili
681 2211 800 2282 portum
830 2212 861 2265 et
889 2220 1015 2264 ascensa
1043 2222 1111 2263 eum
1127 2204 1206 2264 -aliis
1237 2204 1302 2263 navi

127 2307 284 2369 descendit
307 2309 338 2367 in
360 2306 571 2368 Alexandriam
603 2325 675 2367 oum
709 2308 803 2369 multa
833 2311 952 2387 quiete,
987 2315 1019 2368 et
1051 2307 1217 2385 hospitium
1248 2325 1301 2385 pro

127 2413 213 2476 nobis
237 2411 384 2491 disposuit
407 2412 437 2470 in
460 2411 543 2481 loeo,
568 2412 617 2471 ubi
641 2413 818 2490 peregrinos
842 2412 986 2491 hospitari
1009 2412 1133 2472 solitum
1156 2418 1213 2472 est.

214 2512 269 2596 (b)
293 2516 418 2576 Decima
440 2522 545 2575 octava
568 2512 634 2585 die,
659 2532 736 2592 quae
760 2521 807 2575 est
829 2513 928 2576 Lucae
942 2516 1168 2594 Evangelistae‚
1192 2517 1304 2576 iterum

126 2621 293 2698 inquietam
315 2624 439 2679 noctem
462 2617 638 2688 babuimus,
668 2634 738 2677 nam
769 2618 935 2678 insolenter
962 2618 1049 2679 valde
1079 2617 1304 2680 celebraverant

127 2743 181 2786 sua
204 2730 354 2804 nocturna·
373 2723 507 2783 convivia
531 2720 688 2781 Sarraceni
712 2738 807 2797 usque
832 2720 871 2781 ad
892 2723 991 2781 noetis
1016 2721 1164 2793 medium,
1189 2729 1304 2801 etpost

127 2842 249 2890 omnem
279 2827 508 2889 dissolutionem
537 2843 606 2885 cum
630 2824 665 2885 ad
689 2824 756 2884 loca
779 2825 890 2901 quietis
914 2842 948 2883 se
971 2825 1081 2902 singuli
1103 2827 1303 2904 recepissent,

128 2932 240 3010 incepit
262 2949 321 2991 una
343 2931 380 2992 de
403 2931 543 2992 uxoribus
565 2927 768 3007 languardini
792 2946 861 2989 eum
883 2928 998 2988 ululatu
1021 2926 1110 2999 flere,
1136 2935 1167 2989 et
1188 2930 1303 2990 lamen·

128 3034 235 3096 tabiles
259 3036 401 3095 emittens
424 3054 517 3097 voces
540 3037 651 3106 virum,
675 3035 816 3094 maritum
839 3051 942 3104 suum,
967 3031 1182 3112 deprecatoriis
1205 3036 1303 3095 verbis

130 3135 332 3215 supplicabat,
363 3144 396 3198 nt
419 3157 436 3198 a
459 3138 705 3218 percussionibus
730 3145 888 3209 cessaret,¹
913 3129 1101 3214 percutiebat
1123 3140 1205 3198 enim
1228 3157 1303 3210 eam,

130 3245 161 3300 et
183 3239 349 3300 minabatur
371 3241 416 3312 ei,
448 3241 530 3319 quod
552 3257 621 3301 eam
642 3239 802 3319 repudiare
833 3241 939 3311 v‘ellet3
971 3258 1049 3318 quae
1080 3247 1183 3300 autem
1215 3259 1304 3303 eausa

129 3339 219 3402 fuerit
253 3342 334 3402 illius
366 3344 571 3422 castigationis
606 3343 785 3422 intelligere,
805 3362 864 3404 non
893 3345 987 3421 potui.
1033 3344 1099 3404 Duo
1129 3345 1304 3423 suspicabar

130 3463 166 3508 en
188 3447 318 3524 querelis
342 3450 518 3526 castigatae:
553 3449 700 3528 primum,
732 3447 813 3525 quod
837 3465 907 3509 eum
929 3449 1021 3508 altera
1044 3465 1134 3509 uxore
1162 3449 1304 3526 litigabat,

130 3568 258 3629 eamque
281 3570 350 3613 cum
374 3559 457 3614 esset
479 3570 646 3631 praegnans
670 3552 896 3630 perturbaverat
919 3558 950 3611 et
972 3552 1029 3612 hoe
1053 3550 1303 3628 flagellationibus

129 3656 291 3718 emendare
309 3656 456 3718 studebat.
489 3656 585 3717 Credo
602 3658 699 3726 enim,
724 3653 804 3732 quod
820 3655 851 3714 in
866 3654 1022 3726 domibus,
1045 3655 1095 3714 ubi
1118 3660 1187 3712 sunt
1202 3655 1304 3732 plures

129 3776 238 3823 uxores
261 3761 350 3819 unius
381 3761 453 3830 viri,
485 3761 654 3837 requiratur
684 3748 791 3836 magna
823 3760 968 3819 severitas
999 3759 1038 3820 ad
1066 3757 1305 3817 conservandum

12 3872 20 3889 ‘
128 3878 248 3943 pacem,
272 3879 362 3940 qrram
384 3877 442 3923 neo
465 3868 586 3923 sanetae
616 3862 781 3933 foeminae,
811 3879 920 3923 uxores
944 3860 1053 3932 Jacob,
1084 3859 1195 3920 babere
1227 3863 1306 3920 inter

130 3984 164 4029 se
188 3974 342 4047 poterant,
366 3975 399 4028 ut
414 3967 540 4028 babetur
555 3965 664 4026 Genes.
681 3963 732 4030 30.
765 3965 953 4039 Secundum,
977 3963 1198 4043 propterquod
1215 3965 1305 4025 casti-

131 4072 210 4150 gavit
233 4084 315 4142 eam‚
340 4071 396 4132 fuit
418 4068 584 4148 zelotypia,
609 4067 706 4145 aliqua
729 4071 854 4129 enimin
872 4086 907 4128 ea
922 4050 1078 4128 notaverat
1093 4066 1130 4126 de
1147 4067 1305 4139 adulterio,

130 4181 162 4238 et
181 4173 251 4238 ideo
276 4192 345 4236 eam
367 4178 410 4237 sic
433 4173 553 4255 publice
578 4169 712 4234 confudit
728 4174 817 4250 eique
832 4171 1072 4250 repudiationem
1086 4171 1218 4231 minatus
1233 4170 1305 4242 fuit;
