2874 4770
679 163 749 232 215·

129 333 267 420 (Sidone)
290 338 322 398 in
345 337 476 418 Gpprnm
503 341 679 418 navigasse,
716 336 821 418 ltaque
852 339 999 401 aulonem·
1013 341 1153 418 ‘ingrcssi
1176 339 1304 402 Cilicum

128 427 259 503 vidimus
282 439 431 513 Ciliciam,
463 445 590 520 patriam
620 442 702 502 illam
732 442 880 514 nobilem,
897 444 942 521 niu
964 461 1023 521 qua
1056 451 1104 505 est
1126 447 1231 507 civitas
1253 445 1305 506 illa

129 547 281 605 nominata
303 542 451 604 Tharsum
491 545 540 605 vel
571 544 695 605 Tharsis
735 548 785 603 aut
807 543 954 616 Tharsos,
986 532 1117 625 deque
1143 547 1238 625 Jactat
1269 564 1304 609 33

132 649 163 708 S.
178 647 287 707 Paulus
309 653 413 708 natum
435 648 530 710 fuisse
552 647 654 709 Actor.
672 647 768 718 Xlll.;
791 645 861 707 ideo
885 650 976 708 etiam
997 650 1161 712 tharsensis
1184 651 1303 713 dicitur.

130 747 167 810 Et
189 750 263 810 haec
287 752 390 811 civitas
414 752 449 812 ab
474 754 597 829 antiquo
621 751 696 812 adeo
719 751 775 811 fuit
797 751 941 811 Romanis
966 752 1191 827 confoederata,
1224 754 1306 835 quod

130 859 281 931 tamquam
299 857 386 915 cives
409 857 525 915 romani
553 855 738 915 habebantur
766 855 829 913 nati
858 852 895 912 (13
919 852 1034 914 Tharsa
1057 855 1188 919 Ciliciae.
1232 857 1304 920 Ideo

129 956 159 1016 S.
184 955 293 1018 Paulus
325 959 495 1020 Romanum
528 977 562 1018 se
592 958 747 1024 asserebat
768 955 915 1016 Actorum
937 957 1016 1018 xvi.
1041 963 1072 1017 et
1093 957 1185 1021 XXII.
1371 946 1375 951 ⁶

235 1077 269 1137 ln
305 1079 386 1139 hnnc
424 1086 526 1139 autem
565 1079 698 1150 modum
726 1078 783 1138 fuit
821 1077 852 1137 S.
892 1077 1001 1138 Paulus
1042 1081 1114 1139 civis
1152 1099 1305 1154 romanus,

129 1182 199 1260 quia
221 1183 331 1259 penula
360 1183 417 1244 fnit
442 1184 510 1244 (1313
538 1185 615 1262 patri
645 1167 776 1242 Paulia
806 1181 968 1253 Romanis,
998 1181 1118 1260 quando
1147 1189 1306 1261 susceptus

129 1291 177 1345 est
198 1287 230 1345 13
253 1287 371 1345 socium
394 1292 425 1346 et
448 1289 544 1349 civem
568 1303 735 1346 romanum.
781 1285 852 1345 Erat
874 1286 955 1343 euim
985 1287 1095 1364 penula
1117 1288 1211 1347 vestis
1235 1305 1306 1347 con·

129 1389 254 1459 3313113,
286 1406 344 1467 qua
375 1386 576 1451 induebantur
599 1388 739 1449 consules
761 1390 877 1448 romani
899 1387 1104 1465 ingredientes
1128 1391 1161 1449 in
1184 1392 1306 1450 curiam.

128 1491 212 1551 Hanc
235 1493 280 1550 sic
308 1495 419 1553 meruit
446 1500 533 1571 pater
555 1492 657 1562 Pauli,
689 1491 817 1550 Romani
846 1493 928 1551 enim
957 1492 1061 1552 mundi
1090 1492 1202 1553 domini
1230 1494 1306 1554 11333

129 1595 279 1655 habebant
302 1595 569 1665 consuetudinem,
592 1601 626 1656 ut
641 1611 850 1672 quaecumque
866 1612 940 1672 gens
964 1612 1032 1655 oum
1049 1615 1125 1674 pace
1141 1603 1172 1656 et
1188 1599 1306 1657 coronis

130 1701 174 1759 eis
199 1700 398 1769 occurrisset,
432 1698 536 1758 darent
562 1700 606 1758 313
629 1697 812 1757 libertatem
829 1715 898 1757 3333
922 1717 1027 1760 eorum
1049 1700 1158 1760 fratres
1181 1710 1211 1762 et
1235 1720 1306 1761 cou-

129 1805 212 1863 cives
235 1803 366 1873 romani,
397 1808 429 1861 et
451 1799 654 1861 constituendi
689 1802 839 1860 consules.
885 1801 973 1862 Pater
994 1805 1085 1881 igitur
1103 1804 1188 1865 Pauli
1210 1813 1307 1866 trans·

127 1907 206 1967 latus
231 1905 268 1965 de
284 1903 398 1965 Judaea
412 1904 562 1965 Tharsum
589 1903 779 1985 venientibus
794 1904 937 1964 Romanis
964 1909 1096 1968 occurrit
1119 1914 1149 1968 et
1165 1909 1307 1987 penulam

128 2011 295 2088 promeruit
324 2016 356 2069 et
378 2010 531 2070 civitatem
562 2026 717 2078 romanam
739 2026 794 2085 pro
828 2025 862 2067 33
886 2011 1001 2069 etsuis
1024 2009 1137 2072 1113113.
1181 2012 1308 2091 lnsuper

129 2120 200 2174 3313
223 2131 272 2182 133
288 2113 492 2174 Romanorum
515 2112 625 2189 legitur
641 2111 774 2171 Ciliciam
791 2112 826 2172 ab
837 2111 1037 2173 Amazonibus
1053 2115 1183 2177 libertati
1197 2116 1306 2190 datam,

129 2217 216 2295 Syria
238 2218 319 2276 enim
341 2219 386 2276 313
410 2217 533 2276 3313313
559 2215 669 2274 Cilices
693 2217 737 2274 313
761 2232 830 2274 3331
845 2213 932 2276 donis
947 2224 1160 2289 occurrerunt,
1183 2220 1308 2296 polliciti
1422 2219 1426 2226 '

129 2321 275 2397 imperata
296 2318 444 2390 lecturos,
475 2336 534 2397 qna
557 2335 593 2377 ex
615 2334 648 2377 re
673 2334 725 2376 eos
748 2315 859 2376 liberos
881 2317 1038 2391 13331331,
1066 2320 1307 2381 3113131013-

131 2421 227 2482 donus
249 2419 314 2482 Lib.
337 2420 387 2482 tv.
413 2421 446 2481 C.
465 2419 496 2482 4.
519 2421 718 2499 Antiquarum
740 2437 852 2507 1311113.
892 2419 971 2491 Quid
994 2428 1095 2482 autem
1117 2422 1175 2482 hoc
1197 2440 1308 2482 nomen

133 2525 257 2585 Tharsis
281 2527 424 2602 importet
444 2526 512 2588 11113
536 2526 754 2603 Hieronymum
777 2523 814 2583 ad
836 2521 1026 2584 Marcellum.

216 2645 268 2704 llst
297 2650 399 2706 tamen
428 2645 609 2719 notandum,
644 2645 725 2724 quod
754 2645 838 2706 ludia
871 2646 980 2707 dicitur
1011 2650 1101 2708 etiam
1124 2648 1248 2708 Tharsis
1264 2651 1309 2724 ,in

129 2740 299 2827 Scriptura,
324 2755 354 2809 et
377 2748 525 2827 Carthago
550 2751 653 2809 civitas
676 2749 813 2820 Africae,
837 2755 865 2810 et
890 2750 1092 2810 haeccivitas
1117 2750 1248 2822 Ciliciae,
1276 2758 1309 2813 ut

127 2853 219 2914 habet
241 2852 423 2931 Jeronymus
447 2851 485 2912 de
509 2852 659 2913 distantiis
684 2853 828 2913 locorum.
874 2852 930 2913 Hic
952 2853 1090 2914 Herodes
1115 2855 1307 2916 3113133113-

128 2975 209 3018 mam
231 2959 451 3036 pertrausiens‚
484 2973 553 3016 cum
576 2955 741 3016 audivisset
764 2964 826 3016 tres
850 2975 938 3036 reges
962 2959 1088 3018 navibus
1111 2965 1307 3032 11333133133,

123 3059 216 3138 jussit
243 3059 365 3121 incendi
392 3076 502 3130 113133,
540 3058 657 3119 Psalm:
701 3059 734 3120 ln
758 3062 865 3139 spiritu
889 3060 1062 3122 vehementi
1085 3070 1224 3122 conteres
1254 3079 1307 3122 113-

127 3181 181 3225 ves
205 3162 337 3224 Tharsis.
382 3158 430 3223 ad
462 3162 547 3222 illum
579 3163 681 3223 locum
712 3161 875 3242 confugere
908 3165 1027 3226 volebat
1060 3163 1151 3226 Jonas
1184 3183 1201 3224 3
1230 3165 1307 3225 13313

127 3267 265 3339 Domini,
298 3273 333 3328 ut
363 3265 473 3327 dicitur
505 3265 599 3326 lonae
622 3265 643 3326 l.
679 3267 727 3330 131
758 3269 789 3327 13
822 3266 973 3339 Africam,
1014 3273 1048 3327 ut
1081 3267 1189 3328 dicitur
1219 3267 1251 3327 P.
1284 3267 1305 3327 l.

126 3370 191 3473 iol..
205 3368 246 3433 79
270 3367 308 3430 A.
378 3464 382 3470 ἱ
421 3387 424 3391 ’

217 3508 279 3592 Est,
293 3509 383 3569 etiam
405 3509 436 3569 in
459 3508 563 3568 Cilicia
585 3508 655 3570 urbs
679 3507 841 3569 Thorsicas
865 3507 961 3576 (11313,
989 3505 1070 3568 unde
1095 3526 1218 3568 crocum
1240 3509 1307 3587 plu-

127 3613 239 3672 rimum
261 3617 292 3672 et
315 3613 463 3690 optimum
485 3614 581 3684 venit,
606 3614 770 3691 spiramine
793 3611 983 3691 fragrantiori
1006 3617 1037 3672 et
1056 3611 1158 3691 colore
1182 3629 1283 3673 aureo.

216 3749 310 3812 Porro
332 3753 399 3828 ipsa
420 3753 574 3831 provincia
592 3750 699 3825 Cilicia,
720 3750 800 3812 (11313
822 3756 868 3810 331
892 3768 909 3811 3
932 3750 1072 3828 quodam,
1097 3752 1148 3827 qui
1170 3750 1305 3810 nomina·

127 3853 215 3914 hatur
230 3852 321 3929 citii,
344 3854 406 3915 lilio
422 3853 580 3933 Agenoris.
624 3853 682 3914 llic
698 3854 773 3914 Cilix
795 3854 886 3915 homo
910 3856 987 3914 aeris
1010 3854 1124 3930 ingenii
1145 3858 1177 3912 et
1192 3852 1308 3913 robusti

129 3961 264 4037 corporis
285 3957 358 4030 1311,
382 3965 414 4019 31
436 3977 505 4020 3313
520 3958 627 4028 1131133
643 3961 778 4038 seniores
804 3976 838 4018 se
859 3958 982 4018 haberet
1006 3974 1063 4016 nec
1079 3957 1307 4017 successionem

128 4064 215 4140 regni
244 4070 398 4140 speraret,
431 4062 538 4124 relicta
568 4079 623 4123 3113
651 4064 747 4142 patria
769 4062 920 4127 Phoenice
951 4063 983 4123 13
1014 4060 1092 4120 hanc
1121 4061 1308 4135 provinciam

128 4168 213 4228 uenit
245 4183 376 4245 eamque
405 4164 566 4246 possidens
595 4182 632 4227 ex
661 4181 696 4226 se
714 4156 859 4228 ⁸Ciliciam
892 4164 1066 4226 nominavit.
1118 4159 1192 4236 Ejus
1221 4168 1307 4239 pater
