2874 4770
679 197 761 307 (3(
848 190 854 201 ·

125 377 240 456 antiqui
263 373 303 438 de
324 352 465 456 Aegypto
486 376 683 456 scripsemnt.
727 373 856 456 Insuper
885 342 1004 450 dieunt,
1032 374 1115 457 quod
1138 375 1249 438 heroes
1270 377 1304 438 in

124 480 263 560 Aegypto
286 485 488 559 regnaverunt
512 480 619 541 decem
653 484 778 540 313313
800 479 894 541 millia
915 497 1072 554 annorum,
1096 486 1166 560 post
1188 480 1304 542 Isidem

125 586 264 646 homines
281 601 376 661 regno
394 581 481 662 potiti
496 588 697 662 regnaverunt
716 583 816 661 paullo
840 584 939 649 minus
960 572 1123 667 annorum,
1148 584 1302 665 quindena

128 689 236 760 millia,
266 706 364 767 usque
381 687 638 748 ad'centesimam
661 688 878 764 octogesimam
903 687 1113 766 olympiadem.
1145 688 1210 750 Sed
1224 689 1303 751 haec

127 793 227 853 omnia
243 809 261 853 3
282 791 436 851 catholicis
456 789 649 861 refelluntur,
675 797 706 851 et
723 789 754 849 S.
770 789 956 868 Augustinus
973 786 1027 870 (b)
1047 790 1222 853 decivitate
1244 792 1302 853 Dei

125 877 159 957 L.
184 893 286 958 XVIII.
313 892 393 957 (3.1.
418 892 506 966 dicit,
530 911 600 954 esse
623 892 858 954 mendacissime
883 893 1025 964 conficta,
1049 899 1081 953 et
1103 876 1242 972 reprobat
1265 913 1301 956 ex

127 1000 215 1061 dictIs
237 999 395 1070 Varronis,
428 998 479 1075 qui
502 998 603 1076 ponit,
631 995 749 1058 litteras
780 999 918 1058 iuventas
941 998 972 1056 in
994 994 1133 1076 Aegypto
1157 998 1192 1058 ab
1213 994 1302 1072 iside,

127 1109 196 1166 aute
220 1119 294 1181 quas
317 1098 464 1182 sapientia
486 1117 556 1161 esse
578 1119 638 1160 uon
664 1106 794 1179 poterat.

214 1205 318 1267 Tertio
340 1206 551 1267 nominabatur
582 1194 745 1283 3311331133
768 1202 945 1282 Mephaina,
975 1203 1079 1265 atilio
1104 1205 1213 1277 Cham,
1242 1204 1305 1266 utto

129 1310 230 1381 Noae,
253 1309 300 1372 vel
323 1308 491 1380 ItIesraiua,
515 1325 531 1368 a
551 1305 705 1380 Mesraim,
730 1306 968 1388 ejusdemiiho,
993 1308 1045 1385 qui
1067 1308 1109 1367 ihi
1132 1310 1229 1386 primo
1252 1307 1304 1369 ha·

125 1415 239 1476 bitasse
263 1411 374 1473 dieitur
395 1417 466 1490 post
488 1410 643 1475 diluvium.
689 1413 727 1490 Et
748 1411 794 1471 his
817 1411 988 1472 nominibus
1016 1409 1119 1471 multis
1144 1413 1227 1471 annis
1250 1411 1306 1472 1311

128 1521 296 1590 nominata;
313 1517 384 1581 nam
398 1516 508 1588 belus,
524 1517 638 1594 primus
652 1515 846 1596 Assyriorum
863 1535 933 1588 rex,
949 1515 1160 1587 Nimrodides,
1182 1515 1303 1596 Aegyp·

127 1628 194 1683 tum
225 1621 416 1691 inhabitavit,
451 1637 508 1681 333
540 1627 642 1682 tamen
672 1623 703 1680 in
735 1638 771 1681 ea
799 1622 910 1681 mansit
940 1639 997 1681 nec
1028 1638 1141 1681 nomeu
1171 1637 1188 1679 a
1219 1636 1253 1680 se
1277 1620 1306 1680 ei

126 1727 246 1796 tribuit,
280 1723 335 1784 sed
365 1741 432 1784 eam
455 1723 558 1784 Danao
589 1724 649 1784 tilio
673 1742 728 1784 suo
751 1723 890 1803 reliquit,
924 1727 975 1802 qui
997 1724 1067 1785 inde
1091 1723 1197 1802 pulsus
1220 1723 1305 1784 fratri

128 1847 184 1890 333
203 1825 335 1905 Aegysto
366 1812 472 1898 cessit,
506 1828 558 1906 qui
586 1845 747 1906 possessor
780 1827 846 1905 ejus
879 1830 1011 1888 existens
1034 1828 1203 1907 Aegystum
1236 1844 1304 1887 earn

127 1933 309 2002 nominavit,
344 1947 360 1990 a
390 1947 450 2008 quo
481 1936 642 1992 mutatos
675 1932 707 1991 iu
737 1930 937 2011 pAegyptus
968 1931 1047 1992 dicta
1078 1937 1125 1991 est
1153 1932 1304 2008 usquein

127 2038 208 2098 hunc
231 2035 321 2097 diem.
352 2035 529 2099 Nominatur
545 2036 636 2096 etiam
653 2034 756 2112 iomar
772 2034 885 2106 ferrea,
908 2036 1074 2096 Deuteron.
1094 2033 1155 2106 lv,
1178 2041 1304 2113 propter

128 2141 235 2203 duram
257 2139 441 2202 Iudaeorum
465 2141 643 2220 servitutem
665 2140 697 2199 iu
730 2139 847 2210 331333,
877 2140 941 2206 1313
971 2145 1003 2199 31
1024 2139 1128 2200 131333.
1175 2136 1304 2209 Quidam

125 2247 253 2325 insuper
268 2245 436 2314 aestimant,
455 2243 532 2303 hanc
553 2243 711 2320 regionem
724 2247 864 2320 tempore
878 2242 962 2309 Noae
979 2225 1091 2302 dictam
1104 2240 1304 2312 Hehocaram,

129 2346 216 2426 quod·
236 2345 324 2417 ,idem
351 2352 414 2418 est,
445 2363 537 2424 quam
564 2347 649 2422 regio
673 2346 763 2416 solis,
784 2348 815 2405 in
839 2364 930 2425 quam
953 2349 1035 2408 mIsit
1056 2348 1122 2408 Noe
1145 2346 1304 2408 Jonichum

128 2450 226 2513 filium
249 2466 355 2520 suum,
384 2449 486 2526 iquue
508 2445 734 2508 astronomiam
764 2449 892 2520 invenit,
923 2449 1196 2529 cujus-discipulus
1219 2450 1303 2511 Nim-

130 2552 187 2614 rod
203 2554 287 2630 gigas
303 2549 368 2611 fuit.
398 2550 444 2609 De
468 2551 526 2610 hoc
549 2551 683 2628 quuitur
695 2550 840 2630 Magister
855 2552 886 2637 in
900 2551 1032 2631 Speculo
1044 2553 1156 2643 histor.
1174 2552 1211 2614 de
1227 2554 1301 2614 Noa.

132 2657 184 2718 Sic
215 2673 287 2733 ergo
316 2657 399 2734 regio
427 2654 479 2715 iIIa
510 2654 618 2724 dicitur
638 2654 752 2728 Atrea,
784 2656 911 2728 Essaea,
942 2656 1117 2731 Heliocara,
1150 2656 1304 2718 Mesraina

130 2768 162 2822 et
189 2759 361 2839 Aegyptus,
399 2766 429 2821 et
459 2778 685 2839 nonnumquam
720 2767 783 2823 tota
811 2759 967 2840 Aegyptus
1006 2762 1114 2843 dicitnr
1151 2761 1304 2822 Thebaida

129 2883 147 2927 a
187 2866 354 2945 priucipate
392 2866 511 2928 civitate
549 2864 653 2926 Theba
690 2866 780 2938 dicta,
837 2866 882 2927 De
904 2864 1057 2945 'Aegypto
1100 2865 1173 2927 dicit
1208 2865 1305 2926 Hero·

127 2969 233 3043 dotus,
267 2970 348 3048 quod
379 2971 454 3031 olim
486 2989 547 3031 non
577 2970 670 3032 fuerit
692 2978 791 3043 terra,
824 2971 880 3032 sed
913 2987 1010 3041 mare,
1046 2969 1127 3048 quod
1153 2970 1303 3047 usquein

126 3074 318 3153 Aethiopiam
333 3073 585 3152 protendebatur,
610 3075 665 3135 sed
682 3093 719 3136 eo
732 3074 935 3142 decrescente
950 3075 1061 3143 mansit
1075 3060 1210 3152 pluribus
1227 3081 1303 3133 tern-

127 3179 252 3259 poribus
276 3184 357 3239 terra
380 3178 528 3258 paludosa
550 3174 762 3241 inhabitabilis.
792 3179 904 3240 Dicunt
926 3176 1108 3255 Aethiopes,
1131 3176 1305 3263 Aegyptum

126 3285 163 3344 ab
185 3284 271 3342 initio
295 3301 378 3344 mare
402 3282 515 3356 131333,
539 3283 593 3346 sed
609 3284 694 3344 Nilus
711 3283 749 3344 de
767 3300 873 3344 eorum
895 3289 977 3343 terra
997 3282 1070 3342 limo
1087 3281 1215 3343 abducto
1232 3299 1304 3340 con-

126 3389 276 3449 tinentem
298 3386 383 3474 iecit,
427 3384 491 3447 Imo
526 3405 632 3449 eorum
667 3369 936 3468 coloniametiam
955 3388 1128 3458 nominant,
1157 3383 1304 3444 Eusebius

127 3489 166 3551 de
189 3491 331 3569 Evangei.
354 3508 491 3570 praepar.
514 3489 548 3552 L.
565 3490 613 3553 IV.
638 3491 670 3552 C.
697 3489 724 3554 1.

130 3654 137 3663 ,
213 3595 268 3655 Est
298 3600 400 3659 autem
422 3592 577 3674 Aegyptus
609 3597 693 3674 regio
724 3591 1305 3670 1131333313333331133331333331

126 3701 294 3760 inaccessa.
340 3696 417 3777 Nam
447 3698 482 3759 ab
504 3698 670 3765 =occidente
697 3698 788 3759 habet
809 3714 892 3757 mare
916 3715 1077 3775 magnum,
1101 3696 1152 3756 ubi
1174 3714 1235 3755 non
1259 3700 1306 3754 est

127 3821 273 3866 33333333
297 3803 355 3864 3131
377 3822 432 3882 333
454 3821 562 3876 naves,
587 3809 618 3864 et
639 3803 697 3864 hoc
720 3805 752 3864 iu
767 3800 873 3882 paucis
896 3804 990 3875 locis,
1015 3802 1085 3879 quia
1106 3799 1192 3860 littus
1215 3798 1306 3858 habet

126 3911 360 3987 importuosum,
407 3908 516 3973 Contra
537 3906 674 3971 Africam
697 3915 744 3970 est
767 3908 923 3969 desertum
957 3924 1115 3986 magnum,
1145 3902 1307 3964 multarum

129 4012 313 4085 diaetarum,
336 4010 457 4093 Libyae.
502 4012 548 4074 Ab
573 4002 674 4074 austro
708 4020 756 4074 est
788 4011 942 4073 desertum
962 4011 1145 4088 Aethiopiae
1174 4026 1229 4085 per
1251 4005 1306 4068 XV

129 4116 253 4179 diaetas·
267 4133 365 4196 usque
387 4120 419 4179 in
440 4116 579 4178 Nubiam.
625 4114 670 4178 Ab
694 4119 810 4191 oriente
833 4116 915 4179 rero‘
935 4121 983 4176 est
1012 4114 1169 4175 desertum
1190 4109 1304 4170 Thebai

131 4220 188 4282 dae
210 4238 307 4300 usque.
330 4221 368 4286 da
382 4239 474 4293 ,mare
506 4222 631 4284 rubrum
653 4239 708 4300 per
733 4226 796 4285 tres
820 4219 934 4282 diaetas
958 4218 996 4280 ad
1017 4214 1153 4286 Ardeeh‚
1176 4204 1305 4293 'portum
