2874 4770
675 169 850 276 aas!

124 352 228 408 101000
252 347 398 424 strepitus
422 343 617 415 antecedunt,
640 343 751 422 magni.
787 341 835 404 Ad
857 345 1107 424 conspiciendum
1129 344 1188 405 boc
1211 344 1301 404 mira·

124 451 187 511 bile
210 456 334 511 naturae
359 448 532 509 incendium
556 449 639 508 venit
660 445 745 508 Plato
768 447 965 527 philosophus
988 448 1024 510 ab
1046 447 1172 510 Athenis
1199 449 1230 508 in
1253 447 1301 509 Si-

126 555 226 614 ciliam
259 561 289 614 et
312 557 447 639 montem
468 549 598 612 Aetnam
630 534 818 630 perlustrans
852 568 943 613 sensu
975 558 1006 612 et
1028 555 1142 613 ratione
1175 569 1298 613 causam

125 659 315 736 investigavit
329 659 444 735 ignium
459 655 588 716 illorum.
620 655 698 716 Huic
713 654 852 715 incendio
868 659 993 734 propter
1012 652 1078 732 ejus
1092 655 1301 718 exundantiam

127 769 280 841 comparat
301 763 406 822 beatus
429 759 630 839 Hieronymus
661 761 693 819 in
714 758 808 837 Epist.
842 759 878 820 ad
902 757 1021 819 Furiam
1045 757 1301 821 flammescentem

123 863 315 941 juventutem
338 863 458 925 dicens:
483 881 543 924 non
565 861 696 925 Aetnaei
717 864 820 940 ignes,
851 880 912 922 non
935 860 1079 924 Vulcania
1099 863 1208 934 telius,
1242 881 1302 925 uon

126 968 263 1029 Vesevus
288 975 318 1028 et
334 966 481 1046 Olympus
504 968 594 1027 tantis
611 965 767 1027 ardoribus
785 971 917 1036 aestuat,
940 972 974 1026 ut
985 963 1136 1041 juveniles
1153 965 1302 1027 medullae

127 1072 235 1151 plenae
269 1073 338 1134 vino
372 1076 403 1130 01
426 1067 586 1155 (19118)
613 1069 738 1149 dapibus
761 1068 978 1141 inflammatae;
1009 1087 1132 1147 semper
1154 1072 1235 1130 enim
1254 1069 1302 1146 ju·

124 1182 233 1238 ventus
255 1177 380 1237 incensa
403 1174 514 1244 lervel,
537 1174 633 1234 Aetna
657 1180 758 1234 autem
780 1191 835 1251 pro
860 1179 1015 1252 tempore,
1038 1180 1072 1234 ut
1094 1173 1216 1253 patebit.

213 1280 259 1340 De
282 1281 341 1341 hoc
364 1286 466 1340 monte
490 1261 620 1356 erumpit
644 1280 751 1356 igneus
774 1275 898 1349 liuvius,
930 1277 1095 1338 decurrens
1118 1286 1224 1340 contra
1247 1278 1303 1339 Ca·

125 1390 226 1444 tanam
248 1386 369 1455 urbem,
403 1399 472 1442 saxa
495 1388 666 1460 terramque
690 1380 903 1459 liquefaciens,
935 1383 1015 1441 sicut
1036 1381 1164 1443 habetur
1192 1384 1223 1442 in
1246 1380 1304 1444 Le·

127 1487 226 1568 genda
248 1487 280 1546 S.
303 1485 447 1565 Agatbae.
492 1485 603 1544 Dicunt
624 1486 765 1562 insuper,
799 1485 879 1562 quod
902 1485 952 1545 hic
975 1502 1062 1545 mons
1084 1483 1183 1546 Aetna
1205 1493 1303 1547 tantas

128 1593 249 1651 cineres
272 1588 371 1666 ejicit,
404 1594 437 1649 ut
460 1588 597 1649 civitates
621 1593 652 1647 et
675 1587 758 1647 villas
782 1590 899 1667 operiat
922 1595 953 1650 et
978 1589 1046 1650 loca
1068 1590 1162 1650 multa
1185 1590 1305 1652 deserta

127 1693 227 1754 iaciat.
271 1690 392 1770 Ignibus
424 1698 527 1752 tamen
558 1690 828 1751 nonobstantibus
852 1692 1084 1770 tantumirigus
1114 1695 1213 1754 estin
1237 1693 1304 1769 ejus

128 1798 320 1868 summitate,
341 1803 374 1856 ut
395 1796 551 1880 perpetuis
574 1796 690 1855 nivibus
714 1786 885 1854 candescat.
931 1795 1051 1856 incolae
1075 1796 1193 1869 dicunt,
1223 1796 1305 1874 quod

128 1898 293 1961 ilammatio
323 1901 452 1960 cessavit
479 1905 510 1959 01
542 1899 641 1960 solum
665 1898 765 1959 lumus
789 1901 945 1960 emittitur.
991 1899 1051 1962 Sed
1075 1901 1147 1979 quid
1170 1904 1303 1962 sentien-

127 2003 200 2064 dum
223 2006 261 2064 sit
284 2003 322 2064 de
345 2005 411 2064 istis
435 2003 607 2082 ardentibus
631 2003 802 2073 montibus,
834 2009 865 2062 01
887 2002 966 2063 unde
991 2006 1030 2064 sit
1052 2005 1131 2081 ignis
1159 2004 1224 2075 ille,
1257 2005 1303 2065 di-

126 2125 214 2170 versa
237 2115 284 2169 est
307 2106 422 2168 relatio.
466 2106 543 2166 Nam
565 2106 652 2166 aliter
675 2105 712 2166 de
736 2105 794 2169 hoc
817 2106 980 2184 loquuntur
996 2111 1134 2187 poeticae
1155 2109 1302 2180 iictiooes,

127 2213 214 2272 aliter
236 2212 403 2290 vulgarium
425 2211 598 2289 opiniones,
629 2209 715 2270 aliter
746 2209 927 2270 naturalium
951 2209 1180 2289 descriptiones.
1226 2211 1304 2273 Nam

126 2323 235 2395 poetae
259 2315 376 2387 dicunt,
399 2313 480 2393 quod
502 2314 577 2374 haec
599 2313 697 2374 insuia
720 2318 790 2373 ante
806 2312 913 2374 iovem
927 2312 1019 2374 inerit
1037 2313 1180 2376 habitatio
1196 2315 1304 2391 Cyclo·

127 2438 209 2498 pum.
255 2420 347 2479 Erant
371 2423 473 2478 autem
496 2415 646 2496 Cyclopes
670 2418 825 2497 gigantes,
860 2417 959 2477 solum
982 2436 1077 2478 unum
1107 2419 1253 2480 habentes
1275 2421 1306 2479 in

127 2521 227 2581 fronte
243 2520 378 2591 oculum,
404 2527 435 2580 et
449 2517 622 2580 babitabant
636 2521 667 2580 in
683 2520 776 2579 antris
792 2518 971 2581 devorantes
984 2520 1121 2581 homiues
1137 2528 1169 2582 et
1181 2522 1304 2584 bestias.

128 2623 216 2685 Unde
239 2623 329 2702 longa
352 2629 491 2684 contexta
515 2629 562 2683 051
576 2622 717 2693 historia,
742 2623 894 2700 quomodo
909 2621 1033 2702 Ulysses
1050 2642 1120 2686 cum
1136 2627 1226 2686 500115
1243 2627 1305 2687 5010

127 2728 315 2808 naufragium
345 2745 452 2807 passus
483 2729 566 2788 venit
593 2729 622 2787 in
647 2726 780 2787 Siciliam
813 2729 843 2787 in
874 2727 1001 2788 insulam
1037 2735 1068 2788 et
1091 2727 1164 2789 vidit
1186 2729 1227 2789 ibi
1252 2728 1304 2789 ho-

127 2835 240 2894 minem
262 2835 416 2910 ingentem
439 2830 580 2892 villosum
604 2836 635 2890 et
656 2829 822 2909 hispidum,
857 2848 965 2910 greges
989 2831 1191 2910 mulgentem,
1216 2838 1246 2892 et
1269 2833 1304 2893 ab

125 2944 210 2999 antro
234 2955 290 2997 suo
313 2936 413 2997 solum
436 2940 627 3002 amoventem
649 2934 795 3025 lapidem,
832 2953 923 3014 quem
951 2955 1073 2999 movere
1096 2939 1304 3017 nequivissent

123 3041 196 3121 juga
217 3043 309 3103 boum
332 3039 398 3101 XX.
437 3036 532 3115 Cujus
555 3046 674 3100 antrum
697 3022 853 3117 ingressus
877 3058 946 3101 cum
969 3043 1060 3102 sociis
1083 3040 1208 3121 Ulysses
1232 3060 1303 3103 eum

128 3148 223 3207 oravit
243 3147 374 3206 amicum
395 3143 471 3205 fieri.
517 3142 647 3224 Cyclops
670 3150 772 3204 autem
791 3146 904 3224 sprevit
927 3144 1046 3218 dicens,
1081 3138 1114 3207 se
1137 3148 1228 3207 etiam
1252 3145 1303 3206 Jo-

125 3253 171 3312 vis
194 3252 339 3312 amicitias
363 3267 423 3309 non
447 3265 561 3320 curare,
586 3255 625 3318 et,
650 3250 745 3329 captis
768 3248 885 3309 duobus
909 3267 945 3310 ex
967 3252 1057 3311 sociis
1074 3248 1206 3329 Ulyssis,
1235 3249 1304 3309 illos

127 3353 287 3433 discerpsit
310 3359 341 3414 et
364 3352 525 3415 devoravit.
572 3350 671 3424 Quare
703 3360 874 3414 commotus
897 3351 1023 3431 Ulysses
1057 3356 1200 3432 cogitarit
1234 3370 1304 3412 eum

127 3460 283 3529 occidere,
307 3457 363 3519 'sed
385 3458 455 3536 quia
477 3475 538 3516 non
561 3458 658 3535 potuit
680 3462 741 3517 tam
764 3457 919 3533 ingentem
935 3455 1047 3515 molem
1068 3455 1104 3515 ab
1127 3457 1204 3515 ostio
1228 3458 1305 3517 antri

126 3581 281 3635 amovere,
318 3561 442 3623 destitit.
486 3558 578 3621 Mane
602 3560 732 3638 Cyclops
764 3560 838 3621 alios
873 3558 950 3619 duos
983 3558 1114 3620 comedit
1146 3558 1183 3619 de
1213 3561 1304 3620 sociis

126 3665 259 3746 Ulyssis,
284 3672 315 3727 et
338 3667 442 3726 exiens
467 3666 553 3742 gigas
578 3662 708 3726 advolvit
732 3681 836 3723 saxum
870 3668 901 3724 et
925 3661 1067 3742 Ulyssem
1090 3682 1158 3725 cum
1181 3664 1303 3742 reliquis

127 3773 218 3834 sociis
240 3771 374 3831 inclusos
397 3769 518 3847 reliquit
550 3774 672 3829 etcum
696 3768 837 3846 gregibus
863 3766 899 3828 ad
921 3784 1033 3847 pascua
1057 3767 1136 3828 abiit.
1178 3767 1304 3844 Ulysses

127 3883 227 3937 autern
251 3876 371 3936 clausus
394 3876 549 3952 ingentem
570 3872 710 3934 baculum
734 3874 813 3933 acuit
838 3877 868 3932 et
890 3874 922 3933 in
947 3890 1040 3952 specu
1056 3873 1222 3943 abscondit,
1245 3874 1303 3953 Cy-

128 3980 214 4059 clops
237 3987 339 4041 autem
362 3978 483 4039 rediens
507 3976 580 4037 aiios
604 3977 680 4038 duos
705 3975 845 4048 comedit,
868 3974 993 4056 Ulysses
1017 3984 1134 4050 autem,
1158 3984 1190 4051 ut
1213 3980 1304 4038 mise·

126 4081 276 4145 1100τάοω
300 4100 370 4144 eum
392 4081 517 4151 iaceret,
541 4079 648 4141 obtulit
671 4078 779 4141 cadum
803 4081 909 4159 optimi
923 4081 1000 4153 vini,
1024 4098 1084 4159 quo
1108 4086 1211 4161 potato
1234 4098 1304 4159 pro·

129 4187 213 4248 misit
233 4187 388 4259 misereri,
410 4187 437 4247 si
459 4184 552 4249 alium
575 4181 684 4245 cadum
706 4182 843 4256 offerret,
867 4191 897 4245 et
921 4172 999 4245 cum'
1013 4186 1137 4246 tertium
1159 4189 1305 4264 potasset,

1032 4297 1094 4350 22⁸
