2874 4770
693 155 757 225 299

137 334 255 397 cinctiis
277 331 428 394 involutus
458 332 490 392 ln
511 329 623 395 iratum
650 331 805 411 projectus
833 330 1023 410 protundum.
1047 331 1135 411 petiit
1167 322 1313 408 sibiipsi

137 436 332 515 sepulchrum
355 446 522 514 quaerens,
554 435 592 495 de
623 434 710 512 cujus
740 442 838 496 morte
869 453 929 495 non
953 435 1064 496 multus
1087 434 1225 513 planctus
1248 431 1312 506 luit,

138 540 193 602 sed
216 558 288 602 suae
305 548 343 615 ,et
365 549 485 601 nostrae
509 540 677 600 liberationi
701 539 989 618 congratulabamur.

226 643 266 704 Ut
289 651 390 705 autem
414 644 562 723 aspirabat
586 643 659 713 dies,
683 642 762 704 iacto
786 642 951 705 hortatorio
967 643 1168 721 clamorcper
1183 641 1312 701 classem

137 751 311 812 roraverunt
334 748 499 818 anchoras,
529 754 560 807 et
583 748 683 808 soluta
705 746 803 807 classe
824 746 864 806 de
889 753 976 824 portu
999 763 1068 805 oum
1092 747 1195 823 quiete
1218 747 1310 807 exivi-

137 872 203 913 mus
239 853 323 913 etin
347 852 440 912 altum
475 868 558 912 mare
595 853 731 911 venimus
763 849 915 910 secundos
947 855 1160 926 exspectantes
1194 837 1311 911 ventos.

134 954 245 1034 Magno
269 973 341 1035 ergo
364 962 472 1014 conatu
497 960 529 1014 et
550 956 664 1031 ingenti
688 954 873 1031 galeotarum
896 953 998 1014 labore
1030 959 1134 1012 contra
1164 951 1232 1012 ireti
1254 954 1311 1012 im·

136 1066 238 1138 petum
262 1057 458 1128 tetendimus,
483 1057 539 1118 sed
560 1058 633 1118 nihil
660 1057 859 1136 proiecimus,
882 1065 913 1118 et
927 1057 1013 1119 valde
1027 1057 1175 1135 poenituit
1191 1063 1311 1133 portum

134 1163 224 1226 Nium
247 1162 422 1241 reliquisse;
446 1163 518 1224 victi
548 1163 589 1222 ibi
612 1179 628 1222 a
651 1168 741 1224 vento
764 1139 872 1238 rejecti
895 1179 999 1222 sumus
1022 1162 1052 1220 in
1079 1157 1242 1236 Cycladum
1265 1161 1311 1220 in-

134 1267 215 1328 sulas
249 1264 280 1328 et
301 1266 430 1327 insulam
453 1266 569 1327 Niaiam
592 1267 840 1343 praeterivimus,
874 1282 951 1342 quae
974 1266 1161 1340 importuosa
1184 1270 1246 1333 est,
1268 1263 1311 1322 si-

133 1372 243 1433 militer
266 1371 396 1432 insulam
424 1369 521 1430 Paron
546 1368 734 1440 dimisimus,
757 1369 926 1446 quaelicet
948 1376 1068 1446 portum
1094 1367 1219 1436 habeat,
1244 1384 1307 1426 non

134 1481 235 1536 tamen
258 1467 357 1535 tantae
382 1474 486 1534 classis
510 1490 662 1550 capacem.
708 1472 741 1534 ln
764 1473 820 1534 hac
842 1475 957 1544 insula,
982 1491 1059 1553 qnae
1090 1474 1172 1552 prius
1195 1469 1310 1531 Minoia

134 1576 302 1646 dicebatur,
327 1577 457 1655 gignitur
480 1575 728 1638 candidissimum
752 1588 898 1647 marmor,
931 1576 1009 1655 quod
1033 1576 1174 1636 Parinum
1197 1558 1310 1646 dicunt,

134 1685 166 1739 et
188 1662 330 1739 Venetiae
354 1678 482 1740 ducitur.
527 1679 668 1740 Nascitur
690 1682 780 1740 ctiam
804 1681 894 1740 inea
917 1680 1041 1741 Sardius
1064 1679 1155 1759 lapis,
1188 1680 1238 1756 qui
1263 1685 1310 1738 est

135 1801 285 1845 marmore
303 1786 510 1862 praestantior.
542 1783 575 1844 ln
599 1784 700 1845 medio
717 1791 818 1853 autem
833 1785 998 1851 insularum
1013 1782 1203 1868 rapidissimo
1220 1793 1310 1841 cursu

134 1894 238 1947 contra
271 1887 419 1967 aquilonis
449 1888 567 1967 plagam
591 1890 795 1968 processimus
829 1896 914 1967 terga
935 1869 1096 1949 uertentes
1121 1893 1224 1946 nostro
1248 1891 1307 1944 tra·

132 1992 196 2051 miti
230 1998 261 2051 et
292 1993 322 2051 in
355 1999 475 2070 portum
502 1990 659 2069 cujusdam
688 1991 841 2053 insulae
821 1993 963 2070 ingressi
985 2008 1096 2050 naves
1093 1989 1308 2050 stabilivimus.

131 2094 220 2156 Hunc
254 2101 376 2178 portum
411 2098 605 2162 nominabant
594 2095 835 2168 tSchcianum,
867 2103 898 2156 et
926 2102 990 2156 erat
1020 2095 1177 2166 d,esertus
1211 2093 1308 2203 nullas

130 2197 243 2259 habens
266 2198 483 2271 habitationes,
506 2201 579 2260 satis
602 2206 703 2260 tamen
728 2216 821 2299 capax
843 2205 888 2260 et
897 2184 1032 2261 securus.

217 2301 249 2362 Si
272 2317 380 2362 narem
408 2304 505 2363 ventis
537 2304 812 2374 commisissemus
845 2321 934 2382 quarn
963 2304 1064 2363 'statim
1092 2300 1129 2362 ad
1150 2301 1308 2361 Patbmum

130 2403 258 2463 insulam
282 2405 420 2481 provecti
436 2400 604 2465 ·iuissemus
628 2413 659 2466 et
686 2404 858 2484 expeditum
881 2408 940 2465 iter
961 2405 1170 2480 habuissemus
1192 2406 1222 2464 in
1238 2421 1307 2481 pro·

132 2506 247 2567 vincias
263 2503 388 2565 Minoris
404 2506 509 2578 Asiae,
532 2510 563 2569 in
581 2507 698 2569 Cariam
720 2509 846 2578 scilicet,
869 2508 900 2574 in
923 2525 982 2585 qua
1004 2507 1202 2585 estEphesns
1226 2506 1306 2588 urbs,

130 2610 160 2667 in
184 2606 322 2686 Lydiam,
353 2611 384 2669 in
408 2624 466 2686 qna
490 2617 536 2670 est
559 2610 649 2671 sedes
673 2614 794 2689 antiqua
817 2629 936 2690 regum,
971 2628 1061 2690 quam
1083 2609 1196 2671 Pactoli
1227 2609 1307 2671 unda

131 2711 235 2771 extulit
258 2714 287 2772 in
305 2712 422 2774 divilias
438 2714 625 2789 torrentibus,
637 2716 745 2785 aureis,
769 2716 800 2775 iu
816 2733 874 2792 qua
889 2713 987 2775 Midas
1003 2732 1062 2785 rex,
1087 2716 1138 2793 qni
1155 2711 1305 2779 aBaccho

129 2817 350 2893 impetraverat,
376 2823 409 2877 ut
425 2817 570 2897 quidquid
586 2824 734 2896 tangeret,
758 2819 972 2906 aurumliieret,
997 2825 1134 2882 mortuus
1151 2816 1305 2900 projectus

127 2918 192 2981 init.
225 2919 280 2979 llio
304 2918 412 2980 iluvius
432 2919 515 2997 juxta
540 2923 692 2982 civitatem
715 2923 875 3000 Smyrnam
900 2921 1032 2985 decurrit
1063 2920 1191 3001 ejusque
1217 2939 1304 3000 agros

127 3025 238 3101 irrigat.
283 3024 502 3086 Habuissemus
534 3028 624 3107 etiam
656 3027 828 3105 expeditum
851 3045 934 3088 mare
958 3034 989 3088 et
1011 3035 1134 3088 ventum
1158 3028 1188 3086 in
1211 3024 1304 3103 Phry·

128 3129 223 3205 giam,
245 3129 278 3187 in
301 3130 455 3205 regionem
479 3127 638 3200 Troadem,
662 3132 692 3190 in
706 3149 763 3208 qua
780 3139 825 3192 cst
840 3130 925 3192 lliurn
943 3133 1007 3192 sive
1024 3129 1129 3207 Troja,
1154 3136 1184 3189 et
1201 3128 1304 3209 Olym-

127 3248 184 3309 pus
207 3249 307 3303 mons,
338 3251 398 3292 non
421 3233 472 3293 illc
495 3232 726 3304 Macedonicus,
763 3234 818 3295 sed
841 3236 931 3306 alius,
966 3241 998 3295 et
1020 3234 1090 3294 urbs
1114 3232 1240 3302 Nicaea,
1272 3234 1304 3291 in

127 3351 186 3412 qua
210 3353 287 3395 anno
303 3334 424 3396 Domini
440 3334 504 3399 314
527 3339 676 3399 celebrata
701 3346 748 3399 est
762 3356 877 3416 ¹magna
901 3338 1035 3417 synodus
1057 3337 1199 3406 Nicaena,
1224 3336 1304 3411 epis·

127 3455 272 3518 ooporunr
295 3434 360 3500 318
382 3456 437 3516 pro
460 3442 631 3502 nationibus
653 3443 745 3503 totius
768 3426 873 3502 mundi
889 3442 1100 3502 clamantium:
1124 3441 1204 3498 vivat
1219 3435 1303 3496 Chri·

126 3548 208 3611 stus,
232 3543 287 3602 sub
311 3541 466 3619 sylvestro
490 3561 566 3621 papa
589 3550 621 3604 et
645 3544 841 3605 Constantino
865 3541 976 3622 Magno
1000 3545 1193 3619 imperatore.

212 3633 411 3705 venissemus
443 3649 533 3706 etiarn
556 3647 616 3707 levi
645 3649 834 3726 navigatione
868 3648 898 3707 in
920 3644 1048 3711 Pontum
1071 3644 1241 3722 Bithyniae,
1272 3642 1323 3702 in‘

125 3764 183 3824 qua
206 3754 254 3807 cst
276 3748 455 3809 Nicomedia
486 3749 575 3820 urbs,
608 3752 639 3810 in
662 3768 721 3829 qua
753 3750 840 3811 beata
862 3735 992 3811 barbara
1024 3752 1106 3827 virgo
1138 3755 1169 3808 et
1192 3752 1303 3824 martyr

125 3857 194 3911 nata
217 3856 248 3912 et
270 3854 370 3913 occisa
392 3852 464 3924 luit,
497 3861 529 3914 et
561 3854 647 3914 multi
678 3854 728 3914 alii
761 3861 917 3933 martyres.
963 3853 1014 3914 Est
1043 3855 1135 3925 etiam
1167 3852 1207 3912 ibi
1231 3849 1303 3910 urbs

126 3952 313 4025 Chalcedon,
336 3957 367 4015 in
391 3973 450 4034 qua
472 3959 559 4017 beata
581 3956 749 4035 Euphemia
772 3961 947 4048 martyrium
969 3957 1100 4036 pertulit,
1124 3956 1209 4034 cujus
1234 3974 1301 4016 cor·

125 4074 180 4132 pue
203 4060 382 4122 miraculose
405 4063 435 4121 in
459 4061 607 4122 liubinam
621 4061 752 4123 Histriae
775 4065 866 4134 venit,
888 4070 922 4124 ut
944 4069 1026 4141 patet
1048 4061 1111 4122 Fol.
1128 4057 1191 4122 203
1204 4060 1240 4120 A.
1257 4062 1302 4135 B,

125 4156 158 4217 ln
178 4176 238 4237 qna
260 4165 351 4225 etiam
367 4181 454 4235 -anno
476 4164 599 4225 Domini
622 4160 688 4229 454
710 4166 765 4227 suh
789 4164 897 4228 Leone
913 4178 991 4246 papa
1013 4168 1130 4246 primo,
1151 4164 1301 4232 Martiano
