2874 4770
125 562 252 638 [cisitu
253 572 337 643 flou
362 597 467 639 eorum
490 582 597 657 patet
589 598 619 640 ιιι
635 581 733 658 capite
837 454 935 669 d..
945 575 1026 657 quod
1041 576 1159 655 Joseplr
1177 579 1317 639 oocnrrit
1383 602 1384 671 j

125 679 203 757 patri
225 666 317 753 ιιιῶ
347 684 379 743 in
402 681 530 743 Gessem
564 688 595 741 et
626 700 686 742 non
716 672 825 769 ιιιῆξι,
845 670 861 755 J'
904 658 1039 751 ilamen,¹
1062 681 1144 756 quod
1177 681 1221 741 ibi
1256 683 1314 742 sibi
1383 674 1384 679 ’

126 785 306 856 occurrerit,
329 785 402 845 nihil
424 786 537 864 legitur
559 791 659 845 tamen
682 784 721 845 dc
743 784 836 846 fonte.
881 784 995 845 Verum
1018 789 1119 843 tamen
1140 783 1205 860 ipsi
1222 801 1313 843 meu-

126 882 279 947 dacissirni
299 886 405 948 ludaei
427 889 566 949 nolentes
589 905 704 971 veruna¹
717 886 829 948 dicunt.
874 887 928 949 Est
949 888 1033 947 enirn
1054 902 1109 964 pro
1135 892 1225 946 cerlo
1241 887 1312 948 fons

124 985 252 1068 loseph,
282 991 385 1068 sponsi
415 992 578 1052 castissimi
599 992 796 1053 intemeratae
819 989 949 1068 Virginis
971 986 1102 1058 Mariae,
1135 990 1211 1066 quia
1241 991 1313 1068 ipse

124 1091 260 1153 seruiens
283 1093 453 1171 eillirgiui
477 1099 509 1154 et
530 1109 627 1171 puero
648 1093 747 1172 primo
781 1111 857 1171 aqua
887 1091 977 1169 hujus
1008 1090 1099 1152 fontis
1129 1108 1209 1152 usus
1240 1099 1311 1163 est3

123 1192 276 1465 Qu
298 1198 464 1275 incongrue
487 1214 598 1256 nomen
621 1196 659 1256 ab
682 1198 748 1274 ipso
771 1197 907 1265 sortitur,
931 1196 1010 1254 sicut
1031 1195 1214 1272 plerumque
1240 1195 1313 1255 loca

142 1368 145 1373 ,
268 1304 317 1359 tur
339 1298 374 1359 ab
397 1299 474 1370 illis,
498 1299 550 1376 qui
573 1314 609 1358 ea
632 1299 730 1378 primo
745 1296 946 1358 incoluerunt.
977 1296 1019 1356 Ex
1034 1296 1081 1357 his
1096 1302 1200 1375 patet,
1224 1291 1314 1376 quod

123 1382 201 1469 ἡ
237 1392 269 1462 ἰ
298 1400 389 1462 habet
419 1403 475 1463 tria
505 1402 627 1462 nomina
656 1402 937 1478 congruentissima.
984 1400 1118 1461 Gentiles
1146 1401 1313 1461 nominant

123 1519 195 1564 enm
216 1503 333 1564 iontem
347 1503 437 1575 solis;
461 1503 621 1564 Christiani
634 1503 751 1564 iontem
765 1502 895 1581 Virginis
910 1501 1041 1575 Mariae3
1064 1501 1172 1564 ludaei
1187 1503 1313 1566 iontem

123 1604 246 1684 loseph.
290 1606 371 1771 ἵε
393 1607 466 1667 solis
495 1609 608 1686 optime
637 1605 762 1677 dicitur,
797 1608 866 1684 quia
898 1606 1049 1677 cbristus,
1080 1607 1126 1666 sol
1154 1605 1312 1683 justitiae,

123 1708 282 1787 primodo
353 1702 500 1788 potatur,
533 1724 632 1789 aquo
665 1710 756 1771 etiam
787 1707 827 1779 de
849 1715 947 1769 terrae
970 1710 1136 1770 visceribus
1158 1715 1312 1770 evocatur

123 1811 155 1870 ln
177 1811 225 1870 sui
248 1811 443 1890 obsequium
466 1830 526 1873 non
550 1815 630 1874 euim
654 1819 702 1873 est
723 1808 886 1913 idus-'illins
901 1812 989 1883 solis,
1013 1813 1064 1889 qui
1082 1811 1189 1872 dulces
1206 1827 1308 1890 aquas

124 1912 268 1992 decoquit
290 1920 322 1974 et
343 1914 438 1974 salsas
461 1914 545 1986 lacit,
568 1913 623 1975 sed
639 1914 738 1985 illius,
762 1916 814 1992 qui
829 1900 950 1976 omnim
966 1912 1198 1975 amaritudinem
1217 1914 1311 1986 tollit,

123 2033 160 2077 ex
184 2033 243 2095 quo
265 2017 372 2077 similis
395 2022 443 2078 est
464 2017 540 2078 lonti
563 2016 645 2078 dicto
667 2015 749 2088 Alis,
772 2021 824 2097 qui
847 2018 922 2079 adeo
946 2017 1050 2078 dulces
1067 2021 1185 2077 eructat
1199 2033 1311 2094 aquas,

124 2119 206 2200 quod
229 2122 280 2200 qui
302 2121 425 2192 biberit,
459 2137 516 2180 uec
545 2122 647 2182 vinum
669 2136 727 2180 nec
750 2123 878 2182 siceram
903 2123 1026 2199 appetit.
1073 2117 1186 2179 Similis
1210 2121 1311 2180 etiam

123 2229 172 2287 est
189 2221 283 2295 Lino,
306 2225 382 2286 fonti
397 2221 549 2295 Boeciae,
573 2222 611 2283 de
635 2239 695 2301 quo
718 2221 791 2285 dum
814 2223 923 2284 mulier
944 2223 1018 2283 bibit
1041 2221 1152 2283 sterilis
1175 2219 1309 2282 locuun-

123 2327 247 2389 ditatem
269 2316 451 2400 tribulium
480 2326 539 2387 hoo
569 2327 642 2389 solis
674 2326 806 2388 cilicium
839 2343 1010 2397 assumens,
1041 2327 1111 2404 quia
1133 2323 1310 2385 secundum

121 2429 317 2492 Aristotelem
340 2430 432 2491 homo
455 2431 608 2492 homiuem
631 2437 757 2511 generat
778 2436 810 2490 et
832 2428 886 2490 sol.
932 2428 1017 2490 Alius
1040 2427 1107 2489 lons
1129 2431 1254 2506 potatus
1276 2429 1309 2488 in

124 2533 233 2596 cadem
255 2536 409 2612 provincia
433 2536 598 2595 abortivum
621 2535 686 2595 lieri
708 2551 768 2593 non
791 2532 953 2610 permittit,
977 2530 1048 2591 dum
1071 2515 1178 2590 mulier
1193 2546 1307 2608 praeg-

123 2654 196 2698 nans
221 2636 259 2696 de
282 2652 318 2695 eo
340 2635 430 2706 bibit,
453 2635 534 2714 quod
556 2639 648 2696 etiam
668 2636 779 2697 virtute
803 2634 874 2694 solis
898 2636 929 2694 in
944 2651 1020 2712 aqua
1037 2638 1145 2712 agente
1160 2631 1203 2691 fit.
1250 2631 1309 2693 Est

125 2741 218 2829 etlsp
237 2737 313 2798 alius
335 2737 403 2798 fons
426 2738 498 2799 solis
522 2738 554 2799 in
575 2741 709 2811 oriente,
740 2755 777 2800 ex
801 2736 887 2814 cujus
911 2739 995 2816 aquis
1018 2733 1192 2798 accenditur
1213 2740 1320 2813 grae-'

124 2856 178 2904 cas
199 2832 292 2920 iguis,
315 2842 368 2920 qui
391 2847 551 2920 postquam
573 2841 770 2903 vehementer
792 2858 939 2921 accensus
962 2835 1017 2921 (b)
1040 2839 1145 2909 luerit,
1178 2839 1227 2898 vix
1251 2844 1308 2899 aut

175 3020 202 3033 Γ
268 3012 288 3047 :r
310 2946 457 3023 exstingui
486 2946 613 3024 poterit,
644 2947 702 3006 nisi
734 2944 901 3061 accinendi
922 2944 1051 3004 hominis
1074 2944 1158 3002 urina
1182 2943 1287 3058 ³¹¹²..
1256 2959 1326 3002 ιιι--

122 3359 205 3419 ionte
227 3364 348 3427 nostro,
380 3355 435 3418 sed
466 3376 526 3417 non
548 3359 718 3419 virtuosior.
763 3357 820 3418 llio
853 3355 920 3416 fons
942 3355 1008 3416 sole
1030 3361 1173 3432 surgente
1195 3353 1305 3431 incipit

122 3463 234 3524 habere
257 3477 349 3539 aquas
373 3460 504 3538 tepidas,
529 3462 701 3522 calescente
725 3460 851 3521 meridie
874 3460 963 3520 habet
987 3475 1079 3537 aquas
1102 3455 1239 3534 frigidas,
1256 3456 1305 3528 ,ad

121 3581 280 3643 vesperam
303 3562 464 3623 inclinante
488 3565 598 3623 iteruin
622 3566 751 3641 tepescit
774 3580 867 3642 aqua,
891 3569 981 3622 nocte
1001 3567 1102 3622 autem
1118 3562 1304 3636 intempesta

121 3667 211 3728 habet
234 3681 326 3743 aquas
349 3662 493 3735 fervidas,
527 3661 557 3725 et
581 3665 652 3725 dum
676 3665 740 3726 dies
764 3667 984 3745 appropinquat
1004 3666 1115 3724 iterum
1137 3665 1168 3722 in
1190 3659 1302 3740 tepidi-

121 3775 215 3829 tatem
238 3767 399 3827 revertitur
421 3772 451 3826 ct
474 3767 517 3827 sic
541 3767 665 3829 cottidie
688 3771 861 3847 perenniter
884 3774 1017 3828 mutatur
1038 3768 1156 3848 actione
1172 3765 1303 3826 mirabili

121 3869 203 3930 solis.
249 3869 302 3930 Est
325 3869 416 3928 etiam
439 3868 506 3930 fons
529 3871 602 3932 solis
627 3872 707 3950 apud
730 3856 943 3942 Garamantes,
967 3872 1019 3948 qui
1041 3873 1082 3930 ita
1104 3869 1230 3948 frigidus
1253 3876 1303 3930 est

121 3971 185 4032 sole
209 3972 343 4042 lucente,
376 3976 409 4030 ut
431 3990 447 4033 a
469 3973 551 4034 nullo
575 3974 635 4036 bibi
657 3976 771 4053 possit,
805 3974 869 4034 sole
898 3991 970 4035 vero
994 3972 1152 4033 occidente
1175 3973 1216 4032 ita
1239 3971 1300 4033 ler-

122 4076 234 4146 vesoit‚
258 4082 291 4137 ut
312 4091 402 4135 nemo
426 4080 522 4155 possit
545 4096 666 4139 manum
690 4079 756 4136 sine
780 4076 939 4137 adustione
960 4078 1135 4136 immittere.
1180 4074 1226 4134 De
1241 4074 1302 4137 hoc

123 4176 205 4240 lonte
228 4177 355 4246 babetur.
375 4177 562 4258 Augustinus
594 4179 632 4241 de
662 4179 783 4241 civitate
806 4179 863 4241 Dei
885 4177 921 4240 ll.
966 4178 1051 4240 llaec
1080 4178 1127 4239 sol
1154 4177 1302 4240 naturalis
1357 4176 1364 4189 '
