2874 4770
686 170 752 240 321

130 357 234 433 pestus
257 368 366 416 sonum
387 351 521 412 tonitruo
543 348 676 411 similem
697 333 813 417 reddit,
843 344 917 407 dum
943 346 1073 426 alonge
1101 345 1240 418 auditur,
1272 344 1313 407 de

130 473 228 535 prope
251 474 323 517 vero
348 470 561 534 campanarum
585 459 616 513 et
637 469 802 512 vacuorum
816 467 958 511 vasorum
973 455 1026 511 aut
1039 449 1311 511 tintinnabulorum

131 560 223 625 habet
244 578 371 632 sonum,
395 558 504 619 fluctus
527 558 608 616 enim
630 556 671 616 ibi
695 555 732 615 ad
754 571 864 632 magna
886 553 959 613 illisi
980 570 1050 612 sara
1072 571 1193 614 sursum
1207 553 1310 613 feruu-

132 670 182 723 tur
212 681 318 742 spuma
349 661 476 723 mirabili
514 661 612 732 edita,
646 661 754 737 partim
785 677 801 718 a
830 658 910 718 locis
943 659 1082 720 concavis
1115 659 1313 720 absorbentur

132 769 261 828 maximo
286 766 375 827 edito
409 765 529 843 fragore
553 771 585 824 et
607 764 750 841 strepitu,
785 760 880 832 adeo,
912 766 945 820 ut
968 763 1013 820 cis
1044 762 1120 822 locis
1151 765 1310 840 appropin-

131 878 259 948 quantes
284 889 321 932 eo
344 871 445 930 sonitu
469 868 738 946 perculsi-timore
762 867 929 936 tabescant,
953 882 1035 924 mare
1056 867 1136 925 enim
1150 883 1312 927 accurrens

132 977 243 1036 cavatis
266 976 341 1035 locis
364 993 423 1035 non
448 971 571 1032 illiditur
594 969 730 1031 cautibus
755 975 784 1029 et
807 969 951 1047 scopulis,
967 965 1023 1050 (ir)
1047 967 1104 1028 sed
1126 969 1313 1031 subintrabat

130 1084 283 1150 montem,
306 1095 375 1138 narn
398 1084 480 1139 totus
502 1075 622 1136 videtur
644 1076 686 1135 ibi
709 1091 802 1154 super
824 1091 908 1134 mare
932 1073 1084 1152 pendere,
1116 1076 1185 1152 quia
1208 1082 1312 1134 contra

130 1199 214 1242 mare
237 1179 454 1260 penitus-nullo
469 1179 607 1248 fulcitur,
630 1179 685 1238 sed
709 1183 756 1238 est
780 1196 870 1239 cavus
888 1183 985 1249 totus,
1010 1184 1043 1238 et
1065 1180 1097 1238 in
1119 1181 1186 1257 ipso
1210 1185 1312 1239 monte

130 1284 202 1345 facit
226 1303 308 1348 mare
331 1303 441 1363 sonum
465 1290 494 1344 et
518 1284 689 1360 strepitum.

219 1389 297 1449 Dum
321 1391 362 1451 ibi
385 1391 605 1470 spatiarcmur,
628 1384 758 1464 quodam
785 1385 905 1445 occulto
928 1388 1036 1445 timore
1069 1404 1152 1446 eram
1174 1386 1312 1461 affectus,

132 1499 272 1554 metuens
296 1492 406 1554 resolvi
430 1496 565 1552 montem
595 1497 625 1550 et
647 1488 724 1562 labi,
757 1492 836 1549 sicut
869 1507 928 1549 una
961 1489 1078 1551 dierum
1109 1489 1312 1553 indubitanter

116 1598 303 1675 ,contingen
335 1615 404 1658 nam
426 1613 509 1655 marc
533 1595 634 1673 ipsum
660 1600 745 1653 cavat
768 1601 903 1653 montem
926 1602 956 1653 et
979 1597 1121 1654 continue
1144 1595 1225 1656 rodit
1253 1615 1311 1656 uec

133 1705 180 1759 est
203 1706 298 1770 status
321 1716 393 1759 suae
417 1699 618 1768 corrosionis,
647 1697 769 1757 tandem
792 1707 894 1758 antem
916 1701 1082 1759 consumtis
1105 1698 1310 1760 fundamentis

131 1805 249 1864 ruinam
272 1805 401 1881 patietur
423 1820 510 1862 mons
533 1804 601 1872 iste.
641 1802 693 1862 Sic
716 1803 796 1861 enim
822 1804 903 1862 omni
927 1801 990 1873 die,
1014 1806 1096 1863 omni
1111 1804 1184 1865 hora
1200 1806 1310 1884 recipit

130 1924 214 1966 mare
238 1911 335 1966 terrae
358 1905 439 1977 loca,
473 1904 556 1968 uude
577 1903 686 1966 dicitur
709 1922 792 1966 mare
816 1923 885 1966 esse
908 1905 956 1967 fur
979 1914 1094 1978 terrae,
1125 1911 1195 1986 quia
1218 1926 1310 1987 regna

132 2017 163 2071 et
187 2011 328 2089 regiones
352 2017 450 2072 terrae
475 2010 582 2071 aufert.

217 2115 334 2176 Deinde
359 2114 552 2178 ascendimus
575 2117 606 2175 iu
629 2115 723 2175 altum
745 2117 856 2176 montis
889 2114 928 2176 ad
950 2116 1255 2196 circumspiciendum
1277 2122 1309 2176 et

129 2237 239 2299 specus
273 2237 308 2280 ac
340 2238 482 2281 cavernas
518 2221 687 2298 reperimus
718 2219 838 2279 multas.
883 2217 917 2279 ln
940 2239 999 2280 una
1022 2239 1116 2300 specu
1138 2223 1309 2300 reperimus

126 2325 225 2385 virum
248 2323 398 2402 quendam
421 2324 642 2399 Teutonicum,
666 2323 815 2394 Saevum,
853 2324 904 2400 qui
927 2322 1003 2384 fodit
1026 2324 1063 2384 de
1087 2327 1202 2402 pariete
1224 2327 1308 2404 rupis

129 2427 296 2505 salpetrae,
319 2412 406 2507 cujus
429 2436 475 2490 est
497 2430 538 2490 ibi
561 2431 593 2488 iu
614 2428 766 2507 specubus
791 2445 898 2505 magna
921 2426 1115 2500 abnndantia3
1139 2436 1203 2490 crat
1226 2433 1308 2490 euim

130 2532 275 2609 magister
296 2532 526 2619 bombardorum
549 2534 580 2592 in
603 2549 663 2593 uua
686 2530 773 2608 galea
796 2529 833 2591 de
857 2529 953 2608 Syria.
1001 2531 1186 2594 Videbantur
1207 2540 1310 2595 autem

129 2636 219 2695 nobis
242 2617 353 2715 specus
374 2637 443 2697 illac
468 2653 539 2697 esse
561 2636 659 2696 factae
683 2653 720 2695 cr
743 2634 917 2695 corrosione
941 2653 1104 2713 aquarum,
1136 2637 1222 2715 cujus
1245 2655 1308 2698 ma·

127 2736 325 2822 nifestissipra
346 2744 514 2821 reperimus
537 2742 638 2819 signa,
662 2740 787 2799 namin
810 2738 973 2816 parietibus
997 2742 1116 2818 rupium
1138 2743 1309 2802 invenimus

131 2847 227 2904 tesius
244 2850 432 2918 ostrearum,
456 2863 534 2924 quae
556 2864 617 2905 non
633 2850 704 2904 sunt
720 2861 779 2904 uec
793 2845 911 2915 vivunt,
935 2845 993 2905 nisi
1008 2846 1059 2906 ubi
1076 2864 1160 2907 mare
1178 2847 1307 2925 attingit,

127 2965 211 3008 mare
235 2955 338 3011 autem
368 2950 457 3030 longe
492 2950 547 3011 snb
569 2948 656 3011 uobis
680 2954 761 3020 crat,
792 2950 824 3008 in
846 2965 907 3026 quo
931 2948 1121 3028 perpendere
1144 2953 1308 3029 potuimus,

130 3050 212 3130 quod
235 3069 318 3114 mare
342 3052 503 3132 aliquando
525 3056 566 3115 ita
589 3071 732 3132 maguum
755 3052 828 3123 fuit,
851 3052 932 3131 quod
953 3062 1073 3115 montes
1087 3055 1156 3116 illos
1179 3056 1307 3134 operuit,

130 3174 201 3217 cum
225 3158 310 3235 signa
333 3175 478 3236 aquarum
501 3160 593 3218 etiam
626 3161 656 3217 in
680 3158 886 3217 cacuminibus
917 3158 1084 3220 rideantur.
1130 3159 1176 3220 Dc
1200 3161 1308 3238 quibus

130 3261 224 3340 signis
257 3260 390 3338 loquitur
425 3263 515 3322 etiam
548 3261 692 3331 Orosius,
735 3263 766 3321 iu
800 3261 875 3321 libro
907 3270 1011 3324 contra
1049 3264 1194 3341 querulos
1238 3262 1309 3323 fidei

127 3364 199 3443 Cap.
225 3361 276 3427 35.
302 3365 407 3427 dicens
430 3366 555 3444 quidem
578 3385 614 3427 ex
636 3365 747 3426 iudicio
770 3372 801 3424 et
824 3363 998 3440 conjectura
1018 3366 1144 3446 lapidis,
1169 3384 1245 3444 qnos
1278 3367 1308 3426 in

126 3468 298 3540 montibus,
334 3471 459 3531 conchis
482 3478 514 3532 et
537 3471 646 3531 ostreis
667 3469 807 3541 scabros,
839 3485 933 3547 saepe
956 3472 1048 3530 etiam
1079 3477 1199 3542 cavatos
1223 3469 1309 3547 aquis

127 3571 231 3633 videre
247 3571 390 3634 solemus.
420 3573 485 3635 Alia
507 3590 734 3651 nonnumquam
756 3573 950 3649 reperiuntur
971 3577 1055 3654 signs
1078 3576 1109 3634 in
1133 3572 1200 3634 altis
1222 3590 1308 3632 mou·

126 3677 207 3736 tibus
230 3677 419 3739 ostendentia
442 3697 525 3739 mare
548 3677 588 3738 ibi
611 3676 722 3746 fnisse,
744 3692 815 3734 narn
834 3673 918 3750 juxta
943 3674 1077 3757 TyrolIm
1100 3684 1231 3738 castrum
1254 3695 1308 3737 no·

125 3780 195 3841 bilis
220 3783 381 3843 comitatus
403 3781 541 3854 Athesis,
565 3783 616 3860 qui
640 3798 720 3841 nuuc
742 3778 854 3839 dueum
870 3777 1009 3841 Austriae
1036 3787 1093 3853 est,
1116 3784 1308 3861 reperiuntur

125 3887 158 3947 in
189 3885 256 3946 altis
287 3887 438 3950 montibus
469 3885 590 3965 Alpium
622 3884 726 3944 circuli
757 3883 864 3954 ferrei,
898 3885 1061 3962 parietibus
1091 3888 1212 3964 rupium
1245 3889 1309 3945 arte

126 3990 270 4062 immissi,
287 3982 331 4051 'ad
348 4010 432 4070 quos,
456 3991 527 4052 dum
550 4006 634 4050 mare
657 3988 697 4048 ibi
720 3987 819 4049 adbuc
842 3995 915 4061 crat,
938 4007 1031 4052 nares
1052 3991 1229 4070 ligabantur.
1260 3989 1308 4050 st·

127 4093 241 4154 militer
259 4091 344 4170 juxta
360 4095 506 4175 oppidum
521 4092 681 4155 Marouum
703 4091 734 4151 in
749 4091 901 4153 montibus
917 4094 1023 4156 circuli
1038 4101 1125 4167 sunt,
1149 4099 1180 4154 et
1195 4091 1308 4163 dicunt,

128 4196 275 4277 oppidum
304 4215 428 4263 amare
458 4216 574 4268 nomen
603 4213 694 4260 suum
722 4197 864 4259 sortitum
895 4196 1003 4261 fuisse.
1046 4195 1083 4258 tn
1111 4195 1190 4258 rollo
1216 4195 1310 4258 etiam

1066 4314 1099 4368 2¹
