2874 4770
655 195 719 264 107

100 365 173 427 dum
192 365 294 439 lieret,
316 368 430 448 incepit
451 388 507 431 nos
530 369 654 433 dolosus
676 372 728 432 ille
747 371 911 449 jucundius
932 375 1070 451 aspicere
1085 378 1117 432 et
1131 371 1275 433 familiam

99 474 130 532 in
152 471 332 548 adjutorium
354 480 491 534 nostrum
515 474 676 545 advocare3
701 477 802 537 multis
825 476 924 536 modis
947 478 1077 547 interim,
1102 475 1277 553 quodcum

101 591 138 634 eo
161 575 282 647 luimus,
303 576 460 638 muletavit
481 597 536 637 nos
560 579 723 639 mendaciis
754 588 784 640 et
812 578 1039 657 proditionibus.
1084 579 1166 638 Dixit
1194 578 1277 639 enim

102 697 136 740 se
158 677 279 740 dedisse
302 684 401 742 nautis
424 680 466 744 24
489 682 614 742 ducatos
637 679 691 760 pro
718 686 783 743 nari
818 690 848 743 et
877 684 979 754 naulo,
1013 682 1095 761 quod
1126 701 1186 742 non
1220 680 1278 740 mit

102 801 216 853 verum,
241 791 273 843 et
287 784 403 845 litteras
419 786 456 846 ad
471 784 680 845 Alexandriam
703 788 841 865 promisit
865 785 1136 846 Trutschclmanno
1161 784 1276 854 dicens,

101 905 156 947 nos
179 904 248 947 esse
270 888 379 948 divites
403 896 434 949 et
456 888 609 959 liberales,
644 888 714 948 ideo
748 888 873 949 deberet
902 892 967 950 sine
998 896 1081 949 metu
1112 888 1275 966 postulare.

100 988 194 1066 lgitur
213 994 344 1068 peractis
368 993 506 1051 omnibus
522 989 749 1068 Tanguardinus
773 1010 885 1069 equum
909 991 1044 1052 ascendit
1066 999 1097 1052 et
1120 1007 1190 1051 cum
1212 990 1276 1049 suis

101 1090 219 1151 famulis
243 1111 299 1152 nos
322 1107 377 1171 per
400 1096 551 1154 civitatem
575 1094 690 1166 eduxit,
713 1113 877 1172 numquam
901 1101 1000 1155 autem
1019 1102 1132 1155 tantam
1149 1091 1276 1153 dilicul-

102 1199 196 1253 tatem
218 1195 378 1256 habuimus
401 1197 587 1274 penetrando
610 1199 767 1276 populum,
792 1201 871 1258 sieut
893 1198 944 1258 illa
966 1199 1050 1267 vice;
1075 1213 1180 1274 graves
1197 1195 1277 1253 enim

104 1297 260 1359 molestias
285 1296 375 1378 (112
392 1295 435 1378 a)
460 1300 546 1358 nobis
570 1299 749 1371 intulerunt,
772 1304 1000 1380 percussiones,
1034 1301 1200 1369 trusiones,
1229 1300 1276 1357 in·

104 1399 316 1471 clamationes,
349 1400 525 1460 derisiones.
578 1401 659 1464 lnter
690 1404 765 1464 haee
800 1404 921 1481 quidam
953 1404 991 1465 de
1029 1405 1193 1482 peregrinis
1224 1401 1276 1461 de·

99 1499 199 1578 jectus
222 1503 278 1563 init
300 1503 339 1563 de
362 1505 446 1563 asino
469 1510 500 1564 et
523 1505 597 1566 adeo
621 1509 699 1567 male
723 1508 826 1568 multis
857 1506 952 1586 plagis
982 1523 1161 1585 percussus,
1197 1501 1278 1582 quod

102 1604 179 1665 torte
202 1605 409 1668 diebusvitae
432 1623 505 1667 suae
529 1608 665 1669 dolorem
688 1613 792 1689 capitis
815 1612 926 1671 sentiet
949 1616 979 1669 et
1002 1626 1072 1669 oum
1095 1608 1153 1667 hoc
1176 1607 1278 1666 omnia

104 1725 180 1786 quae
202 1711 320 1780 habuit,
354 1719 436 1771 retro
467 1710 627 1788 dereliquit
660 1721 691 1773 et
715 1711 864 1789 adjutorio
888 1711 1043 1788 cujusdam
1068 1711 1225 1770 Sarraceni
1247 1711 1278 1770 in

103 1813 221 1871 asinum
244 1813 396 1873 relevatus
419 1813 484 1873 luit.
530 1812 575 1873 Ab
598 1814 645 1873 his
669 1814 818 1874 molestiis
840 1833 901 1875 non
915 1822 1033 1892 poterat
1048 1813 1277 1892 Tanguardinus

103 1918 158 1972 no's
181 1922 358 1993 protegere,
383 1918 469 1994 qnia,
493 1922 526 1976 ut
549 1935 641 1996 saepe
666 1917 739 1988 dixi,
770 1921 828 1978 vici
853 1920 979 1980 civitatis
1001 1919 1081 1978 illius
1104 1923 1174 1977 suut
1197 1915 1279 1995 pleni

103 2018 225 2097 populo,
249 2027 280 2079 et
302 2023 493 2081 transeuntes
516 2023 547 2079 in
570 2021 672 2097 equis,
696 2022 804 2092 asinis,
828 2029 879 2081 aut
902 2022 1042 2092 camelis,
1068 2040 1128 2080 non
1150 2023 1279 2098 possunt

103 2125 135 2182 in
157 2124 292 2196 cumulo,
316 2144 373 2186 nec
397 2125 456 2185 duo
480 2124 569 2185 simul
593 2123 629 2183 ad
654 2121 748 2184 latera
769 2127 911 2195 transire,
935 2125 990 2184 sed
1012 2141 1090 2184 unus
1105 2128 1174 2200 post
1189 2120 1279 2181 alium

104 2243 159 2305 per
181 2228 312 2306 primum
335 2229 415 2288 facto
437 2231 552 2307 impetu
573 2228 603 2286 in
618 2227 762 2304 populum
779 2227 815 2287 ad
832 2210 962 2288 dandum
977 2228 1077 2287 locum
1093 2223 1279 2386 transeam&

105 2328 190 2389 Sicut
220 2348 291 2408 ergo
315 2330 542 2410 Tanguardinus
573 2331 758 2408 praecedens
787 2333 937 2410 populum
970 2332 1049 2392 iuste
1079 2328 1241 2389 caedebat¹

107 2431 144 2492 de
166 2435 213 2494 via
235 2433 355 2513 fugabat
378 2454 433 2513 pro
455 2438 502 2496 via
526 2433 639 2503 danda,
670 2450 728 2492 neo
750 2440 831 2494 retro
855 2435 1011 2496 attendere
1034 2439 1168 2514 poterat,
1202 2447 1278 2508 quae

106 2552 177 2614 erga
198 2555 254 2596 nos
278 2539 457 2616 agabertum
482 2540 563 2599 eaesi
589 2539 668 2597 enim
685 2538 720 2596 ab
737 2538 934 2599 anterioribus
951 2543 1133 2614 sequentes,
1157 2539 1280 2612 propter

106 2656 182 2717 quos
205 2643 285 2702 caesi
306 2642 439 2714 inerant,
465 2643 640 2704 caedebant.

193 2744 268 2805 Cum
292 2763 401 2823 magno
425 2765 498 2824 ergo
522 2747 623 2807 labore
648 2753 678 2806 et
710 2747 858 2806 anxietate
882 2746 912 2804 ln
936 2742 1099 2804 Balachum
1130 2742 1278 2811 venimus,

105 2847 155 2908 ubi
178 2847 263 2908 Nilus
286 2849 435 2922 decurrit,
459 2858 490 2910 et
513 2851 622 2911 multas
646 2867 737 2911 naves
761 2851 791 2909 in
807 2847 879 2929 ejus
904 2854 991 2927 portu
1015 2847 1147 2918 stabant;
1182 2843 1281 2907 Mauri

107 2957 208 3011 autem
229 2952 287 3023 illi,
318 2956 369 3031 qui
392 2972 448 3013 nos
474 2953 590 3014 ducturi
615 2961 707 3024 erant,
731 2971 787 3013 nos
810 2950 947 3012 videntes
971 2950 1008 3010 de
1032 2951 1100 3010 navi
1123 2950 1281 3009 exilierunt

108 3060 139 3115 et
161 3072 284 3116 omnem
307 3064 441 3118 nostram
456 3057 698 3135 suppellectilem
712 3057 779 3117 na'vi
794 3056 976 3125 intulerunt;
1002 3059 1180 3113 enatantem
1196 3056 1279 3114 navis

106 3160 239 3237 spatiosa
263 3167 293 3219 et
315 3160 455 3238 pulchra,
491 3161 588 3220 solum
620 3179 673 3238 pro
697 3161 782 3220 nobis
806 3159 963 3219 conducta.
1009 3156 1101 3217 Porro
1125 3156 1279 3234 Tanguar·

107 3262 194 3323 dinus
217 3262 334 3341 longam
358 3263 593 3323 collocutionem
618 3281 686 3322 cum
709 3265 808 3323 nautis
832 3264 945 3322 nostris
969 3262 1086 3331 habuit,
1118 3278 1175 3320 nec
1199 3259 1280 3322 aliud

106 3369 259 3446 suspicor,
289 3368 346 3426 nisi
380 3366 458 3444 quod
490 3366 595 3426 dixerit
625 3369 669 3426 eis
693 3365 794 3425 dolum
817 3369 926 3434 istum,
956 3363 1036 3442 quod
1060 3364 1280 3424 nonobstante

106 3469 257 3530 solutione
273 3476 375 3529 nostra
390 3470 445 3528 sibi
460 3469 552 3539 faeta,
568 3476 694 3546 possent
709 3470 740 3527 in
757 3468 870 3528 lloseto
886 3470 997 3527 iterum
1013 3483 1030 3526 a
1045 3467 1131 3527 nobis
1148 3468 1279 3543 exigere,

107 3573 184 3633 sieut
207 3581 238 3632 et
260 3573 372 3632 factum
395 3571 459 3633 luit.
505 3571 622 3632 Deinde
645 3573 726 3631 venit
751 3569 787 3629 ad
810 3588 882 3640 nos,
906 3569 1021 3629 ducens
1043 3587 1147 3629 secum
1165 3567 1280 3629 Mama-

104 3675 207 3736 luoum
222 3674 389 3753 quendam,
413 3673 525 3734 dictum
542 3674 656 3746 Halliu,
681 3692 771 3751 quem
787 3690 878 3750 saepe
894 3675 976 3750 prius
997 3673 1178 3742 videramus,
1201 3672 1281 3732 hunc

105 3779 261 3837 constituit
283 3795 373 3837 suum
395 3780 539 3838 vicarium
563 3796 655 3855 super
678 3796 732 3838 nos
758 3794 854 3853 usque
885 3778 914 3835 in
947 3775 1165 3836 Alexandriam.
1212 3775 1282 3836 Erat

107 3886 209 3939 autem
231 3878 281 3940 ille
297 3879 395 3939 llalliu
417 3882 461 3940 vir
476 3881 603 3957 pallidus
619 3886 650 3939 et
665 3879 808 3952 calliduS,
831 3880 1052 3941 conditionibus
1070 3882 1144 3940 meis
1162 3881 1281 3958 penitus

107 3980 414 4061 disproportionatus3
450 4001 539 4060 quam
573 3984 632 4042 cito
667 3985 747 4044 enim
778 4001 848 4042 eum
879 3986 1010 4063 aspexi,
1030 3982 1227 4043 diffidentiam
1251 3984 1282 4040 et

108 4085 331 4164 displicentiam
354 4089 385 4147 in
409 4106 446 4148 eo
470 4087 559 4146 habui
584 4088 704 4164 etipse
727 4089 758 4146 in
782 4104 830 4146 me
854 4087 958 4156 etiam,
981 4093 1015 4145 ut
1036 4103 1128 4163 saepe
1151 4086 1195 4144 rei
1211 4101 1280 4162 pro·

108 4189 188 4250 bavit
218 4196 353 4249 eventus.
407 4188 507 4269 Opera
538 4198 570 4251 et
601 4192 692 4252 verba
730 4194 758 4251 ei
791 4190 941 4269 displicita
980 4206 1041 4247 non
1074 4188 1190 4257 dimisi;
1223 4203 1281 4247 nec
