<?xml version="1.0" encoding="UTF-8"?>
<!DOCTYPE html PUBLIC "-//W3C//DTD XHTML 1.0 Transitional//EN"
    "http://www.w3.org/TR/xhtml1/DTD/xhtml1-transitional.dtd">
<html xmlns="http://www.w3.org/1999/xhtml" xml:lang="en" lang="en">
 <head>
  <title>
</title>
<meta http-equiv="Content-Type" content="text/html;charset=utf-8" />
  <meta name='ocr-system' content='tesseract 3.04.00' />
  <meta name='ocr-capabilities' content='ocr_page ocr_carea ocr_par ocr_line ocrx_word'/>
</head>
<body>
  <div class='ocr_page' id='page_1' title='image "./fratrisfelicisf00fabrgoog_0423.png"; bbox 0 0 2902 4710; ppageno 0'>
   <div class='ocr_carea' id='block_1_1' title="bbox 712 125 779 194">
    <p class='ocr_par' dir='ltr' id='par_1_1' title="bbox 712 125 779 194">
     <span class='ocr_line' id='line_1_1' title="bbox 712 125 779 194; baseline -0.03 0"><span class='ocrx_word' id='word_1_1' title='bbox 712 125 779 194; x_wconf 79' lang='lat' dir='ltr'><strong>tto</strong></span> 
     </span>
    </p>
   </div>
   <div class='ocr_carea' id='block_1_2' title="bbox 152 295 1420 2348">
    <p class='ocr_par' dir='ltr' id='par_1_2' title="bbox 152 295 1420 2348">
     <span class='ocr_line' id='line_1_2' title="bbox 236 295 1348 379; baseline -0.002 -15"><span class='ocrx_word' id='word_1_2' title='bbox 236 302 304 364; x_wconf 84' lang='lat' dir='ltr'><strong>Fuit</strong></span> <span class='ocrx_word' id='word_1_3' title='bbox 327 307 428 364; x_wconf 89' lang='lat' dir='ltr'><strong>antem</strong></span> <span class='ocrx_word' id='word_1_4' title='bbox 450 295 578 364; x_wconf 85' lang='lat' dir='ltr'><strong>ecclesia</strong></span> <span class='ocrx_word' id='word_1_5' title='bbox 594 299 624 361; x_wconf 88' lang='lat' dir='ltr'><strong>S.</strong></span> <span class='ocrx_word' id='word_1_6' title='bbox 642 299 739 363; x_wconf 89' lang='lat' dir='ltr'><strong>Marci</strong></span> <span class='ocrx_word' id='word_1_7' title='bbox 764 300 959 379; x_wconf 84' lang='lat' dir='ltr'><strong>conflagrata,</strong></span> <span class='ocrx_word' id='word_1_8' title='bbox 985 306 1019 361; x_wconf 93' lang='lat' dir='ltr'><strong>ut</strong></span> <span class='ocrx_word' id='word_1_9' title='bbox 1039 300 1153 362; x_wconf 90' lang='lat' dir='ltr'><strong>dictum</strong></span> <span class='ocrx_word' id='word_1_10' title='bbox 1176 307 1232 374; x_wconf 87' lang='lat' dir='ltr'><strong>est,</strong></span> <span class='ocrx_word' id='word_1_11' title='bbox 1255 319 1348 364; x_wconf 86' lang='lat' dir='ltr'><strong>anno.</strong></span> 
     </span>
     <span class='ocr_line' id='line_1_3' title="bbox 152 401 1333 484; baseline -0.002 -15"><span class='ocrx_word' id='word_1_12' title='bbox 152 401 230 478; x_wconf 82' lang='lat'><strong>978,</strong></span> <span class='ocrx_word' id='word_1_13' title='bbox 265 412 296 470; x_wconf 91' lang='lat' dir='ltr'><strong>et</strong></span> <span class='ocrx_word' id='word_1_14' title='bbox 324 404 513 484; x_wconf 89' lang='lat' dir='ltr'><strong>perducem</strong></span> <span class='ocrx_word' id='word_1_15' title='bbox 545 403 825 475; x_wconf 70' lang='lat' dir='ltr'><strong>catenatorum,</strong></span> <span class='ocrx_word' id='word_1_16' title='bbox 877 403 1000 465; x_wconf 90' lang='lat' dir='ltr'><strong>Petrum</strong></span> <span class='ocrx_word' id='word_1_17' title='bbox 1023 403 1209 480; x_wconf 86' lang='lat' dir='ltr'><strong>Urseolnm,</strong></span> <span class='ocrx_word' id='word_1_18' title='bbox 1246 424 1333 467; x_wconf 89' lang='lat' dir='ltr'><strong>reae·</strong></span> 
     </span>
     <span class='ocr_line' id='line_1_4' title="bbox 157 506 1333 587; baseline 0.002 -18"><span class='ocrx_word' id='word_1_19' title='bbox 157 508 274 571; x_wconf 85' lang='lat' dir='ltr'><strong>dificata</strong></span> <span class='ocrx_word' id='word_1_20' title='bbox 296 511 328 569; x_wconf 92' lang='lat' dir='ltr'><strong>in</strong></span> <span class='ocrx_word' id='word_1_21' title='bbox 350 510 506 587; x_wconf 76' lang='lat' dir='ltr'>pristinam</span> <span class='ocrx_word' id='word_1_22' title='bbox 529 509 658 569; x_wconf 82' lang='lat' dir='ltr'><strong>sormam</strong></span> <span class='ocrx_word' id='word_1_23' title='bbox 681 514 751 586; x_wconf 88' lang='lat' dir='ltr'><strong>post</strong></span> <span class='ocrx_word' id='word_1_24' title='bbox 772 506 853 568; x_wconf 89' lang='lat' dir='ltr'><strong>XVll</strong></span> <span class='ocrx_word' id='word_1_25' title='bbox 876 506 969 568; x_wconf 85' lang='lat' dir='ltr'><strong>annos&#39;</strong></span> <span class='ocrx_word' id='word_1_26' title='bbox 992 525 1009 568; x_wconf 87' lang='lat' dir='ltr'><strong>a</strong></span> <span class='ocrx_word' id='word_1_27' title='bbox 1034 525 1089 570; x_wconf 86' lang='lat' dir='ltr'><strong>sua</strong></span> <span class='ocrx_word' id='word_1_28' title='bbox 1112 511 1333 571; x_wconf 79' lang='lat' dir='ltr'><strong>combustione.</strong></span> 
     </span>
     <span class='ocr_line' id='line_1_5' title="bbox 155 610 1333 693; baseline 0.002 -21"><span class='ocrx_word' id='word_1_29' title='bbox 155 610 242 673; x_wconf 79' lang='lat' dir='ltr'><strong>Anno</strong></span> <span class='ocrx_word' id='word_1_30' title='bbox 277 612 400 674; x_wconf 85' lang='lat' dir='ltr'><strong>Domini</strong></span> <span class='ocrx_word' id='word_1_31' title='bbox 433 610 601 674; x_wconf 83' lang='lat' dir='ltr'><strong>MLxxxll</strong></span> <span class='ocrx_word' id='word_1_32' title='bbox 635 610 716 673; x_wconf 91' lang='lat' dir='ltr'><strong>idem</strong></span> <span class='ocrx_word' id='word_1_33' title='bbox 747 611 779 672; x_wconf 91' lang='lat' dir='ltr'><strong>S.</strong></span> <span class='ocrx_word' id='word_1_34' title='bbox 810 610 907 674; x_wconf 87' lang='lat' dir='ltr'><strong>Marci</strong></span> <span class='ocrx_word' id='word_1_35' title='bbox 942 613 1089 691; x_wconf 89' lang='lat' dir='ltr'><strong>templum</strong></span> <span class='ocrx_word' id='word_1_36' title='bbox 1123 613 1333 693; x_wconf 88' lang='lat' dir='ltr'><strong>conflagratur,</strong></span> 
     </span>
     <span class='ocr_line' id='line_1_6' title="bbox 155 714 1420 800; baseline 0.002 -23"><span class='ocrx_word' id='word_1_37' title='bbox 155 716 237 794; x_wconf 89' lang='lat' dir='ltr'><strong>qnod</strong></span> <span class='ocrx_word' id='word_1_38' title='bbox 258 716 363 778; x_wconf 90' lang='lat' dir='ltr'><strong>Vitalis</strong></span> <span class='ocrx_word' id='word_1_39' title='bbox 386 715 438 781; x_wconf 80' lang='lat'><strong>35.</strong></span> <span class='ocrx_word' id='word_1_40' title='bbox 462 716 649 779; x_wconf 80' lang='lat' dir='ltr'><strong>Venetorum</strong></span> <span class='ocrx_word' id='word_1_41' title='bbox 679 714 737 776; x_wconf 87' lang='lat' dir='ltr'><strong>dur</strong></span> <span class='ocrx_word' id='word_1_42' title='bbox 767 716 947 777; x_wconf 81' lang='lat' dir='ltr'><strong>restauravit</strong></span> <span class='ocrx_word' id='word_1_43' title='bbox 975 721 1006 775; x_wconf 92' lang='lat' dir='ltr'><strong>et</strong></span> <span class='ocrx_word' id='word_1_44' title='bbox 1039 714 1193 778; x_wconf 87' lang='lat' dir='ltr'><strong>decoravit</strong></span> <span class='ocrx_word' id='word_1_45' title='bbox 1219 718 1345 779; x_wconf 89' lang='lat' dir='ltr'><strong>tabula··</strong></span> <span class='ocrx_word' id='word_1_46' title='bbox 1415 795 1420 800; x_wconf 31' lang='grc'>,</span> 
     </span>
     <span class='ocr_line' id='line_1_7' title="bbox 154 817 1336 900; baseline 0.001 -20"><span class='ocrx_word' id='word_1_47' title='bbox 154 821 230 881; x_wconf 91' lang='lat' dir='ltr'><strong>turis</strong></span> <span class='ocrx_word' id='word_1_48' title='bbox 253 826 285 880; x_wconf 90' lang='lat' dir='ltr'><strong>ct</strong></span> <span class='ocrx_word' id='word_1_49' title='bbox 305 822 442 900; x_wconf 88' lang='lat' dir='ltr'><strong>picturis.</strong></span> <span class='ocrx_word' id='word_1_50' title='bbox 489 819 628 880; x_wconf 86' lang='lat' dir='ltr'><strong>Creditur</strong></span> <span class='ocrx_word' id='word_1_51' title='bbox 649 824 767 888; x_wconf 92' lang='lat' dir='ltr'><strong>autem,</strong></span> <span class='ocrx_word' id='word_1_52' title='bbox 802 817 882 896; x_wconf 89' lang='lat' dir='ltr'><strong>quod</strong></span> <span class='ocrx_word' id='word_1_53' title='bbox 915 817 1030 879; x_wconf 86' lang='lat' dir='ltr'><strong>formae</strong></span> <span class='ocrx_word' id='word_1_54' title='bbox 1061 824 1092 879; x_wconf 90' lang='lat' dir='ltr'><strong>et</strong></span> <span class='ocrx_word' id='word_1_55' title='bbox 1113 820 1226 899; x_wconf 86' lang='lat' dir='ltr'><strong>figurae</strong></span> <span class='ocrx_word' id='word_1_56' title='bbox 1254 819 1336 881; x_wconf 90' lang='lat' dir='ltr'><strong>illius</strong></span> 
     </span>
     <span class='ocr_line' id='line_1_8' title="bbox 156 917 1337 1002; baseline 0.002 -20"><span class='ocrx_word' id='word_1_57' title='bbox 156 921 304 984; x_wconf 87' lang='lat' dir='ltr'><strong>ecclesiae</strong></span> <span class='ocrx_word' id='word_1_58' title='bbox 328 922 466 1002; x_wconf 88' lang='lat' dir='ltr'><strong>depictae</strong></span> <span class='ocrx_word' id='word_1_59' title='bbox 488 923 600 984; x_wconf 82' lang='lat' dir='ltr'><strong>inerint</strong></span> <span class='ocrx_word' id='word_1_60' title='bbox 615 922 653 982; x_wconf 91' lang='lat' dir='ltr'><strong>ad</strong></span> <span class='ocrx_word' id='word_1_61' title='bbox 667 922 852 984; x_wconf 90' lang='lat' dir='ltr'><strong>voluntatem</strong></span> <span class='ocrx_word' id='word_1_62' title='bbox 868 927 900 981; x_wconf 90' lang='lat' dir='ltr'><strong>et</strong></span> <span class='ocrx_word' id='word_1_63' title='bbox 911 917 1081 996; x_wconf 90' lang='lat' dir='ltr'><strong>jussionem</strong></span> <span class='ocrx_word' id='word_1_64' title='bbox 1096 922 1224 1000; x_wconf 90' lang='lat' dir='ltr'><strong>alicujus</strong></span> <span class='ocrx_word' id='word_1_65' title='bbox 1238 924 1337 984; x_wconf 89' lang='lat' dir='ltr'><strong>sancti</strong></span> 
     </span>
     <span class='ocr_line' id='line_1_9' title="bbox 155 1025 1336 1107; baseline 0 -19"><span class='ocrx_word' id='word_1_66' title='bbox 155 1027 211 1088; x_wconf 86' lang='lat' dir='ltr'><strong>viri</strong></span> <span class='ocrx_word' id='word_1_67' title='bbox 234 1033 265 1086; x_wconf 94' lang='lat' dir='ltr'><strong>et</strong></span> <span class='ocrx_word' id='word_1_68' title='bbox 289 1027 474 1106; x_wconf 86' lang='lat' dir='ltr'><strong>prophetae,</strong></span> <span class='ocrx_word' id='word_1_69' title='bbox 509 1029 578 1107; x_wconf 89' lang='lat' dir='ltr'><strong>quia</strong></span> <span class='ocrx_word' id='word_1_70' title='bbox 601 1025 694 1086; x_wconf 89' lang='lat' dir='ltr'><strong>multa</strong></span> <span class='ocrx_word' id='word_1_71' title='bbox 716 1025 815 1087; x_wconf 82' lang='lat' dir='ltr'><strong>futura</strong></span> <span class='ocrx_word' id='word_1_72' title='bbox 837 1027 960 1087; x_wconf 86' lang='lat' dir='ltr'><strong>inventa</strong></span> <span class='ocrx_word' id='word_1_73' title='bbox 982 1033 1052 1088; x_wconf 91' lang='lat' dir='ltr'><strong>sunt</strong></span> <span class='ocrx_word' id='word_1_74' title='bbox 1074 1030 1106 1088; x_wconf 93' lang='lat' dir='ltr'><strong>in</strong></span> <span class='ocrx_word' id='word_1_75' title='bbox 1128 1030 1252 1107; x_wconf 90' lang='lat' dir='ltr'><strong>picturis</strong></span> <span class='ocrx_word' id='word_1_76' title='bbox 1275 1027 1336 1089; x_wconf 91' lang='lat' dir='ltr'><strong>illis</strong></span> 
     </span>
     <span class='ocr_line' id='line_1_10' title="bbox 157 1108 1337 1211; baseline 0.003 -22"><span class='ocrx_word' id='word_1_77' title='bbox 157 1144 317 1207; x_wconf 83' lang='lat' dir='ltr'><strong>expressa,</strong></span> <span class='ocrx_word' id='word_1_78' title='bbox 341 1136 372 1191; x_wconf 93' lang='lat' dir='ltr'><strong>et</strong></span> <span class='ocrx_word' id='word_1_79' title='bbox 393 1133 473 1192; x_wconf 91' lang='lat' dir='ltr'><strong>inter</strong></span> <span class='ocrx_word' id='word_1_80' title='bbox 496 1131 553 1190; x_wconf 86' lang='lat' dir='ltr'><strong>alia</strong></span> <span class='ocrx_word' id='word_1_81' title='bbox 568 1130 599 1190; x_wconf 92' lang='lat' dir='ltr'><strong>S.</strong></span> <span class='ocrx_word' id='word_1_82' title='bbox 617 1130 794 1189; x_wconf 88' lang='lat' dir='ltr'><strong>Dominicus</strong></span> <span class='ocrx_word' id='word_1_83' title='bbox 817 1127 874 1188; x_wconf 86' lang='lat' dir='ltr'><strong>fuit</strong></span> <span class='ocrx_word' id='word_1_84' title='bbox 895 1128 936 1188; x_wconf 89' lang='lat' dir='ltr'><strong>ibi</strong></span> <span class='ocrx_word' id='word_1_85' title='bbox 959 1108 1228 1211; x_wconf 53' lang='lat' dir='ltr'><strong>depictusslonge</strong></span> <span class='ocrx_word' id='word_1_86' title='bbox 1251 1137 1337 1203; x_wconf 86' lang='lat' dir='ltr'><strong>ante·</strong></span> 
     </span>
     <span class='ocr_line' id='line_1_11' title="bbox 158 1231 1338 1310; baseline 0.001 -15"><span class='ocrx_word' id='word_1_87' title='bbox 158 1249 248 1310; x_wconf 85' lang='lat' dir='ltr'><strong>quarn</strong></span> <span class='ocrx_word' id='word_1_88' title='bbox 280 1240 388 1305; x_wconf 88' lang='lat' dir='ltr'><strong>natus,</strong></span> <span class='ocrx_word' id='word_1_89' title='bbox 422 1239 456 1296; x_wconf 94' lang='lat' dir='ltr'><strong>ut</strong></span> <span class='ocrx_word' id='word_1_90' title='bbox 487 1234 577 1295; x_wconf 90' lang='lat' dir='ltr'><strong>habet</strong></span> <span class='ocrx_word' id='word_1_91' title='bbox 606 1233 755 1295; x_wconf 80' lang='lat' dir='ltr'><strong>Antonius</strong></span> <span class='ocrx_word' id='word_1_92' title='bbox 786 1234 817 1293; x_wconf 91' lang='lat' dir='ltr'><strong>in</strong></span> <span class='ocrx_word' id='word_1_93' title='bbox 851 1233 990 1294; x_wconf 84' lang='lat' dir='ltr'><strong>Chronic.</strong></span> <span class='ocrx_word' id='word_1_94' title='bbox 1021 1234 1104 1297; x_wconf 88' lang='lat' dir='ltr'><strong>Pars.</strong></span> <span class='ocrx_word' id='word_1_95' title='bbox 1128 1235 1163 1297; x_wconf 90' lang='lat'><strong>11.</strong></span> <span class='ocrx_word' id='word_1_96' title='bbox 1199 1235 1256 1297; x_wconf 91' lang='lat' dir='ltr'><strong>Tit.</strong></span> <span class='ocrx_word' id='word_1_97' title='bbox 1284 1231 1338 1300; x_wconf 81' lang='lat'><strong>23.</strong></span> 
     </span>
     <span class='ocr_line' id='line_1_12' title="bbox 159 1336 1340 1416; baseline 0.004 -19"><span class='ocrx_word' id='word_1_98' title='bbox 159 1337 192 1405; x_wconf 77' lang='lat' dir='ltr'><strong>C.</strong></span> <span class='ocrx_word' id='word_1_99' title='bbox 216 1336 238 1397; x_wconf 95' lang='lat' dir='ltr'><strong>l.</strong></span> <span class='ocrx_word' id='word_1_100' title='bbox 262 1336 297 1398; x_wconf 91' lang='lat' dir='ltr'><strong>ll.</strong></span> <span class='ocrx_word' id='word_1_101' title='bbox 342 1337 376 1399; x_wconf 89' lang='lat' dir='ltr'><strong>ln</strong></span> <span class='ocrx_word' id='word_1_102' title='bbox 398 1355 457 1398; x_wconf 91' lang='lat' dir='ltr'><strong>una</strong></span> <span class='ocrx_word' id='word_1_103' title='bbox 480 1340 572 1399; x_wconf 88' lang='lat' dir='ltr'><strong>etiam</strong></span> <span class='ocrx_word' id='word_1_104' title='bbox 595 1337 743 1398; x_wconf 87' lang='lat' dir='ltr'><strong>ecclesiae</strong></span> <span class='ocrx_word' id='word_1_105' title='bbox 765 1344 851 1415; x_wconf 93' lang='lat' dir='ltr'><strong>parte</strong></span> <span class='ocrx_word' id='word_1_106' title='bbox 876 1344 962 1399; x_wconf 90' lang='lat' dir='ltr'><strong>erant</strong></span> <span class='ocrx_word' id='word_1_107' title='bbox 984 1336 1061 1399; x_wconf 87' lang='lat' dir='ltr'><strong>duae</strong></span> <span class='ocrx_word' id='word_1_108' title='bbox 1084 1340 1247 1416; x_wconf 79' lang='lat' dir='ltr'><strong>imagines,</strong></span> <span class='ocrx_word' id='word_1_109' title='bbox 1278 1355 1340 1402; x_wconf 87' lang='lat' dir='ltr'><strong>una</strong></span> 
     </span>
     <span class='ocr_line' id='line_1_13' title="bbox 158 1438 1340 1521; baseline 0 -19"><span class='ocrx_word' id='word_1_110' title='bbox 158 1438 197 1502; x_wconf 87' lang='lat' dir='ltr'><strong>ad</strong></span> <span class='ocrx_word' id='word_1_111' title='bbox 219 1440 343 1503; x_wconf 85' lang='lat' dir='ltr'><strong>alteram</strong></span> <span class='ocrx_word' id='word_1_112' title='bbox 365 1459 467 1503; x_wconf 89' lang='lat' dir='ltr'><strong>versa:</strong></span> <span class='ocrx_word' id='word_1_113' title='bbox 491 1459 551 1502; x_wconf 90' lang='lat' dir='ltr'><strong>una</strong></span> <span class='ocrx_word' id='word_1_114' title='bbox 572 1442 669 1502; x_wconf 87' lang='lat' dir='ltr'><strong>stabat</strong></span> <span class='ocrx_word' id='word_1_115' title='bbox 691 1442 722 1500; x_wconf 92' lang='lat' dir='ltr'><strong>irr</strong></span> <span class='ocrx_word' id='word_1_116' title='bbox 744 1439 846 1501; x_wconf 87' lang='lat' dir='ltr'><strong>habitu</strong></span> <span class='ocrx_word' id='word_1_117' title='bbox 863 1448 895 1502; x_wconf 92' lang='lat' dir='ltr'><strong>et</strong></span> <span class='ocrx_word' id='word_1_118' title='bbox 909 1441 1021 1521; x_wconf 86' lang='lat' dir='ltr'><strong>ligura,</strong></span> <span class='ocrx_word' id='word_1_119' title='bbox 1046 1460 1103 1521; x_wconf 89' lang='lat' dir='ltr'><strong>qna</strong></span> <span class='ocrx_word' id='word_1_120' title='bbox 1120 1441 1243 1521; x_wconf 87' lang='lat' dir='ltr'><strong>depingi</strong></span> <span class='ocrx_word' id='word_1_121' title='bbox 1258 1442 1340 1503; x_wconf 87' lang='lat' dir='ltr'><strong>solet</strong></span> 
     </span>
     <span class='ocr_line' id='line_1_14' title="bbox 158 1543 1340 1625; baseline 0.001 -20"><span class='ocrx_word' id='word_1_122' title='bbox 158 1545 190 1606; x_wconf 89' lang='lat' dir='ltr'><strong>S.</strong></span> <span class='ocrx_word' id='word_1_123' title='bbox 206 1544 315 1606; x_wconf 90' lang='lat' dir='ltr'><strong>Paulus</strong></span> <span class='ocrx_word' id='word_1_124' title='bbox 333 1546 496 1624; x_wconf 86' lang='lat' dir='ltr'><strong>apostolus,</strong></span> <span class='ocrx_word' id='word_1_125' title='bbox 519 1563 612 1623; x_wconf 90' lang='lat' dir='ltr'><strong>super</strong></span> <span class='ocrx_word' id='word_1_126' title='bbox 635 1543 701 1622; x_wconf 89' lang='lat' dir='ltr'><strong>ejus</strong></span> <span class='ocrx_word' id='word_1_127' title='bbox 724 1551 814 1624; x_wconf 91' lang='lat' dir='ltr'><strong>caput</strong></span> <span class='ocrx_word' id='word_1_128' title='bbox 829 1547 976 1623; x_wconf 90' lang='lat' dir='ltr'><strong>scripturn</strong></span> <span class='ocrx_word' id='word_1_129' title='bbox 994 1553 1074 1608; x_wconf 87' lang='lat' dir='ltr'><strong>erat:</strong></span> <span class='ocrx_word' id='word_1_130' title='bbox 1091 1545 1202 1625; x_wconf 90' lang='lat' dir='ltr'><strong>llaglos</strong></span> <span class='ocrx_word' id='word_1_131' title='bbox 1218 1545 1340 1617; x_wconf 88' lang='lat' dir='ltr'><strong>Paulus,</strong></span> 
     </span>
     <span class='ocr_line' id='line_1_15' title="bbox 159 1646 1341 1729; baseline 0 -20"><span class='ocrx_word' id='word_1_132' title='bbox 159 1646 191 1709; x_wconf 91' lang='lat' dir='ltr'><strong>id</strong></span> <span class='ocrx_word' id='word_1_133' title='bbox 222 1654 286 1710; x_wconf 87' lang='lat' dir='ltr'><strong>ast:</strong></span> <span class='ocrx_word' id='word_1_134' title='bbox 326 1658 449 1711; x_wconf 88' lang='lat' dir='ltr'><strong>sanctus</strong></span> <span class='ocrx_word' id='word_1_135' title='bbox 471 1648 596 1720; x_wconf 90' lang='lat' dir='ltr'><strong>Paulus,</strong></span> <span class='ocrx_word' id='word_1_136' title='bbox 632 1648 722 1710; x_wconf 89' lang='lat' dir='ltr'><strong>etad</strong></span> <span class='ocrx_word' id='word_1_137' title='bbox 752 1649 851 1729; x_wconf 90' lang='lat' dir='ltr'><strong>pedes</strong></span> <span class='ocrx_word' id='word_1_138' title='bbox 880 1649 938 1710; x_wconf 82' lang='lat' dir='ltr'><strong>fuit</strong></span> <span class='ocrx_word' id='word_1_139' title='bbox 964 1653 1129 1728; x_wconf 84' lang='lat' dir='ltr'><strong>scriptum:</strong></span> <span class='ocrx_word' id='word_1_140' title='bbox 1166 1649 1225 1712; x_wconf 89' lang='lat' dir='ltr'><strong>Per</strong></span> <span class='ocrx_word' id='word_1_141' title='bbox 1246 1653 1341 1711; x_wconf 90' lang='lat' dir='ltr'><strong>istum</strong></span> 
     </span>
     <span class='ocr_line' id='line_1_16' title="bbox 163 1751 1341 1832; baseline -0.001 -17"><span class='ocrx_word' id='word_1_142' title='bbox 163 1757 222 1816; x_wconf 92' lang='lat' dir='ltr'><strong>itur</strong></span> <span class='ocrx_word' id='word_1_143' title='bbox 245 1753 283 1815; x_wconf 86' lang='lat' dir='ltr'><strong>ad</strong></span> <span class='ocrx_word' id='word_1_144' title='bbox 306 1752 468 1814; x_wconf 81' lang='lat' dir='ltr'><strong>Christum.</strong></span> <span class='ocrx_word' id='word_1_145' title='bbox 513 1751 615 1812; x_wconf 77' lang='lat' dir='ltr'><strong>Altera</strong></span> <span class='ocrx_word' id='word_1_146' title='bbox 637 1754 736 1832; x_wconf 81' lang='lat' dir='ltr'><strong>imago</strong></span> <span class='ocrx_word' id='word_1_147' title='bbox 770 1760 836 1813; x_wconf 87' lang='lat' dir='ltr'><strong>erat</strong></span> <span class='ocrx_word' id='word_1_148' title='bbox 865 1753 1020 1814; x_wconf 85' lang='lat' dir='ltr'><strong>inhabito</strong></span> <span class='ocrx_word' id='word_1_149' title='bbox 1044 1753 1158 1820; x_wconf 80' lang='lat' dir='ltr'><strong>ordinis</strong></span> <span class='ocrx_word' id='word_1_150' title='bbox 1180 1752 1341 1815; x_wconf 88' lang='lat' dir='ltr'><strong>Praedica-</strong></span> 
     </span>
     <span class='ocr_line' id='line_1_17' title="bbox 161 1855 1340 1935; baseline -0.003 -14"><span class='ocrx_word' id='word_1_151' title='bbox 161 1867 278 1929; x_wconf 89' lang='lat' dir='ltr'><strong>tomm,</strong></span> <span class='ocrx_word' id='word_1_152' title='bbox 316 1876 384 1918; x_wconf 91' lang='lat' dir='ltr'><strong>cum</strong></span> <span class='ocrx_word' id='word_1_153' title='bbox 416 1857 477 1917; x_wconf 94' lang='lat' dir='ltr'><strong>lilio</strong></span> <span class='ocrx_word' id='word_1_154' title='bbox 508 1857 538 1916; x_wconf 90' lang='lat' dir='ltr'><strong>in</strong></span> <span class='ocrx_word' id='word_1_155' title='bbox 562 1873 669 1927; x_wconf 91' lang='lat' dir='ltr'><strong>manu,</strong></span> <span class='ocrx_word' id='word_1_156' title='bbox 701 1873 795 1934; x_wconf 90' lang='lat' dir='ltr'><strong>super</strong></span> <span class='ocrx_word' id='word_1_157' title='bbox 828 1855 893 1934; x_wconf 86' lang='lat' dir='ltr'><strong>ejus</strong></span> <span class='ocrx_word' id='word_1_158' title='bbox 923 1863 1011 1935; x_wconf 90' lang='lat' dir='ltr'><strong>caput</strong></span> <span class='ocrx_word' id='word_1_159' title='bbox 1043 1856 1141 1917; x_wconf 87' lang='lat' dir='ltr'><strong>stabat</strong></span> <span class='ocrx_word' id='word_1_160' title='bbox 1174 1859 1340 1935; x_wconf 91' lang='lat' dir='ltr'><strong>scripturn:</strong></span> 
     </span>
     <span class='ocr_line' id='line_1_18' title="bbox 161 1952 1343 2040; baseline -0.003 -16"><span class='ocrx_word' id='word_1_161' title='bbox 161 1960 273 2040; x_wconf 83' lang='lat' dir='ltr'><strong>Hagios</strong></span> <span class='ocrx_word' id='word_1_162' title='bbox 296 1962 488 2030; x_wconf 89' lang='lat' dir='ltr'><strong>Dominicus,</strong></span> <span class='ocrx_word' id='word_1_163' title='bbox 521 1957 612 2018; x_wconf 88' lang='lat' dir='ltr'><strong>etad</strong></span> <span class='ocrx_word' id='word_1_164' title='bbox 642 1959 736 2036; x_wconf 89' lang='lat' dir='ltr'><strong>pedes</strong></span> <span class='ocrx_word' id='word_1_165' title='bbox 768 1962 915 2037; x_wconf 92' lang='lat' dir='ltr'><strong>scripturn</strong></span> <span class='ocrx_word' id='word_1_166' title='bbox 938 1959 1083 2022; x_wconf 88' lang='lat' dir='ltr'><strong>habehat:</strong></span> <span class='ocrx_word' id='word_1_167' title='bbox 1117 1952 1245 2021; x_wconf 79' lang='lat' dir='ltr'><strong>Facilius</strong></span> <span class='ocrx_word' id='word_1_168' title='bbox 1268 1963 1343 2021; x_wconf 89' lang='lat' dir='ltr'><strong>-itur</strong></span> 
     </span>
     <span class='ocr_line' id='line_1_19' title="bbox 161 2060 1342 2144; baseline 0 -20"><span class='ocrx_word' id='word_1_169' title='bbox 161 2066 340 2144; x_wconf 81' lang='lat' dir='ltr'><strong>per&#39;istum.</strong></span> <span class='ocrx_word' id='word_1_170' title='bbox 384 2064 449 2124; x_wconf 85' lang='lat' dir='ltr'><strong>Nec</strong></span> <span class='ocrx_word' id='word_1_171' title='bbox 473 2063 591 2122; x_wconf 90' lang='lat' dir='ltr'><strong>mireris</strong></span> <span class='ocrx_word' id='word_1_172' title='bbox 614 2060 652 2121; x_wconf 87' lang='lat' dir='ltr'><strong>da</strong></span> <span class='ocrx_word' id='word_1_173' title='bbox 676 2063 840 2141; x_wconf 89' lang='lat' dir='ltr'><strong>scriptura,</strong></span> <span class='ocrx_word' id='word_1_174' title='bbox 866 2061 1065 2140; x_wconf 77' lang='lat' dir='ltr'><strong>quadicitur,</strong></span> <span class='ocrx_word' id='word_1_175' title='bbox 1090 2063 1172 2141; x_wconf 87' lang='lat' dir='ltr'><strong>quod</strong></span> <span class='ocrx_word' id='word_1_176' title='bbox 1194 2082 1248 2144; x_wconf 88' lang='lat' dir='ltr'><strong>per</strong></span> <span class='ocrx_word' id='word_1_177' title='bbox 1263 2062 1342 2124; x_wconf 86' lang='lat' dir='ltr'><strong>Pau-</strong></span> 
     </span>
     <span class='ocr_line' id='line_1_20' title="bbox 161 2164 1344 2246; baseline 0 -18"><span class='ocrx_word' id='word_1_178' title='bbox 161 2169 225 2231; x_wconf 91' lang='lat' dir='ltr'><strong>lum</strong></span> <span class='ocrx_word' id='word_1_179' title='bbox 253 2169 313 2227; x_wconf 89' lang='lat' dir='ltr'><strong>itur</strong></span> <span class='ocrx_word' id='word_1_180' title='bbox 345 2165 382 2226; x_wconf 93' lang='lat' dir='ltr'><strong>ad</strong></span> <span class='ocrx_word' id='word_1_181' title='bbox 405 2166 558 2235; x_wconf 85' lang='lat' dir='ltr'><strong>Christum</strong></span> <span class='ocrx_word' id='word_1_182' title='bbox 589 2171 620 2226; x_wconf 93' lang='lat' dir='ltr'><strong>et</strong></span> <span class='ocrx_word' id='word_1_183' title='bbox 650 2183 706 2242; x_wconf 92' lang='lat' dir='ltr'><strong>per</strong></span> <span class='ocrx_word' id='word_1_184' title='bbox 728 2165 920 2229; x_wconf 88' lang='lat' dir='ltr'><strong>Dominioum</strong></span> <span class='ocrx_word' id='word_1_185' title='bbox 943 2164 1076 2237; x_wconf 83' lang='lat' dir='ltr'><strong>facilius,</strong></span> <span class='ocrx_word' id='word_1_186' title='bbox 1108 2169 1178 2246; x_wconf 90' lang='lat' dir='ltr'><strong>quia</strong></span> <span class='ocrx_word' id='word_1_187' title='bbox 1204 2167 1344 2228; x_wconf 87' lang='lat' dir='ltr'><strong>doctrina</strong></span> 
     </span>
     <span class='ocr_line' id='line_1_21' title="bbox 162 2268 1345 2348; baseline -0.001 -16"><span class='ocrx_word' id='word_1_188' title='bbox 162 2271 194 2333; x_wconf 88' lang='lat' dir='ltr'><strong>S.</strong></span> <span class='ocrx_word' id='word_1_189' title='bbox 218 2269 321 2342; x_wconf 90' lang='lat' dir='ltr'><strong>Pauli,</strong></span> <span class='ocrx_word' id='word_1_190' title='bbox 345 2271 424 2331; x_wconf 90' lang='lat' dir='ltr'><strong>sicut</strong></span> <span class='ocrx_word' id='word_1_191' title='bbox 446 2277 635 2332; x_wconf 88' lang='lat' dir='ltr'><strong>caeterorum</strong></span> <span class='ocrx_word' id='word_1_192' title='bbox 659 2268 877 2347; x_wconf 90' lang='lat' dir='ltr'><strong>apostolorum,</strong></span> <span class='ocrx_word' id='word_1_193' title='bbox 901 2268 1030 2330; x_wconf 85' lang='lat' dir='ltr'><strong>ducebat</strong></span> <span class='ocrx_word' id='word_1_194' title='bbox 1053 2268 1090 2329; x_wconf 93' lang='lat' dir='ltr'><strong>ad</strong></span> <span class='ocrx_word' id='word_1_195' title='bbox 1112 2272 1345 2348; x_wconf 83' lang='lat' dir='ltr'><strong>susceptionem</strong></span> 
     </span>
    </p>
   </div>
   <div class='ocr_carea' id='block_1_3' title="bbox 49 2372 1346 2453">
    <p class='ocr_par' dir='ltr' id='par_1_3' title="bbox 49 2372 1346 2453">
     <span class='ocr_line' id='line_1_22' title="bbox 49 2372 1346 2453; baseline -0.002 -15"><span class='ocrx_word' id='word_1_196' title='bbox 49 2422 70 2444; x_wconf 77' lang='grc'><strong><em>,</em></strong></span> <span class='ocrx_word' id='word_1_197' title='bbox 163 2374 233 2438; x_wconf 89' lang='lat' dir='ltr'><strong>iidei</strong></span> <span class='ocrx_word' id='word_1_198' title='bbox 267 2381 374 2453; x_wconf 86' lang='lat' dir='ltr'><strong>gentes</strong></span> <span class='ocrx_word' id='word_1_199' title='bbox 408 2381 439 2435; x_wconf 88' lang='lat' dir='ltr'><strong>et</strong></span> <span class='ocrx_word' id='word_1_200' title='bbox 470 2375 507 2436; x_wconf 89' lang='lat' dir='ltr'><strong>ad</strong></span> <span class='ocrx_word' id='word_1_201' title='bbox 542 2373 762 2434; x_wconf 86' lang='lat' dir='ltr'><strong>observantiam</strong></span> <span class='ocrx_word' id='word_1_202' title='bbox 792 2380 1041 2451; x_wconf 79' lang='lat' dir='ltr'><strong>praeceptornm3</strong></span> <span class='ocrx_word' id='word_1_203' title='bbox 1075 2372 1211 2436; x_wconf 85' lang='lat' dir='ltr'><strong>doctrina</strong></span> <span class='ocrx_word' id='word_1_204' title='bbox 1241 2380 1346 2435; x_wconf 91' lang='lat' dir='ltr'><strong>autem</strong></span> 
     </span>
    </p>
   </div>
   <div class='ocr_carea' id='block_1_4' title="bbox 164 2476 1356 4213">
    <p class='ocr_par' dir='ltr' id='par_1_4' title="bbox 164 2476 1356 4213">
     <span class='ocr_line' id='line_1_23' title="bbox 164 2476 1344 2543; baseline 0.001 -5"><span class='ocrx_word' id='word_1_205' title='bbox 164 2479 315 2540; x_wconf 91' lang='lat' dir='ltr'><strong>Dominici</strong></span> <span class='ocrx_word' id='word_1_206' title='bbox 337 2477 498 2540; x_wconf 90' lang='lat' dir='ltr'><strong>inducebat</strong></span> <span class='ocrx_word' id='word_1_207' title='bbox 523 2477 559 2538; x_wconf 90' lang='lat' dir='ltr'><strong>ad</strong></span> <span class='ocrx_word' id='word_1_208' title='bbox 583 2478 834 2543; x_wconf 82' lang='lat' dir='ltr'><strong>confortationem</strong></span> <span class='ocrx_word' id='word_1_209' title='bbox 864 2476 998 2538; x_wconf 85' lang='lat' dir='ltr'><strong>fidelium</strong></span> <span class='ocrx_word' id='word_1_210' title='bbox 1029 2480 1062 2538; x_wconf 92' lang='lat' dir='ltr'><strong>irr</strong></span> <span class='ocrx_word' id='word_1_211' title='bbox 1084 2477 1144 2539; x_wconf 85' lang='lat' dir='ltr'><strong>fide</strong></span> <span class='ocrx_word' id='word_1_212' title='bbox 1162 2485 1207 2539; x_wconf 76' lang='lat' dir='ltr'><strong>¹et</strong></span> <span class='ocrx_word' id='word_1_213' title='bbox 1230 2477 1267 2540; x_wconf 83' lang='lat' dir='ltr'><strong>ad</strong></span> <span class='ocrx_word' id='word_1_214' title='bbox 1289 2478 1344 2539; x_wconf 76' lang='lat' dir='ltr'><strong>oli-¹</strong></span> 
     </span>
     <span class='ocr_line' id='line_1_24' title="bbox 167 2575 1352 2660; baseline -0.001 -17"><span class='ocrx_word' id='word_1_215' title='bbox 167 2584 349 2644; x_wconf 83' lang='lat' dir='ltr'><strong>servantiam</strong></span> <span class='ocrx_word' id='word_1_216' title='bbox 372 2583 584 2653; x_wconf 92' lang='lat' dir='ltr'><strong>consiliorum,</strong></span> <span class='ocrx_word' id='word_1_217' title='bbox 608 2581 690 2660; x_wconf 91' lang='lat' dir='ltr'><strong>quod</strong></span> <span class='ocrx_word' id='word_1_218' title='bbox 712 2581 818 2659; x_wconf 89' lang='lat' dir='ltr'><strong>utique</strong></span> <span class='ocrx_word' id='word_1_219' title='bbox 833 2578 950 2641; x_wconf 79' lang='lat' dir='ltr'><strong>facilior</strong></span> <span class='ocrx_word' id='word_1_220' title='bbox 964 2583 1011 2642; x_wconf 92' lang='lat' dir='ltr'><strong>via</strong></span> <span class='ocrx_word' id='word_1_221' title='bbox 1035 2587 1092 2642; x_wconf 89' lang='lat' dir='ltr'><strong>est.</strong></span> <span class='ocrx_word' id='word_1_222' title='bbox 1122 2580 1246 2642; x_wconf 81' lang='lat' dir='ltr'><strong>Euhoe</strong></span> <span class='ocrx_word' id='word_1_223' title='bbox 1269 2575 1352 2660; x_wconf 84' lang='lat' dir='ltr'><strong>ergo</strong></span> 
     </span>
     <span class='ocr_line' id='line_1_25' title="bbox 166 2685 1345 2765; baseline 0.003 -17"><span class='ocrx_word' id='word_1_224' title='bbox 166 2686 280 2765; x_wconf 88' lang='lat' dir='ltr'><strong>templo</strong></span> <span class='ocrx_word' id='word_1_225' title='bbox 313 2686 534 2764; x_wconf 85' lang='lat' dir='ltr'><strong>praenuntiatio</strong></span> <span class='ocrx_word' id='word_1_226' title='bbox 569 2687 665 2746; x_wconf 90' lang='lat' dir='ltr'><strong>sancti</strong></span> <span class='ocrx_word' id='word_1_227' title='bbox 693 2685 786 2763; x_wconf 88' lang='lat' dir='ltr'><strong>patris</strong></span> <span class='ocrx_word' id='word_1_228' title='bbox 818 2685 1088 2748; x_wconf 82' lang='lat' dir='ltr'><strong>nostriDominici</strong></span> <span class='ocrx_word' id='word_1_229' title='bbox 1121 2685 1176 2746; x_wconf 90' lang='lat' dir='ltr'><strong>luit</strong></span> <span class='ocrx_word' id='word_1_230' title='bbox 1209 2692 1345 2764; x_wconf 76' lang='lat' dir='ltr'><strong>accepta,</strong></span> 
     </span>
     <span class='ocr_line' id='line_1_26' title="bbox 167 2786 1345 2868; baseline -0.002 -18"><span class='ocrx_word' id='word_1_231' title='bbox 167 2790 254 2867; x_wconf 89' lang='lat' dir='ltr'><strong>cujus</strong></span> <span class='ocrx_word' id='word_1_232' title='bbox 277 2790 394 2868; x_wconf 88' lang='lat' dir='ltr'><strong>pictura</strong></span> <span class='ocrx_word' id='word_1_233' title='bbox 417 2795 448 2849; x_wconf 88' lang='lat' dir='ltr'><strong>et</strong></span> <span class='ocrx_word' id='word_1_234' title='bbox 470 2807 580 2849; x_wconf 89' lang='lat' dir='ltr'><strong>nomen</strong></span> <span class='ocrx_word' id='word_1_235' title='bbox 603 2794 728 2867; x_wconf 89' lang='lat' dir='ltr'><strong>recepta</strong></span> <span class='ocrx_word' id='word_1_236' title='bbox 752 2793 799 2848; x_wconf 88' lang='lat' dir='ltr'><strong>est</strong></span> <span class='ocrx_word' id='word_1_237' title='bbox 821 2792 944 2847; x_wconf 89' lang='lat' dir='ltr'><strong>centum</strong></span> <span class='ocrx_word' id='word_1_238' title='bbox 968 2794 1000 2849; x_wconf 93' lang='lat' dir='ltr'><strong>et</strong></span> <span class='ocrx_word' id='word_1_239' title='bbox 1021 2786 1079 2847; x_wconf 84' lang='lat' dir='ltr'><strong>XX</strong></span> <span class='ocrx_word' id='word_1_240' title='bbox 1108 2789 1229 2848; x_wconf 89' lang='lat' dir='ltr'><strong>circiter</strong></span> <span class='ocrx_word' id='word_1_241' title='bbox 1258 2790 1345 2848; x_wconf 88' lang='lat' dir='ltr'><strong>annis</strong></span> 
     </span>
     <span class='ocr_line' id='line_1_27' title="bbox 168 2889 1347 2969; baseline -0.004 -12"><span class='ocrx_word' id='word_1_242' title='bbox 168 2899 237 2957; x_wconf 84' lang='lat' dir='ltr'><strong>ante</strong></span> <span class='ocrx_word' id='word_1_243' title='bbox 268 2894 455 2953; x_wconf 85' lang='lat' dir='ltr'><strong>nativitatem</strong></span> <span class='ocrx_word' id='word_1_244' title='bbox 477 2894 508 2953; x_wconf 86' lang='lat' dir='ltr'><strong>S.</strong></span> <span class='ocrx_word' id='word_1_245' title='bbox 532 2893 692 2952; x_wconf 88' lang='lat' dir='ltr'><strong>Dominici.</strong></span> <span class='ocrx_word' id='word_1_246' title='bbox 738 2889 902 2969; x_wconf 89' lang='lat' dir='ltr'><strong>Postquam</strong></span> <span class='ocrx_word' id='word_1_247' title='bbox 932 2897 1032 2951; x_wconf 92' lang='lat' dir='ltr'><strong>autem</strong></span> <span class='ocrx_word' id='word_1_248' title='bbox 1055 2890 1087 2951; x_wconf 92' lang='lat' dir='ltr'><strong>S.</strong></span> <span class='ocrx_word' id='word_1_249' title='bbox 1110 2891 1285 2952; x_wconf 89' lang='lat' dir='ltr'><strong>Dominicus</strong></span> <span class='ocrx_word' id='word_1_250' title='bbox 1313 2892 1347 2952; x_wconf 91' lang='lat' dir='ltr'><strong>in</strong></span> 
     </span>
     <span class='ocr_line' id='line_1_28' title="bbox 168 2991 1349 3074; baseline -0.001 -19"><span class='ocrx_word' id='word_1_251' title='bbox 168 2994 280 3055; x_wconf 91' lang='lat' dir='ltr'><strong>mundo</strong></span> <span class='ocrx_word' id='word_1_252' title='bbox 305 2995 411 3055; x_wconf 88' lang='lat' dir='ltr'><strong>claruit</strong></span> <span class='ocrx_word' id='word_1_253' title='bbox 447 2993 540 3074; x_wconf 73' lang='lat'>(217</span> <span class='ocrx_word' id='word_1_254' title='bbox 556 2991 617 3073; x_wconf 74' lang='lat' dir='ltr'><strong>a),</strong></span> <span class='ocrx_word' id='word_1_255' title='bbox 639 2994 734 3071; x_wconf 91' lang='lat' dir='ltr'><strong>ipsius</strong></span> <span class='ocrx_word' id='word_1_256' title='bbox 757 2996 920 3073; x_wconf 86' lang='lat' dir='ltr'><strong>imaginem</strong></span> <span class='ocrx_word' id='word_1_257' title='bbox 943 3000 1177 3066; x_wconf 88' lang='lat' dir='ltr'><strong>renovaverunt,</strong></span> <span class='ocrx_word' id='word_1_258' title='bbox 1207 2993 1349 3054; x_wconf 88' lang='lat' dir='ltr'><strong>similiter</strong></span> 
     </span>
     <span class='ocr_line' id='line_1_29' title="bbox 170 3096 1348 3177; baseline -0.001 -17"><span class='ocrx_word' id='word_1_259' title='bbox 170 3105 201 3160; x_wconf 89' lang='lat' dir='ltr'><strong>et</strong></span> <span class='ocrx_word' id='word_1_260' title='bbox 223 3098 255 3159; x_wconf 87' lang='lat' dir='ltr'><strong>S.</strong></span> <span class='ocrx_word' id='word_1_261' title='bbox 278 3096 360 3159; x_wconf 89' lang='lat' dir='ltr'><strong>Petri</strong></span> <span class='ocrx_word' id='word_1_262' title='bbox 381 3101 538 3177; x_wconf 81' lang='lat' dir='ltr'><strong>martyris;</strong></span> <span class='ocrx_word' id='word_1_263' title='bbox 574 3101 658 3158; x_wconf 92' lang='lat' dir='ltr'><strong>etin</strong></span> <span class='ocrx_word' id='word_1_264' title='bbox 681 3097 737 3157; x_wconf 94' lang='lat' dir='ltr'><strong>alia</strong></span> <span class='ocrx_word' id='word_1_265' title='bbox 760 3104 846 3176; x_wconf 92' lang='lat' dir='ltr'><strong>parte</strong></span> <span class='ocrx_word' id='word_1_266' title='bbox 865 3097 928 3174; x_wconf 89' lang='lat' dir='ltr'><strong>jam</strong></span> <span class='ocrx_word' id='word_1_267' title='bbox 951 3098 1068 3159; x_wconf 92' lang='lat' dir='ltr'><strong>noviter</strong></span> <span class='ocrx_word' id='word_1_268' title='bbox 1094 3112 1187 3177; x_wconf 89' lang='lat' dir='ltr'><strong>opero</strong></span> <span class='ocrx_word' id='word_1_269' title='bbox 1211 3101 1348 3159; x_wconf 90' lang='lat' dir='ltr'><strong>musaico</strong></span> 
     </span>
     <span class='ocr_line' id='line_1_30' title="bbox 169 3189 1348 3280; baseline -0.001 -17"><span class='ocrx_word' id='word_1_270' title='bbox 169 3204 315 3280; x_wconf 88' lang='lat' dir='ltr'><strong>imagines</strong></span> <span class='ocrx_word' id='word_1_271' title='bbox 349 3201 380 3261; x_wconf 88' lang='lat' dir='ltr'><strong>S.</strong></span> <span class='ocrx_word' id='word_1_272' title='bbox 411 3200 544 3261; x_wconf 93' lang='lat' dir='ltr'><strong>Thomae</strong></span> <span class='ocrx_word' id='word_1_273' title='bbox 579 3201 728 3263; x_wconf 89' lang='lat' dir='ltr'><strong>Vincentii</strong></span> <span class='ocrx_word' id='word_1_274' title='bbox 763 3207 794 3261; x_wconf 90' lang='lat' dir='ltr'><strong>et</strong></span> <span class='ocrx_word' id='word_1_275' title='bbox 829 3189 1006 3263; x_wconf 83' lang='lat' dir='ltr'><strong>Catharinae</strong></span> <span class='ocrx_word' id='word_1_276' title='bbox 1040 3200 1078 3261; x_wconf 94' lang='lat' dir='ltr'><strong>de</strong></span> <span class='ocrx_word' id='word_1_277' title='bbox 1112 3200 1201 3262; x_wconf 90' lang='lat' dir='ltr'><strong>Senis</strong></span> <span class='ocrx_word' id='word_1_278' title='bbox 1234 3219 1348 3280; x_wconf 89' lang='lat' dir='ltr'><strong>posue-</strong></span> 
     </span>
     <span class='ocr_line' id='line_1_31' title="bbox 170 3303 1350 3384; baseline -0.002 -16"><span class='ocrx_word' id='word_1_279' title='bbox 170 3312 240 3368; x_wconf 91' lang='lat' dir='ltr'><strong>runt</strong></span> <span class='ocrx_word' id='word_1_280' title='bbox 277 3312 308 3367; x_wconf 92' lang='lat' dir='ltr'><strong>et</strong></span> <span class='ocrx_word' id='word_1_281' title='bbox 338 3307 370 3367; x_wconf 90' lang='lat' dir='ltr'><strong>S.</strong></span> <span class='ocrx_word' id='word_1_282' title='bbox 394 3304 587 3367; x_wconf 87' lang='lat' dir='ltr'><strong>Franciscum</strong></span> <span class='ocrx_word' id='word_1_283' title='bbox 620 3322 689 3367; x_wconf 89' lang='lat' dir='ltr'><strong>curn</strong></span> <span class='ocrx_word' id='word_1_284' title='bbox 720 3322 775 3366; x_wconf 91' lang='lat' dir='ltr'><strong>sua</strong></span> <span class='ocrx_word' id='word_1_285' title='bbox 808 3303 874 3368; x_wconf 93' lang='lat' dir='ltr'><strong>diva</strong></span> <span class='ocrx_word' id='word_1_286' title='bbox 907 3305 1011 3383; x_wconf 91' lang='lat' dir='ltr'><strong>prole,</strong></span> <span class='ocrx_word' id='word_1_287' title='bbox 1054 3321 1113 3366; x_wconf 88' lang='lat' dir='ltr'><strong>nec</strong></span> <span class='ocrx_word' id='word_1_288' title='bbox 1145 3311 1216 3366; x_wconf 89' lang='lat' dir='ltr'><strong>sunt</strong></span> <span class='ocrx_word' id='word_1_289' title='bbox 1248 3307 1350 3384; x_wconf 91' lang='lat' dir='ltr'><strong>parvi·</strong></span> 
     </span>
     <span class='ocr_line' id='line_1_32' title="bbox 171 3388 1350 3489; baseline -0.002 -19"><span class='ocrx_word' id='word_1_290' title='bbox 171 3408 345 3489; x_wconf 88' lang='lat' dir='ltr'><strong>pendenda,</strong></span> <span class='ocrx_word' id='word_1_291' title='bbox 380 3426 458 3488; x_wconf 88' lang='lat' dir='ltr'><strong>quac</strong></span> <span class='ocrx_word' id='word_1_292' title='bbox 489 3410 521 3470; x_wconf 90' lang='lat' dir='ltr'><strong>irr</strong></span> <span class='ocrx_word' id='word_1_293' title='bbox 543 3400 603 3470; x_wconf 82' lang='lat' dir='ltr'><strong>illa</strong></span> <span class='ocrx_word' id='word_1_294' title='bbox 625 3408 754 3469; x_wconf 85' lang='lat' dir='ltr'><strong>ecclesia</strong></span> <span class='ocrx_word' id='word_1_295' title='bbox 778 3388 849 3468; x_wconf 90' lang='lat' dir='ltr'><strong>sunt</strong></span> <span class='ocrx_word' id='word_1_296' title='bbox 871 3408 1006 3486; x_wconf 87' lang='lat' dir='ltr'><strong>depicta,</strong></span> <span class='ocrx_word' id='word_1_297' title='bbox 1036 3410 1187 3486; x_wconf 92' lang='lat' dir='ltr'><strong>quianon</strong></span> <span class='ocrx_word' id='word_1_298' title='bbox 1211 3411 1350 3480; x_wconf 90' lang='lat' dir='ltr'><strong>aestimo,</strong></span> 
     </span>
     <span class='ocr_line' id='line_1_33' title="bbox 169 3510 1350 3592; baseline -0.003 -18"><span class='ocrx_word' id='word_1_299' title='bbox 169 3514 201 3574; x_wconf 90' lang='lat' dir='ltr'><strong>in</strong></span> <span class='ocrx_word' id='word_1_300' title='bbox 223 3512 336 3575; x_wconf 93' lang='lat' dir='ltr'><strong>mundo</strong></span> <span class='ocrx_word' id='word_1_301' title='bbox 361 3530 430 3574; x_wconf 90' lang='lat' dir='ltr'><strong>esse</strong></span> <span class='ocrx_word' id='word_1_302' title='bbox 457 3514 670 3592; x_wconf 90' lang='lat' dir='ltr'><strong>pretiosiorem</strong></span> <span class='ocrx_word' id='word_1_303' title='bbox 701 3513 865 3589; x_wconf 86' lang='lat' dir='ltr'><strong>picturam,</strong></span> <span class='ocrx_word' id='word_1_304' title='bbox 900 3510 1008 3572; x_wconf 89' lang='lat' dir='ltr'><strong>demtis</strong></span> <span class='ocrx_word' id='word_1_305' title='bbox 1041 3513 1167 3590; x_wconf 90' lang='lat' dir='ltr'><strong>picturis</strong></span> <span class='ocrx_word' id='word_1_306' title='bbox 1199 3511 1350 3572; x_wconf 88' lang='lat' dir='ltr'><strong>ecclesiae</strong></span> 
     </span>
     <span class='ocr_line' id='line_1_34' title="bbox 170 3615 1351 3694; baseline -0.001 -17"><span class='ocrx_word' id='word_1_307' title='bbox 170 3615 463 3689; x_wconf 90' lang='lat' dir='ltr'><strong>Bethlehemitanae,</strong></span> <span class='ocrx_word' id='word_1_308' title='bbox 496 3634 555 3677; x_wconf 90' lang='lat' dir='ltr'><strong>nee</strong></span> <span class='ocrx_word' id='word_1_309' title='bbox 576 3615 637 3677; x_wconf 91' lang='lat' dir='ltr'><strong>vidi</strong></span> <span class='ocrx_word' id='word_1_310' title='bbox 652 3617 864 3694; x_wconf 33' lang='lat' dir='ltr'><strong>,pavimentum</strong></span> <span class='ocrx_word' id='word_1_311' title='bbox 886 3615 985 3679; x_wconf 86' lang='lat' dir='ltr'><strong>simile</strong></span> <span class='ocrx_word' id='word_1_312' title='bbox 1009 3633 1066 3677; x_wconf 91' lang='lat' dir='ltr'><strong>nec</strong></span> <span class='ocrx_word' id='word_1_313' title='bbox 1089 3615 1271 3677; x_wconf 88' lang='lat' dir='ltr'><strong>tabulaturas</strong></span> <span class='ocrx_word' id='word_1_314' title='bbox 1296 3632 1351 3694; x_wconf 90' lang='lat' dir='ltr'><strong>pa·</strong></span> 
     </span>
     <span class='ocr_line' id='line_1_35' title="bbox 173 3716 1350 3807; baseline -0.003 -27"><span class='ocrx_word' id='word_1_315' title='bbox 173 3722 282 3781; x_wconf 86' lang='lat' dir='ltr'><strong>rictum</strong></span> <span class='ocrx_word' id='word_1_316' title='bbox 305 3739 361 3781; x_wconf 90' lang='lat' dir='ltr'><strong>nec</strong></span> <span class='ocrx_word' id='word_1_317' title='bbox 383 3727 464 3783; x_wconf 90' lang='lat' dir='ltr'><strong>tecta</strong></span> <span class='ocrx_word' id='word_1_318' title='bbox 485 3720 676 3781; x_wconf 88' lang='lat' dir='ltr'><strong>mirabiliora.</strong></span> <span class='ocrx_word' id='word_1_319' title='bbox 703 3719 898 3807; x_wconf 13' lang='lat' dir='ltr'><strong>&#39;Campanilc</strong></span> <span class='ocrx_word' id='word_1_320' title='bbox 921 3722 985 3783; x_wconf 91' lang='lat' dir='ltr'><strong>sive</strong></span> <span class='ocrx_word' id='word_1_321' title='bbox 1007 3721 1099 3780; x_wconf 90' lang='lat' dir='ltr'><strong>turris</strong></span> <span class='ocrx_word' id='word_1_322' title='bbox 1122 3718 1154 3779; x_wconf 91' lang='lat' dir='ltr'><strong>S.</strong></span> <span class='ocrx_word' id='word_1_323' title='bbox 1170 3716 1266 3779; x_wconf 87' lang='lat' dir='ltr'><strong>Marci</strong></span> <span class='ocrx_word' id='word_1_324' title='bbox 1287 3736 1350 3778; x_wconf 91' lang='lat' dir='ltr'><strong>non</strong></span> 
     </span>
     <span class='ocr_line' id='line_1_36' title="bbox 174 3822 1353 3904; baseline -0.001 -22"><span class='ocrx_word' id='word_1_325' title='bbox 174 3828 222 3882; x_wconf 86' lang='lat' dir='ltr'><strong>est</strong></span> <span class='ocrx_word' id='word_1_326' title='bbox 245 3823 405 3899; x_wconf 86' lang='lat' dir='ltr'><strong>conjuncta</strong></span> <span class='ocrx_word' id='word_1_327' title='bbox 428 3824 593 3894; x_wconf 86' lang='lat' dir='ltr'><strong>ecclesiae,</strong></span> <span class='ocrx_word' id='word_1_328' title='bbox 627 3822 683 3883; x_wconf 89' lang='lat' dir='ltr'><strong>sed</strong></span> <span class='ocrx_word' id='word_1_329' title='bbox 705 3823 805 3900; x_wconf 89' lang='lat' dir='ltr'><strong>platea</strong></span> <span class='ocrx_word' id='word_1_330' title='bbox 832 3823 1013 3884; x_wconf 87' lang='lat' dir='ltr'><strong>intermedia</strong></span> <span class='ocrx_word' id='word_1_331' title='bbox 1041 3825 1073 3883; x_wconf 92' lang='lat' dir='ltr'><strong>in</strong></span> <span class='ocrx_word' id='word_1_332' title='bbox 1094 3829 1180 3904; x_wconf 87' lang='lat' dir='ltr'><strong>parte</strong></span> <span class='ocrx_word' id='word_1_333' title='bbox 1215 3823 1272 3882; x_wconf 86' lang='lat' dir='ltr'><strong>alia</strong></span> <span class='ocrx_word' id='word_1_334' title='bbox 1302 3827 1353 3881; x_wconf 89' lang='lat' dir='ltr'><strong>est</strong></span> 
     </span>
     <span class='ocr_line' id='line_1_37' title="bbox 174 3923 1353 4004; baseline -0.003 -18"><span class='ocrx_word' id='word_1_335' title='bbox 174 3923 363 3986; x_wconf 88' lang='lat' dir='ltr'><strong>aedificatum</strong></span> <span class='ocrx_word' id='word_1_336' title='bbox 385 3943 441 4004; x_wconf 91' lang='lat' dir='ltr'><strong>per</strong></span> <span class='ocrx_word' id='word_1_337' title='bbox 462 3926 672 3996; x_wconf 90' lang='lat' dir='ltr'><strong>Dominioum,</strong></span> <span class='ocrx_word' id='word_1_338' title='bbox 696 3925 805 3987; x_wconf 84' lang='lat' dir='ltr'><strong>ducem</strong></span> <span class='ocrx_word' id='word_1_339' title='bbox 826 3923 879 3989; x_wconf 82' lang='grc'><strong>40.</strong></span> <span class='ocrx_word' id='word_1_340' title='bbox 903 3926 1105 3999; x_wconf 84' lang='lat' dir='ltr'><strong>Venetorum,</strong></span> <span class='ocrx_word' id='word_1_341' title='bbox 1130 3944 1207 3987; x_wconf 91' lang='lat' dir='ltr'><strong>anno</strong></span> <span class='ocrx_word' id='word_1_342' title='bbox 1228 3924 1353 3985; x_wconf 87' lang='lat' dir='ltr'><strong>Domini</strong></span> 
     </span>
     <span class='ocr_line' id='line_1_38' title="bbox 177 4024 1353 4111; baseline -0.007 -16"><span class='ocrx_word' id='word_1_343' title='bbox 177 4024 273 4099; x_wconf 82' lang='lat'><strong>1148,</strong></span> <span class='ocrx_word' id='word_1_344' title='bbox 297 4030 329 4089; x_wconf 92' lang='lat' dir='ltr'><strong>in</strong></span> <span class='ocrx_word' id='word_1_345' title='bbox 351 4045 441 4106; x_wconf 89' lang='lat' dir='ltr'><strong>quam</strong></span> <span class='ocrx_word' id='word_1_346' title='bbox 463 4029 571 4091; x_wconf 91' lang='lat' dir='ltr'><strong>turrim</strong></span> <span class='ocrx_word' id='word_1_347' title='bbox 586 4044 746 4111; x_wconf 81' lang='lat' dir='ltr'><strong>campanas</strong></span> <span class='ocrx_word' id='word_1_348' title='bbox 762 4029 929 4109; x_wconf 85' lang='lat' dir='ltr'><strong>suspendit,</strong></span> <span class='ocrx_word' id='word_1_349' title='bbox 952 4047 1030 4110; x_wconf 87' lang='lat' dir='ltr'><strong>quae</strong></span> <span class='ocrx_word' id='word_1_350' title='bbox 1047 4031 1130 4111; x_wconf 91' lang='lat' dir='ltr'><strong>prius</strong></span> <span class='ocrx_word' id='word_1_351' title='bbox 1145 4031 1176 4090; x_wconf 90' lang='lat' dir='ltr'><strong>in</strong></span> <span class='ocrx_word' id='word_1_352' title='bbox 1191 4027 1353 4090; x_wconf 79' lang='lat' dir='ltr'><strong>humiliore</strong></span> 
     </span>
     <span class='ocr_line' id='line_1_39' title="bbox 175 4130 1356 4213; baseline 0 -20"><span class='ocrx_word' id='word_1_353' title='bbox 175 4130 242 4193; x_wconf 92' lang='lat' dir='ltr'><strong>loco</strong></span> <span class='ocrx_word' id='word_1_354' title='bbox 266 4137 351 4193; x_wconf 88' lang='lat' dir='ltr'><strong>erant</strong></span> <span class='ocrx_word' id='word_1_355' title='bbox 373 4149 550 4212; x_wconf 89' lang='lat' dir='ltr'><strong>suspensae.</strong></span> <span class='ocrx_word' id='word_1_356' title='bbox 587 4130 728 4213; x_wconf 89' lang='lat' dir='ltr'><strong>Optimae</strong></span> <span class='ocrx_word' id='word_1_357' title='bbox 744 4137 824 4196; x_wconf 92' lang='lat' dir='ltr'><strong>enim</strong></span> <span class='ocrx_word' id='word_1_358' title='bbox 840 4138 1050 4198; x_wconf 86' lang='lat' dir='ltr'><strong>sonorositatis</strong></span> <span class='ocrx_word' id='word_1_359' title='bbox 1074 4140 1145 4197; x_wconf 88' lang='lat' dir='ltr'><strong>sunt</strong></span> <span class='ocrx_word' id='word_1_360' title='bbox 1167 4132 1356 4202; x_wconf 87' lang='lat' dir='ltr'><strong>Venetianao</strong></span> 
     </span>
    </p>
   </div>
   <div class='ocr_carea' id='block_1_5' title="bbox 0 0 1480 4710">
    <p class='ocr_par' dir='ltr' id='par_1_5' title="bbox 0 0 1480 4710">
     <span class='ocr_line' id='line_1_40' title="bbox 0 0 1480 4710; baseline 0 0"><span class='ocrx_word' id='word_1_361' title='bbox 0 0 1480 4710; x_wconf 95' lang='lat' dir='ltr'><strong> </strong></span> 
     </span>
    </p>
   </div>
  </div>
 </body>
</html>
