<?xml version="1.0" encoding="UTF-8"?>
<!DOCTYPE html PUBLIC "-//W3C//DTD XHTML 1.0 Transitional//EN"
    "http://www.w3.org/TR/xhtml1/DTD/xhtml1-transitional.dtd">
<html xmlns="http://www.w3.org/1999/xhtml" xml:lang="en" lang="en">
 <head>
  <title>
</title>
<meta http-equiv="Content-Type" content="text/html;charset=utf-8" />
  <meta name='ocr-system' content='tesseract 3.04.00' />
  <meta name='ocr-capabilities' content='ocr_page ocr_carea ocr_par ocr_line ocrx_word'/>
</head>
<body>
  <div class='ocr_page' id='page_1' title='image "./fratrisfelicisf00fabrgoog_0275.png"; bbox 0 0 2874 4770; ppageno 0'>
   <div class='ocr_carea' id='block_1_1' title="bbox 689 145 756 214">
    <p class='ocr_par' dir='ltr' id='par_1_1' title="bbox 689 145 756 214">
     <span class='ocr_line' id='line_1_1' title="bbox 689 145 756 214; baseline 0 0"><span class='ocrx_word' id='word_1_1' title='bbox 689 145 756 214; x_wconf 77' lang='lat' dir='ltr'>m</span> 
     </span>
    </p>
   </div>
   <div class='ocr_carea' id='block_1_2' title="bbox 121 322 1310 4270">
    <p class='ocr_par' dir='ltr' id='par_1_2' title="bbox 131 322 1310 507">
     <span class='ocr_line' id='line_1_2' title="bbox 131 322 1310 404; baseline -0.002 -17"><span class='ocrx_word' id='word_1_2' title='bbox 131 334 203 387; x_wconf 91' lang='lat' dir='ltr'>sunt</span> <span class='ocrx_word' id='word_1_3' title='bbox 225 327 306 386; x_wconf 86' lang='lat' dir='ltr'>enim</span> <span class='ocrx_word' id='word_1_4' title='bbox 331 325 364 385; x_wconf 82' lang='lat' dir='ltr'>in</span> <span class='ocrx_word' id='word_1_5' title='bbox 392 339 430 384; x_wconf 79' lang='lat' dir='ltr'>ea</span> <span class='ocrx_word' id='word_1_6' title='bbox 460 322 565 402; x_wconf 84' lang='lat' dir='ltr'>plures</span> <span class='ocrx_word' id='word_1_7' title='bbox 592 322 752 384; x_wconf 68' lang='lat' dir='ltr'>beandas</span> <span class='ocrx_word' id='word_1_8' title='bbox 780 322 961 402; x_wconf 73' lang='lat' dir='ltr'>speluncae,</span> <span class='ocrx_word' id='word_1_9' title='bbox 994 324 1026 382; x_wconf 90' lang='lat' dir='ltr'>iu</span> <span class='ocrx_word' id='word_1_10' title='bbox 1058 323 1170 401; x_wconf 88' lang='lat' dir='ltr'>quibus</span> <span class='ocrx_word' id='word_1_11' title='bbox 1198 327 1310 404; x_wconf 76' lang='lat' dir='ltr'><strong>antiqui</strong></span> 
     </span>
     <span class='ocr_line' id='line_1_3' title="bbox 131 427 734 507; baseline -0.008 -16"><span class='ocrx_word' id='word_1_12' title='bbox 131 430 252 491; x_wconf 83' lang='lat' dir='ltr'>oracula</span> <span class='ocrx_word' id='word_1_13' title='bbox 275 428 517 507; x_wconf 72' lang='lat' dir='ltr'>Demogorgonis</span> <span class='ocrx_word' id='word_1_14' title='bbox 537 427 734 505; x_wconf 68' lang='lat' dir='ltr'>quaerebant.</span> 
     </span>
    </p>

    <p class='ocr_par' dir='ltr' id='par_1_3' title="bbox 129 532 1307 1133">
     <span class='ocr_line' id='line_1_4' title="bbox 217 532 1307 612; baseline -0.002 -16"><span class='ocrx_word' id='word_1_15' title='bbox 217 537 276 597; x_wconf 77' lang='lat' dir='ltr'>atii</span> <span class='ocrx_word' id='word_1_16' title='bbox 299 533 425 605; x_wconf 83' lang='lat' dir='ltr'>dieunt,</span> <span class='ocrx_word' id='word_1_17' title='bbox 446 534 579 594; x_wconf 83' lang='lat' dir='ltr'>insulam</span> <span class='ocrx_word' id='word_1_18' title='bbox 600 534 685 594; x_wconf 85' lang='lat' dir='ltr'>illam</span> <span class='ocrx_word' id='word_1_19' title='bbox 706 552 777 594; x_wconf 86' lang='lat' dir='ltr'>esse</span> <span class='ocrx_word' id='word_1_20' title='bbox 793 533 915 594; x_wconf 76' lang='lat' dir='ltr'>Cretam</span> <span class='ocrx_word' id='word_1_21' title='bbox 929 532 1042 594; x_wconf 90' lang='lat' dir='ltr'>dictam</span> <span class='ocrx_word' id='word_1_22' title='bbox 1063 540 1191 612; x_wconf 86' lang='lat' dir='ltr'>propter</span> <span class='ocrx_word' id='word_1_23' title='bbox 1213 541 1307 594; x_wconf 85' lang='lat' dir='ltr'>terrae</span> 
     </span>
     <span class='ocr_line' id='line_1_5' title="bbox 130 637 1307 725; baseline -0.001 -23"><span class='ocrx_word' id='word_1_24' title='bbox 130 641 212 702; x_wconf 89' lang='lat' dir='ltr'>illius</span> <span class='ocrx_word' id='word_1_25' title='bbox 234 639 415 711; x_wconf 77' lang='lat' dir='ltr'>albedinem,</span> <span class='ocrx_word' id='word_1_26' title='bbox 438 642 507 717; x_wconf 87' lang='lat' dir='ltr'>quia</span> <span class='ocrx_word' id='word_1_27' title='bbox 531 645 633 725; x_wconf 76' lang='lat' dir='ltr'>creta,</span> <span class='ocrx_word' id='word_1_28' title='bbox 665 657 725 718; x_wconf 81' lang='lat' dir='ltr'>qua</span> <span class='ocrx_word' id='word_1_29' title='bbox 747 639 890 699; x_wconf 83' lang='lat' dir='ltr'>scribitur</span> <span class='ocrx_word' id='word_1_30' title='bbox 911 637 947 698; x_wconf 88' lang='lat' dir='ltr'>ad</span> <span class='ocrx_word' id='word_1_31' title='bbox 970 641 1117 717; x_wconf 83' lang='lat' dir='ltr'>parietes,</span> <span class='ocrx_word' id='word_1_32' title='bbox 1149 646 1199 699; x_wconf 89' lang='lat' dir='ltr'>est</span> <span class='ocrx_word' id='word_1_33' title='bbox 1220 642 1252 700; x_wconf 89' lang='lat' dir='ltr'>iu</span> <span class='ocrx_word' id='word_1_34' title='bbox 1274 659 1307 701; x_wconf 88' lang='lat' dir='ltr'>ea</span> 
     </span>
     <span class='ocr_line' id='line_1_6' title="bbox 130 742 1307 824; baseline -0.002 -19"><span class='ocrx_word' id='word_1_35' title='bbox 130 748 255 824; x_wconf 79' lang='lat' dir='ltr'>copiosa</span> <span class='ocrx_word' id='word_1_36' title='bbox 277 751 310 804; x_wconf 83' lang='lat' dir='ltr'>et</span> <span class='ocrx_word' id='word_1_37' title='bbox 331 747 456 823; x_wconf 78' lang='lat' dir='ltr'>optima</span> <span class='ocrx_word' id='word_1_38' title='bbox 484 742 548 803; x_wconf 80' lang='lat' dir='ltr'>Alii</span> <span class='ocrx_word' id='word_1_39' title='bbox 569 742 690 814; x_wconf 83' lang='lat' dir='ltr'>dicunt,</span> <span class='ocrx_word' id='word_1_40' title='bbox 713 742 798 821; x_wconf 78' lang='lat' dir='ltr'>quod</span> <span class='ocrx_word' id='word_1_41' title='bbox 819 743 892 803; x_wconf 81' lang='lat' dir='ltr'>licet</span> <span class='ocrx_word' id='word_1_42' title='bbox 907 742 996 804; x_wconf 83' lang='lat' dir='ltr'>Creta</span> <span class='ocrx_word' id='word_1_43' title='bbox 1017 746 1054 803; x_wconf 84' lang='lat' dir='ltr'>sit</span> <span class='ocrx_word' id='word_1_44' title='bbox 1071 761 1143 822; x_wconf 86' lang='lat' dir='ltr'>pars</span> <span class='ocrx_word' id='word_1_45' title='bbox 1156 742 1307 814; x_wconf 83' lang='lat' dir='ltr'>Graeciae,</span> 
     </span>
     <span class='ocr_line' id='line_1_7' title="bbox 129 845 1306 927; baseline -0.004 -16"><span class='ocrx_word' id='word_1_46' title='bbox 129 857 231 911; x_wconf 70' lang='lat' dir='ltr'>umen</span> <span class='ocrx_word' id='word_1_47' title='bbox 254 849 370 927; x_wconf 79' lang='lat' dir='ltr'>antiqui</span> <span class='ocrx_word' id='word_1_48' title='bbox 392 845 502 907; x_wconf 81' lang='lat' dir='ltr'>Graeci</span> <span class='ocrx_word' id='word_1_49' title='bbox 523 845 677 918; x_wconf 81' lang='lat' dir='ltr'>nolebant,</span> <span class='ocrx_word' id='word_1_50' title='bbox 699 845 782 924; x_wconf 88' lang='lat' dir='ltr'>qnod</span> <span class='ocrx_word' id='word_1_51' title='bbox 804 847 848 906; x_wconf 88' lang='lat' dir='ltr'>illi</span> <span class='ocrx_word' id='word_1_52' title='bbox 871 845 909 906; x_wconf 85' lang='lat' dir='ltr'>de</span> <span class='ocrx_word' id='word_1_53' title='bbox 931 849 988 907; x_wconf 83' lang='lat' dir='ltr'>ista</span> <span class='ocrx_word' id='word_1_54' title='bbox 1011 848 1109 907; x_wconf 87' lang='lat' dir='ltr'>insula</span> <span class='ocrx_word' id='word_1_55' title='bbox 1132 848 1165 907; x_wconf 91' lang='lat' dir='ltr'>in</span> <span class='ocrx_word' id='word_1_56' title='bbox 1188 850 1306 908; x_wconf 89' lang='lat' dir='ltr'>nomine</span> 
     </span>
     <span class='ocr_line' id='line_1_8' title="bbox 130 951 1306 1034; baseline -0.003 -18"><span class='ocrx_word' id='word_1_57' title='bbox 130 972 201 1016; x_wconf 83' lang='lat' dir='ltr'>cnm</span> <span class='ocrx_word' id='word_1_58' title='bbox 224 957 271 1016; x_wconf 84' lang='lat' dir='ltr'>eis</span> <span class='ocrx_word' id='word_1_59' title='bbox 292 955 522 1034; x_wconf 76' lang='lat' dir='ltr'>participarent,</span> <span class='ocrx_word' id='word_1_60' title='bbox 544 952 600 1014; x_wconf 89' lang='lat' dir='ltr'>sed</span> <span class='ocrx_word' id='word_1_61' title='bbox 623 951 797 1014; x_wconf 84' lang='lat' dir='ltr'>dicerentur</span> <span class='ocrx_word' id='word_1_62' title='bbox 807 953 933 1026; x_wconf 81' lang='lat' dir='ltr'>Cretes,</span> <span class='ocrx_word' id='word_1_63' title='bbox 955 960 987 1012; x_wconf 86' lang='lat' dir='ltr'>et</span> <span class='ocrx_word' id='word_1_64' title='bbox 1009 971 1070 1013; x_wconf 91' lang='lat' dir='ltr'>nou</span> <span class='ocrx_word' id='word_1_65' title='bbox 1092 951 1220 1023; x_wconf 84' lang='lat' dir='ltr'>Graeci,</span> <span class='ocrx_word' id='word_1_66' title='bbox 1243 954 1306 1031; x_wconf 88' lang='lat' dir='ltr'>quia</span> 
     </span>
     <span class='ocr_line' id='line_1_9' title="bbox 131 1055 576 1133; baseline -0.011 -13"><span class='ocrx_word' id='word_1_67' title='bbox 131 1058 292 1120; x_wconf 76' lang='lat' dir='ltr'>Cretemes</span> <span class='ocrx_word' id='word_1_68' title='bbox 314 1065 400 1119; x_wconf 87' lang='lat' dir='ltr'>erant</span> <span class='ocrx_word' id='word_1_69' title='bbox 422 1055 576 1133; x_wconf 75' lang='lat' dir='ltr'>malitiosi.</span> 
     </span>
    </p>

    <p class='ocr_par' dir='ltr' id='par_1_4' title="bbox 123 1158 1307 3223">
     <span class='ocr_line' id='line_1_10' title="bbox 215 1158 1305 1239; baseline -0.005 -14"><span class='ocrx_word' id='word_1_70' title='bbox 215 1164 333 1225; x_wconf 77' lang='lat' dir='ltr'>Dicitur</span> <span class='ocrx_word' id='word_1_71' title='bbox 354 1164 446 1223; x_wconf 86' lang='lat' dir='ltr'>etiam</span> <span class='ocrx_word' id='word_1_72' title='bbox 469 1159 601 1232; x_wconf 76' lang='lat' dir='ltr'>Gaudia,</span> <span class='ocrx_word' id='word_1_73' title='bbox 624 1179 641 1222; x_wconf 87' lang='lat' dir='ltr'>a</span> <span class='ocrx_word' id='word_1_74' title='bbox 664 1167 764 1221; x_wconf 86' lang='lat' dir='ltr'>terrae</span> <span class='ocrx_word' id='word_1_75' title='bbox 788 1158 935 1232; x_wconf 84' lang='lat' dir='ltr'>candore,</span> <span class='ocrx_word' id='word_1_76' title='bbox 960 1163 1032 1239; x_wconf 85' lang='lat' dir='ltr'>quia</span> <span class='ocrx_word' id='word_1_77' title='bbox 1055 1161 1143 1239; x_wconf 81' lang='lat' dir='ltr'>gleba</span> <span class='ocrx_word' id='word_1_78' title='bbox 1167 1167 1215 1221; x_wconf 90' lang='lat' dir='ltr'>est</span> <span class='ocrx_word' id='word_1_79' title='bbox 1240 1177 1305 1220; x_wconf 86' lang='lat' dir='ltr'>can-</span> 
     </span>
     <span class='ocr_line' id='line_1_11' title="bbox 130 1265 1307 1346; baseline -0.003 -18"><span class='ocrx_word' id='word_1_80' title='bbox 130 1265 209 1329; x_wconf 84' lang='lat' dir='ltr'>dida.</span> <span class='ocrx_word' id='word_1_81' title='bbox 252 1267 290 1328; x_wconf 82' lang='lat' dir='ltr'>lit</span> <span class='ocrx_word' id='word_1_82' title='bbox 310 1266 390 1329; x_wconf 84' lang='lat' dir='ltr'>dicta</span> <span class='ocrx_word' id='word_1_83' title='bbox 411 1267 469 1328; x_wconf 82' lang='lat' dir='ltr'>tuit</span> <span class='ocrx_word' id='word_1_84' title='bbox 491 1267 687 1346; x_wconf 81' lang='lat' dir='ltr'>Centopolis‚</span> <span class='ocrx_word' id='word_1_85' title='bbox 713 1269 783 1344; x_wconf 84' lang='lat' dir='ltr'>qnia</span> <span class='ocrx_word' id='word_1_86' title='bbox 806 1274 928 1328; x_wconf 86' lang='lat' dir='ltr'>centum</span> <span class='ocrx_word' id='word_1_87' title='bbox 952 1271 1089 1346; x_wconf 81' lang='lat' dir='ltr'>egregias</span> <span class='ocrx_word' id='word_1_88' title='bbox 1111 1267 1218 1328; x_wconf 88' lang='lat' dir='ltr'>habuit</span> <span class='ocrx_word' id='word_1_89' title='bbox 1239 1267 1307 1327; x_wconf 90' lang='lat' dir='ltr'>olim</span> 
     </span>
     <span class='ocr_line' id='line_1_12' title="bbox 130 1367 1306 1450; baseline -0.003 -18"><span class='ocrx_word' id='word_1_90' title='bbox 130 1375 277 1432; x_wconf 75' lang='lat' dir='ltr'>ciuitates.</span> <span class='ocrx_word' id='word_1_91' title='bbox 320 1369 446 1450; x_wconf 76' lang='lat' dir='ltr'>Antiqui</span> <span class='ocrx_word' id='word_1_92' title='bbox 474 1370 614 1432; x_wconf 84' lang='lat' dir='ltr'>dicebant</span> <span class='ocrx_word' id='word_1_93' title='bbox 642 1371 721 1431; x_wconf 89' lang='lat' dir='ltr'>banc</span> <span class='ocrx_word' id='word_1_94' title='bbox 753 1371 885 1432; x_wconf 77' lang='lat' dir='ltr'>insulam</span> <span class='ocrx_word' id='word_1_95' title='bbox 916 1389 986 1432; x_wconf 83' lang='lat' dir='ltr'>esse</span> <span class='ocrx_word' id='word_1_96' title='bbox 1016 1374 1048 1431; x_wconf 90' lang='lat' dir='ltr'>in</span> <span class='ocrx_word' id='word_1_97' title='bbox 1079 1368 1184 1431; x_wconf 87' lang='lat' dir='ltr'>muudi</span> <span class='ocrx_word' id='word_1_98' title='bbox 1208 1367 1306 1429; x_wconf 91' lang='lat' dir='ltr'>medio</span> 
     </span>
     <span class='ocr_line' id='line_1_13' title="bbox 129 1473 1306 1552; baseline -0.002 -17"><span class='ocrx_word' id='word_1_99' title='bbox 129 1478 332 1547; x_wconf 73' lang='lat' dir='ltr'>constitutam,</span> <span class='ocrx_word' id='word_1_100' title='bbox 358 1482 391 1535; x_wconf 86' lang='lat' dir='ltr'>et</span> <span class='ocrx_word' id='word_1_101' title='bbox 402 1476 544 1552; x_wconf 88' lang='lat' dir='ltr'>tripartiti</span> <span class='ocrx_word' id='word_1_102' title='bbox 561 1476 644 1535; x_wconf 86' lang='lat' dir='ltr'>orbis</span> <span class='ocrx_word' id='word_1_103' title='bbox 658 1482 763 1534; x_wconf 88' lang='lat' dir='ltr'>tenere</span> <span class='ocrx_word' id='word_1_104' title='bbox 779 1473 923 1546; x_wconf 87' lang='lat' dir='ltr'>medium,</span> <span class='ocrx_word' id='word_1_105' title='bbox 938 1474 1029 1535; x_wconf 77' lang='lat' dir='ltr'>Asiae</span> <span class='ocrx_word' id='word_1_106' title='bbox 1045 1475 1174 1545; x_wconf 84' lang='lat' dir='ltr'>scilicet,</span> <span class='ocrx_word' id='word_1_107' title='bbox 1189 1473 1306 1533; x_wconf 79' lang='lat' dir='ltr'>Africae</span> 
     </span>
     <span class='ocr_line' id='line_1_14' title="bbox 128 1576 1305 1659; baseline -0.004 -19"><span class='ocrx_word' id='word_1_108' title='bbox 128 1587 161 1640; x_wconf 90' lang='lat' dir='ltr'>et</span> <span class='ocrx_word' id='word_1_109' title='bbox 175 1579 328 1659; x_wconf 78' lang='lat' dir='ltr'><strong>Europae,</strong></span> <span class='ocrx_word' id='word_1_110' title='bbox 351 1578 519 1640; x_wconf 87' lang='lat' dir='ltr'>etidcirco</span> <span class='ocrx_word' id='word_1_111' title='bbox 541 1581 659 1658; x_wconf 86' lang='lat' dir='ltr'>opinari</span> <span class='ocrx_word' id='word_1_112' title='bbox 681 1585 798 1658; x_wconf 84' lang='lat' dir='ltr'>potest,</span> <span class='ocrx_word' id='word_1_113' title='bbox 820 1596 889 1639; x_wconf 87' lang='lat' dir='ltr'>eam</span> <span class='ocrx_word' id='word_1_114' title='bbox 904 1577 1069 1639; x_wconf 85' lang='lat' dir='ltr'>Oceaniam</span> <span class='ocrx_word' id='word_1_115' title='bbox 1092 1595 1162 1642; x_wconf 82' lang='lat' dir='ltr'>esse</span> <span class='ocrx_word' id='word_1_116' title='bbox 1185 1576 1305 1645; x_wconf 87' lang='lat' dir='ltr'>dictam,</span> 
     </span>
     <span class='ocr_line' id='line_1_15' title="bbox 132 1680 1307 1762; baseline -0.003 -20"><span class='ocrx_word' id='word_1_117' title='bbox 132 1686 204 1762; x_wconf 83' lang='lat' dir='ltr'>quia</span> <span class='ocrx_word' id='word_1_118' title='bbox 227 1686 306 1744; x_wconf 88' lang='lat' dir='ltr'>sicut</span> <span class='ocrx_word' id='word_1_119' title='bbox 328 1700 461 1744; x_wconf 85' lang='lat' dir='ltr'>oceanus</span> <span class='ocrx_word' id='word_1_120' title='bbox 476 1681 623 1743; x_wconf 88' lang='lat' dir='ltr'>mundum</span> <span class='ocrx_word' id='word_1_121' title='bbox 637 1683 731 1743; x_wconf 91' lang='lat' dir='ltr'>ambit</span> <span class='ocrx_word' id='word_1_122' title='bbox 753 1689 784 1742; x_wconf 87' lang='lat' dir='ltr'>et</span> <span class='ocrx_word' id='word_1_123' title='bbox 804 1681 947 1754; x_wconf 92' lang='lat' dir='ltr'>includit,</span> <span class='ocrx_word' id='word_1_124' title='bbox 969 1684 1014 1742; x_wconf 81' lang='lat' dir='ltr'>sic</span> <span class='ocrx_word' id='word_1_125' title='bbox 1029 1682 1163 1743; x_wconf 78' lang='lat' dir='ltr'>Oceania</span> <span class='ocrx_word' id='word_1_126' title='bbox 1181 1680 1307 1740; x_wconf 86' lang='lat' dir='ltr'>ambitur</span> 
     </span>
     <span class='ocr_line' id='line_1_16' title="bbox 128 1783 1305 1866; baseline -0.001 -20"><span class='ocrx_word' id='word_1_127' title='bbox 128 1793 161 1846; x_wconf 86' lang='lat' dir='ltr'>et</span> <span class='ocrx_word' id='word_1_128' title='bbox 181 1785 345 1848; x_wconf 70' lang='lat' dir='ltr'>includitur</span> <span class='ocrx_word' id='word_1_129' title='bbox 366 1784 474 1847; x_wconf 90' lang='lat' dir='ltr'>mundi</span> <span class='ocrx_word' id='word_1_130' title='bbox 493 1785 642 1864; x_wconf 80' lang='lat' dir='ltr'>partibus3</span> <span class='ocrx_word' id='word_1_131' title='bbox 665 1783 735 1845; x_wconf 82' lang='lat' dir='ltr'>ideo</span> <span class='ocrx_word' id='word_1_132' title='bbox 758 1786 925 1862; x_wconf 88' lang='lat' dir='ltr'>ponebant,</span> <span class='ocrx_word' id='word_1_133' title='bbox 949 1803 1017 1846; x_wconf 87' lang='lat' dir='ltr'>eam</span> <span class='ocrx_word' id='word_1_134' title='bbox 1039 1804 1109 1847; x_wconf 87' lang='lat' dir='ltr'>esse</span> <span class='ocrx_word' id='word_1_135' title='bbox 1133 1785 1305 1866; x_wconf 84' lang='lat' dir='ltr'>paradisum</span> 
     </span>
     <span class='ocr_line' id='line_1_17' title="bbox 128 1889 1305 1972; baseline 0.003 -22"><span class='ocrx_word' id='word_1_136' title='bbox 128 1896 161 1950; x_wconf 89' lang='lat' dir='ltr'>et</span> <span class='ocrx_word' id='word_1_137' title='bbox 182 1891 345 1968; x_wconf 83' lang='lat' dir='ltr'>voluptatis</span> <span class='ocrx_word' id='word_1_138' title='bbox 368 1889 487 1962; x_wconf 87' lang='lat' dir='ltr'>locum,</span> <span class='ocrx_word' id='word_1_139' title='bbox 510 1890 567 1950; x_wconf 88' lang='lat' dir='ltr'>sub</span> <span class='ocrx_word' id='word_1_140' title='bbox 588 1905 626 1950; x_wconf 89' lang='lat' dir='ltr'>ea</span> <span class='ocrx_word' id='word_1_141' title='bbox 647 1890 799 1967; x_wconf 89' lang='lat' dir='ltr'>ponebant</span> <span class='ocrx_word' id='word_1_142' title='bbox 821 1889 974 1952; x_wconf 81' lang='lat' dir='ltr'>internum</span> <span class='ocrx_word' id='word_1_143' title='bbox 996 1909 1081 1964; x_wconf 86' lang='lat' dir='ltr'>esse,</span> <span class='ocrx_word' id='word_1_144' title='bbox 1120 1902 1305 1972; x_wconf 82' lang='lat' dir='ltr'>quapropter</span> 
     </span>
     <span class='ocr_line' id='line_1_18' title="bbox 125 1994 1303 2074; baseline 0.001 -19"><span class='ocrx_word' id='word_1_145' title='bbox 125 1995 157 2055; x_wconf 87' lang='lat' dir='ltr'>ln</span> <span class='ocrx_word' id='word_1_146' title='bbox 181 1994 249 2071; x_wconf 86' lang='lat' dir='ltr'>ejus</span> <span class='ocrx_word' id='word_1_147' title='bbox 271 1994 419 2055; x_wconf 87' lang='lat' dir='ltr'>altissimo</span> <span class='ocrx_word' id='word_1_148' title='bbox 442 2003 546 2056; x_wconf 87' lang='lat' dir='ltr'>moute</span> <span class='ocrx_word' id='word_1_149' title='bbox 567 1994 660 2056; x_wconf 91' lang='lat' dir='ltr'>ldone</span> <span class='ocrx_word' id='word_1_150' title='bbox 676 2002 843 2073; x_wconf 83' lang='lat' dir='ltr'>posuemnt</span> <span class='ocrx_word' id='word_1_151' title='bbox 859 2002 988 2056; x_wconf 78' lang='lat' dir='ltr'>statuam</span> <span class='ocrx_word' id='word_1_152' title='bbox 1009 1997 1058 2058; x_wconf 86' lang='lat' dir='ltr'>rel</span> <span class='ocrx_word' id='word_1_153' title='bbox 1073 1997 1188 2058; x_wconf 92' lang='lat' dir='ltr'>idolum</span> <span class='ocrx_word' id='word_1_154' title='bbox 1204 1997 1303 2074; x_wconf 85' lang='lat' dir='ltr'>cujus-</span> 
     </span>
     <span class='ocr_line' id='line_1_19' title="bbox 125 2096 1303 2179; baseline 0.002 -19"><span class='ocrx_word' id='word_1_155' title='bbox 125 2096 195 2160; x_wconf 86' lang='lat' dir='ltr'>dam</span> <span class='ocrx_word' id='word_1_156' title='bbox 217 2099 317 2168; x_wconf 87' lang='lat' dir='ltr'>senis,</span> <span class='ocrx_word' id='word_1_157' title='bbox 339 2099 427 2175; x_wconf 87' lang='lat' dir='ltr'>cujus</span> <span class='ocrx_word' id='word_1_158' title='bbox 449 2106 540 2178; x_wconf 87' lang='lat' dir='ltr'>caput</span> <span class='ocrx_word' id='word_1_159' title='bbox 563 2116 704 2171; x_wconf 88' lang='lat' dir='ltr'>aureum,</span> <span class='ocrx_word' id='word_1_160' title='bbox 727 2105 836 2178; x_wconf 78' lang='lat' dir='ltr'>pectus</span> <span class='ocrx_word' id='word_1_161' title='bbox 858 2107 891 2160; x_wconf 88' lang='lat' dir='ltr'>et</span> <span class='ocrx_word' id='word_1_162' title='bbox 910 2099 1034 2160; x_wconf 87' lang='lat' dir='ltr'>brachia</span> <span class='ocrx_word' id='word_1_163' title='bbox 1054 2109 1215 2179; x_wconf 84' lang='lat' dir='ltr'>argentea,</span> <span class='ocrx_word' id='word_1_164' title='bbox 1240 2120 1303 2162; x_wconf 86' lang='lat' dir='ltr'>cor-</span> 
     </span>
     <span class='ocr_line' id='line_1_20' title="bbox 124 2204 1304 2285; baseline -0.001 -19"><span class='ocrx_word' id='word_1_165' title='bbox 124 2222 182 2284; x_wconf 89' lang='lat' dir='ltr'>pus</span> <span class='ocrx_word' id='word_1_166' title='bbox 205 2209 236 2264; x_wconf 89' lang='lat' dir='ltr'>et</span> <span class='ocrx_word' id='word_1_167' title='bbox 258 2220 347 2264; x_wconf 88' lang='lat' dir='ltr'>renes</span> <span class='ocrx_word' id='word_1_168' title='bbox 369 2220 405 2265; x_wconf 83' lang='lat' dir='ltr'>er</span> <span class='ocrx_word' id='word_1_169' title='bbox 428 2220 518 2276; x_wconf 88' lang='lat' dir='ltr'>aere,</span> <span class='ocrx_word' id='word_1_170' title='bbox 551 2204 642 2264; x_wconf 89' lang='lat' dir='ltr'>tibiae</span> <span class='ocrx_word' id='word_1_171' title='bbox 673 2211 704 2264; x_wconf 80' lang='lat' dir='ltr'>et</span> <span class='ocrx_word' id='word_1_172' title='bbox 727 2221 814 2264; x_wconf 85' lang='lat' dir='ltr'>cmra</span> <span class='ocrx_word' id='word_1_173' title='bbox 837 2221 873 2265; x_wconf 87' lang='lat' dir='ltr'>er</span> <span class='ocrx_word' id='word_1_174' title='bbox 890 2206 992 2278; x_wconf 81' lang='lat' dir='ltr'>term,</span> <span class='ocrx_word' id='word_1_175' title='bbox 1022 2204 1118 2285; x_wconf 86' lang='lat' dir='ltr'>pedes</span> <span class='ocrx_word' id='word_1_176' title='bbox 1142 2213 1247 2266; x_wconf 88' lang='lat' dir='ltr'>autem</span> <span class='ocrx_word' id='word_1_177' title='bbox 1269 2223 1304 2265; x_wconf 83' lang='lat' dir='ltr'>ex</span> 
     </span>
     <span class='ocr_line' id='line_1_21' title="bbox 125 2305 1304 2388; baseline -0.003 -17"><span class='ocrx_word' id='word_1_178' title='bbox 125 2316 212 2371; x_wconf 87' lang='lat' dir='ltr'>cocta</span> <span class='ocrx_word' id='word_1_179' title='bbox 235 2315 325 2369; x_wconf 87' lang='lat' dir='ltr'>terra.</span> <span class='ocrx_word' id='word_1_180' title='bbox 354 2305 404 2367; x_wconf 74' lang='lat' dir='ltr'>Ad</span> <span class='ocrx_word' id='word_1_181' title='bbox 424 2307 503 2367; x_wconf 87' lang='lat' dir='ltr'>banc</span> <span class='ocrx_word' id='word_1_182' title='bbox 516 2313 648 2368; x_wconf 87' lang='lat' dir='ltr'>statuam</span> <span class='ocrx_word' id='word_1_183' title='bbox 664 2306 803 2368; x_wconf 86' lang='lat' dir='ltr'>dicebant</span> <span class='ocrx_word' id='word_1_184' title='bbox 818 2315 958 2387; x_wconf 85' lang='lat' dir='ltr'>spectare</span> <span class='ocrx_word' id='word_1_185' title='bbox 980 2328 1104 2370; x_wconf 90' lang='lat' dir='ltr'>omnem</span> <span class='ocrx_word' id='word_1_186' title='bbox 1127 2327 1304 2388; x_wconf 87' lang='lat' dir='ltr'>corpoream</span> 
     </span>
     <span class='ocr_line' id='line_1_22' title="bbox 125 2409 1304 2493; baseline 0 -19"><span class='ocrx_word' id='word_1_187' title='bbox 125 2412 236 2474; x_wconf 88' lang='lat' dir='ltr'>molem</span> <span class='ocrx_word' id='word_1_188' title='bbox 259 2409 373 2473; x_wconf 88' lang='lat' dir='ltr'>mundi.</span> <span class='ocrx_word' id='word_1_189' title='bbox 402 2410 444 2473; x_wconf 82' lang='lat' dir='ltr'>Eu</span> <span class='ocrx_word' id='word_1_190' title='bbox 466 2411 583 2472; x_wconf 88' lang='lat' dir='ltr'>rimulis</span> <span class='ocrx_word' id='word_1_191' title='bbox 606 2409 697 2488; x_wconf 84' lang='lat' dir='ltr'>hujus</span> <span class='ocrx_word' id='word_1_192' title='bbox 721 2410 792 2472; x_wconf 91' lang='lat' dir='ltr'>idoli</span> <span class='ocrx_word' id='word_1_193' title='bbox 815 2413 962 2474; x_wconf 89' lang='lat' dir='ltr'>sudabant</span> <span class='ocrx_word' id='word_1_194' title='bbox 985 2432 1110 2493; x_wconf 84' lang='lat' dir='ltr'>semper</span> <span class='ocrx_word' id='word_1_195' title='bbox 1132 2414 1304 2485; x_wconf 86' lang='lat' dir='ltr'>lachrimae,</span> 
     </span>
     <span class='ocr_line' id='line_1_23' title="bbox 125 2513 1304 2598; baseline -0.001 -19"><span class='ocrx_word' id='word_1_196' title='bbox 125 2534 203 2598; x_wconf 88' lang='lat' dir='ltr'>quae</span> <span class='ocrx_word' id='word_1_197' title='bbox 225 2516 372 2578; x_wconf 81' lang='lat' dir='ltr'>collectae</span> <span class='ocrx_word' id='word_1_198' title='bbox 394 2532 450 2592; x_wconf 89' lang='lat' dir='ltr'>per</span> <span class='ocrx_word' id='word_1_199' title='bbox 472 2531 618 2575; x_wconf 77' lang='lat' dir='ltr'>cavernas</span> <span class='ocrx_word' id='word_1_200' title='bbox 651 2513 826 2577; x_wconf 86' lang='lat' dir='ltr'>defluebant</span> <span class='ocrx_word' id='word_1_201' title='bbox 850 2513 906 2597; x_wconf 73' lang='lat' dir='ltr'>(b)</span> <span class='ocrx_word' id='word_1_202' title='bbox 939 2524 969 2580; x_wconf 91' lang='lat' dir='ltr'>et</span> <span class='ocrx_word' id='word_1_203' title='bbox 993 2518 1141 2579; x_wconf 88' lang='lat' dir='ltr'>collectae</span> <span class='ocrx_word' id='word_1_204' title='bbox 1164 2526 1304 2597; x_wconf 84' lang='lat' dir='ltr'>stagnum</span> 
     </span>
     <span class='ocr_line' id='line_1_24' title="bbox 125 2617 1304 2698; baseline 0.002 -15"><span class='ocrx_word' id='word_1_205' title='bbox 125 2622 291 2692; x_wconf 83' lang='lat' dir='ltr'>iaciebant,</span> <span class='ocrx_word' id='word_1_206' title='bbox 316 2638 352 2681; x_wconf 85' lang='lat' dir='ltr'>er</span> <span class='ocrx_word' id='word_1_207' title='bbox 375 2636 436 2698; x_wconf 91' lang='lat' dir='ltr'>quo</span> <span class='ocrx_word' id='word_1_208' title='bbox 452 2626 677 2698; x_wconf 87' lang='lat' dir='ltr'>consequenter</span> <span class='ocrx_word' id='word_1_209' title='bbox 692 2617 801 2687; x_wconf 82' lang='lat' dir='ltr'>fluvius</span> <span class='ocrx_word' id='word_1_210' title='bbox 824 2629 986 2698; x_wconf 84' lang='lat' dir='ltr'>generatus</span> <span class='ocrx_word' id='word_1_211' title='bbox 1009 2624 1040 2682; x_wconf 90' lang='lat' dir='ltr'>in</span> <span class='ocrx_word' id='word_1_212' title='bbox 1064 2631 1164 2684; x_wconf 89' lang='lat' dir='ltr'>terrae</span> <span class='ocrx_word' id='word_1_213' title='bbox 1187 2627 1304 2685; x_wconf 86' lang='lat' dir='ltr'>viscera</span> 
     </span>
     <span class='ocr_line' id='line_1_25' title="bbox 124 2723 1303 2809; baseline -0.002 -20"><span class='ocrx_word' id='word_1_214' title='bbox 124 2744 181 2809; x_wconf 85' lang='lat' dir='ltr'>per</span> <span class='ocrx_word' id='word_1_215' title='bbox 202 2726 317 2789; x_wconf 89' lang='lat' dir='ltr'>hiatum</span> <span class='ocrx_word' id='word_1_216' title='bbox 339 2723 527 2795; x_wconf 85' lang='lat' dir='ltr'>incidebant,</span> <span class='ocrx_word' id='word_1_217' title='bbox 558 2741 649 2803; x_wconf 86' lang='lat' dir='ltr'>quem</span> <span class='ocrx_word' id='word_1_218' title='bbox 671 2726 702 2784; x_wconf 91' lang='lat' dir='ltr'>in</span> <span class='ocrx_word' id='word_1_219' title='bbox 724 2724 909 2802; x_wconf 79' lang='lat' dir='ltr'>protundum</span> <span class='ocrx_word' id='word_1_220' title='bbox 932 2726 1041 2787; x_wconf 88' lang='lat' dir='ltr'>inferni</span> <span class='ocrx_word' id='word_1_221' title='bbox 1065 2726 1174 2788; x_wconf 88' lang='lat' dir='ltr'>cadere</span> <span class='ocrx_word' id='word_1_222' title='bbox 1197 2727 1303 2789; x_wconf 85' lang='lat' dir='ltr'>crede-</span> 
     </span>
     <span class='ocr_line' id='line_1_26' title="bbox 123 2829 1302 2909; baseline -0.002 -15"><span class='ocrx_word' id='word_1_223' title='bbox 123 2835 195 2895; x_wconf 89' lang='lat' dir='ltr'>bant</span> <span class='ocrx_word' id='word_1_224' title='bbox 218 2831 255 2893; x_wconf 89' lang='lat' dir='ltr'>ad</span> <span class='ocrx_word' id='word_1_225' title='bbox 277 2830 378 2892; x_wconf 89' lang='lat' dir='ltr'>locum</span> <span class='ocrx_word' id='word_1_226' title='bbox 401 2829 628 2903; x_wconf 86' lang='lat' dir='ltr'>damnatorum,</span> <span class='ocrx_word' id='word_1_227' title='bbox 661 2847 794 2909; x_wconf 86' lang='lat' dir='ltr'>eumque</span> <span class='ocrx_word' id='word_1_228' title='bbox 815 2829 1022 2892; x_wconf 80' lang='lat' dir='ltr'>Achorontem</span> <span class='ocrx_word' id='word_1_229' title='bbox 1052 2830 1178 2893; x_wconf 85' lang='lat' dir='ltr'>fluvium</span> <span class='ocrx_word' id='word_1_230' title='bbox 1207 2832 1302 2892; x_wconf 91' lang='lat' dir='ltr'>nomi-</span> 
     </span>
     <span class='ocr_line' id='line_1_27' title="bbox 124 2931 1303 3014; baseline 0 -18"><span class='ocrx_word' id='word_1_231' title='bbox 124 2935 252 3006; x_wconf 87' lang='lat' dir='ltr'>nabant,</span> <span class='ocrx_word' id='word_1_232' title='bbox 275 2937 344 3013; x_wconf 91' lang='lat' dir='ltr'>quia</span> <span class='ocrx_word' id='word_1_233' title='bbox 366 2933 445 2994; x_wconf 80' lang='lat' dir='ltr'>forte</span> <span class='ocrx_word' id='word_1_234' title='bbox 468 2931 597 3005; x_wconf 91' lang='lat' dir='ltr'>idolum,</span> <span class='ocrx_word' id='word_1_235' title='bbox 621 2951 639 2995; x_wconf 87' lang='lat' dir='ltr'>a</span> <span class='ocrx_word' id='word_1_236' title='bbox 661 2951 722 3013; x_wconf 88' lang='lat' dir='ltr'>qno</span> <span class='ocrx_word' id='word_1_237' title='bbox 736 2932 870 2996; x_wconf 85' lang='lat' dir='ltr'>linebant</span> <span class='ocrx_word' id='word_1_238' title='bbox 892 2953 988 3014; x_wconf 88' lang='lat' dir='ltr'>aquae</span> <span class='ocrx_word' id='word_1_239' title='bbox 1000 2969 1011 3008; x_wconf 89' lang='lat'>‚-</span> <span class='ocrx_word' id='word_1_240' title='bbox 1033 2934 1191 2996; x_wconf 89' lang='lat' dir='ltr'>dicebatur</span> <span class='ocrx_word' id='word_1_241' title='bbox 1204 2934 1303 2996; x_wconf 80' lang='lat' dir='ltr'>Acha-</span> 
     </span>
     <span class='ocr_line' id='line_1_28' title="bbox 123 3035 1300 3119; baseline 0.006 -23"><span class='ocrx_word' id='word_1_242' title='bbox 123 3053 188 3097; x_wconf 92' lang='lat' dir='ltr'>ron.</span> <span class='ocrx_word' id='word_1_243' title='bbox 234 3037 279 3096; x_wconf 87' lang='lat' dir='ltr'>lle</span> <span class='ocrx_word' id='word_1_244' title='bbox 302 3038 361 3098; x_wconf 92' lang='lat' dir='ltr'>hoc</span> <span class='ocrx_word' id='word_1_245' title='bbox 383 3035 507 3097; x_wconf 85' lang='lat' dir='ltr'>flumine</span> <span class='ocrx_word' id='word_1_246' title='bbox 530 3037 669 3099; x_wconf 82' lang='lat' dir='ltr'>infernali</span> <span class='ocrx_word' id='word_1_247' title='bbox 691 3039 767 3098; x_wconf 87' lang='lat' dir='ltr'>mira</span> <span class='ocrx_word' id='word_1_248' title='bbox 790 3039 894 3100; x_wconf 91' lang='lat' dir='ltr'>dicunt</span> <span class='ocrx_word' id='word_1_249' title='bbox 916 3047 1027 3119; x_wconf 87' lang='lat' dir='ltr'>poetae</span> <span class='ocrx_word' id='word_1_250' title='bbox 1050 3042 1081 3100; x_wconf 93' lang='lat' dir='ltr'>iu</span> <span class='ocrx_word' id='word_1_251' title='bbox 1097 3039 1201 3100; x_wconf 85' lang='lat' dir='ltr'>multis</span> <span class='ocrx_word' id='word_1_252' title='bbox 1218 3044 1300 3110; x_wconf 90' lang='lat' dir='ltr'>locis,</span> 
     </span>
     <span class='ocr_line' id='line_1_29' title="bbox 124 3139 1301 3223; baseline 0.005 -21"><span class='ocrx_word' id='word_1_253' title='bbox 124 3146 155 3202; x_wconf 88' lang='lat' dir='ltr'>et</span> <span class='ocrx_word' id='word_1_254' title='bbox 176 3139 324 3202; x_wconf 79' lang='lat' dir='ltr'>Eusebius</span> <span class='ocrx_word' id='word_1_255' title='bbox 348 3141 386 3203; x_wconf 89' lang='lat' dir='ltr'>de</span> <span class='ocrx_word' id='word_1_256' title='bbox 410 3142 516 3223; x_wconf 86' lang='lat' dir='ltr'>Praep.</span> <span class='ocrx_word' id='word_1_257' title='bbox 532 3144 644 3223; x_wconf 85' lang='lat' dir='ltr'>Evaug.</span> <span class='ocrx_word' id='word_1_258' title='bbox 669 3144 708 3205; x_wconf 93' lang='lat' dir='ltr'>de</span> <span class='ocrx_word' id='word_1_259' title='bbox 731 3163 769 3205; x_wconf 87' lang='lat' dir='ltr'>eo</span> <span class='ocrx_word' id='word_1_260' title='bbox 792 3145 864 3206; x_wconf 87' lang='lat' dir='ltr'>lacit</span> <span class='ocrx_word' id='word_1_261' title='bbox 879 3148 1063 3208; x_wconf 89' lang='lat' dir='ltr'>mentionem</span> <span class='ocrx_word' id='word_1_262' title='bbox 1086 3144 1121 3206; x_wconf 93' lang='lat' dir='ltr'>L.</span> <span class='ocrx_word' id='word_1_263' title='bbox 1136 3146 1172 3209; x_wconf 88' lang='lat' dir='ltr'>ll.</span> <span class='ocrx_word' id='word_1_264' title='bbox 1199 3148 1232 3209; x_wconf 90' lang='lat' dir='ltr'>C.</span> <span class='ocrx_word' id='word_1_265' title='bbox 1248 3149 1301 3210; x_wconf 92' lang='lat' dir='ltr'>ult.</span> 
     </span>
    </p>

    <p class='ocr_par' dir='ltr' id='par_1_5' title="bbox 121 3245 1301 4270">
     <span class='ocr_line' id='line_1_30' title="bbox 210 3245 1301 3329; baseline 0.002 -21"><span class='ocrx_word' id='word_1_266' title='bbox 210 3245 356 3326; x_wconf 82' lang='lat' dir='ltr'>sicergo</span> <span class='ocrx_word' id='word_1_267' title='bbox 380 3250 493 3327; x_wconf 86' lang='lat' dir='ltr'>antiqui</span> <span class='ocrx_word' id='word_1_268' title='bbox 517 3248 681 3310; x_wconf 86' lang='lat' dir='ltr'>credebant</span> <span class='ocrx_word' id='word_1_269' title='bbox 714 3248 864 3309; x_wconf 81' lang='lat' dir='ltr'>infernum</span> <span class='ocrx_word' id='word_1_270' title='bbox 895 3267 964 3311; x_wconf 85' lang='lat' dir='ltr'>essa</span> <span class='ocrx_word' id='word_1_271' title='bbox 980 3246 1029 3310; x_wconf 79' lang='lat' dir='ltr'>&#39;in</span> <span class='ocrx_word' id='word_1_272' title='bbox 1061 3257 1161 3312; x_wconf 86' lang='lat' dir='ltr'>terrae</span> <span class='ocrx_word' id='word_1_273' title='bbox 1186 3259 1301 3329; x_wconf 89' lang='lat' dir='ltr'>centro,</span> 
     </span>
     <span class='ocr_line' id='line_1_31' title="bbox 123 3350 1301 3433; baseline 0.004 -22"><span class='ocrx_word' id='word_1_274' title='bbox 123 3356 155 3411; x_wconf 90' lang='lat' dir='ltr'>et</span> <span class='ocrx_word' id='word_1_275' title='bbox 177 3366 268 3430; x_wconf 87' lang='lat' dir='ltr'>supra</span> <span class='ocrx_word' id='word_1_276' title='bbox 298 3350 486 3433; x_wconf 83' lang='lat' dir='ltr'>paradisum,</span> <span class='ocrx_word' id='word_1_277' title='bbox 519 3359 551 3412; x_wconf 89' lang='lat' dir='ltr'>et</span> <span class='ocrx_word' id='word_1_278' title='bbox 575 3351 696 3414; x_wconf 87' lang='lat' dir='ltr'>Cretam</span> <span class='ocrx_word' id='word_1_279' title='bbox 726 3354 790 3414; x_wconf 86' lang='lat' dir='ltr'>sive</span> <span class='ocrx_word' id='word_1_280' title='bbox 814 3352 978 3415; x_wconf 88' lang='lat' dir='ltr'>Oceaniam</span> <span class='ocrx_word' id='word_1_281' title='bbox 1007 3372 1077 3415; x_wconf 86' lang='lat' dir='ltr'>esse</span> <span class='ocrx_word' id='word_1_282' title='bbox 1104 3356 1301 3417; x_wconf 85' lang='lat' dir='ltr'>beatitudiuis</span> 
     </span>
     <span class='ocr_line' id='line_1_32' title="bbox 122 3453 1301 3536; baseline 0.003 -20"><span class='ocrx_word' id='word_1_283' title='bbox 122 3453 237 3530; x_wconf 87' lang='lat' dir='ltr'>locum,</span> <span class='ocrx_word' id='word_1_284' title='bbox 261 3455 317 3519; x_wconf 85' lang='lat' dir='ltr'>sub</span> <span class='ocrx_word' id='word_1_285' title='bbox 340 3474 377 3517; x_wconf 90' lang='lat' dir='ltr'>eo</span> <span class='ocrx_word' id='word_1_286' title='bbox 399 3474 472 3519; x_wconf 79' lang='lat' dir='ltr'>vero</span> <span class='ocrx_word' id='word_1_287' title='bbox 495 3455 661 3529; x_wconf 83' lang='lat' dir='ltr'>infernum,</span> <span class='ocrx_word' id='word_1_288' title='bbox 686 3464 717 3517; x_wconf 87' lang='lat' dir='ltr'>et</span> <span class='ocrx_word' id='word_1_289' title='bbox 740 3457 809 3518; x_wconf 88' lang='lat' dir='ltr'>ideo</span> <span class='ocrx_word' id='word_1_290' title='bbox 833 3457 870 3519; x_wconf 86' lang='lat' dir='ltr'>ad</span> <span class='ocrx_word' id='word_1_291' title='bbox 893 3458 971 3519; x_wconf 87' lang='lat' dir='ltr'>hanc</span> <span class='ocrx_word' id='word_1_292' title='bbox 993 3457 1124 3520; x_wconf 88' lang='lat' dir='ltr'>insulam</span> <span class='ocrx_word' id='word_1_293' title='bbox 1147 3465 1301 3536; x_wconf 87' lang='lat' dir='ltr'>tamquam</span> 
     </span>
     <span class='ocr_line' id='line_1_33' title="bbox 122 3555 1301 3644; baseline 0.004 -24"><span class='ocrx_word' id='word_1_294' title='bbox 122 3557 160 3621; x_wconf 85' lang='lat' dir='ltr'>ad</span> <span class='ocrx_word' id='word_1_295' title='bbox 183 3559 318 3622; x_wconf 88' lang='lat' dir='ltr'>medium</span> <span class='ocrx_word' id='word_1_296' title='bbox 340 3562 443 3622; x_wconf 86' lang='lat' dir='ltr'>omnia</span> <span class='ocrx_word' id='word_1_297' title='bbox 466 3567 570 3623; x_wconf 86' lang='lat' dir='ltr'>essent</span> <span class='ocrx_word' id='word_1_298' title='bbox 584 3555 756 3641; x_wconf 84' lang='lat' dir='ltr'>migratura.</span> <span class='ocrx_word' id='word_1_299' title='bbox 787 3562 845 3626; x_wconf 86' lang='lat' dir='ltr'>Pro</span> <span class='ocrx_word' id='word_1_300' title='bbox 869 3583 929 3644; x_wconf 89' lang='lat' dir='ltr'>quo</span> <span class='ocrx_word' id='word_1_301' title='bbox 952 3572 999 3625; x_wconf 86' lang='lat' dir='ltr'>est</span> <span class='ocrx_word' id='word_1_302' title='bbox 1022 3564 1196 3636; x_wconf 89' lang='lat' dir='ltr'>notandum,</span> <span class='ocrx_word' id='word_1_303' title='bbox 1220 3563 1301 3643; x_wconf 91' lang='lat' dir='ltr'>quod</span> 
     </span>
     <span class='ocr_line' id='line_1_34' title="bbox 123 3662 1300 3745; baseline 0.003 -20"><span class='ocrx_word' id='word_1_304' title='bbox 123 3662 160 3725; x_wconf 87' lang='lat' dir='ltr'>de</span> <span class='ocrx_word' id='word_1_305' title='bbox 184 3662 284 3725; x_wconf 86' lang='lat' dir='ltr'>medio</span> <span class='ocrx_word' id='word_1_306' title='bbox 309 3663 414 3726; x_wconf 91' lang='lat' dir='ltr'>mundi</span> <span class='ocrx_word' id='word_1_307' title='bbox 436 3682 600 3743; x_wconf 89' lang='lat' dir='ltr'>possumus</span> <span class='ocrx_word' id='word_1_308' title='bbox 632 3664 715 3745; x_wconf 89' lang='lat' dir='ltr'>loqui</span> <span class='ocrx_word' id='word_1_309' title='bbox 745 3667 917 3745; x_wconf 85' lang='lat' dir='ltr'>tripliciter..</span> <span class='ocrx_word' id='word_1_310' title='bbox 959 3665 1026 3729; x_wconf 91' lang='lat' dir='ltr'>Uno</span> <span class='ocrx_word' id='word_1_311' title='bbox 1056 3668 1146 3730; x_wconf 93' lang='lat' dir='ltr'>modo</span> <span class='ocrx_word' id='word_1_312' title='bbox 1180 3668 1218 3729; x_wconf 90' lang='lat' dir='ltr'>de</span> <span class='ocrx_word' id='word_1_313' title='bbox 1248 3667 1300 3729; x_wconf 93' lang='lat' dir='ltr'>illo</span> 
     </span>
     <span class='ocr_line' id='line_1_35' title="bbox 122 3766 1299 3854; baseline 0.005 -26"><span class='ocrx_word' id='word_1_314' title='bbox 122 3767 275 3848; x_wconf 87' lang='lat' dir='ltr'>puuctuali</span> <span class='ocrx_word' id='word_1_315' title='bbox 298 3766 414 3840; x_wconf 86' lang='lat' dir='ltr'>medio,</span> <span class='ocrx_word' id='word_1_316' title='bbox 449 3768 485 3830; x_wconf 85' lang='lat' dir='ltr'>ud</span> <span class='ocrx_word' id='word_1_317' title='bbox 510 3769 594 3848; x_wconf 91' lang='lat' dir='ltr'>quod</span> <span class='ocrx_word' id='word_1_318' title='bbox 613 3774 752 3849; x_wconf 83' lang='lat' dir='ltr'>sp‘ectaut</span> <span class='ocrx_word' id='word_1_319' title='bbox 775 3790 881 3835; x_wconf 85' lang='lat' dir='ltr'>omues</span> <span class='ocrx_word' id='word_1_320' title='bbox 904 3780 1006 3852; x_wconf 89' lang='lat' dir='ltr'>partes</span> <span class='ocrx_word' id='word_1_321' title='bbox 1032 3780 1083 3836; x_wconf 91' lang='lat' dir='ltr'>aut</span> <span class='ocrx_word' id='word_1_322' title='bbox 1104 3775 1206 3836; x_wconf 89' lang='lat' dir='ltr'>lineae</span> <span class='ocrx_word' id='word_1_323' title='bbox 1229 3793 1299 3854; x_wconf 90' lang='lat' dir='ltr'>pro·</span> 
     </span>
     <span class='ocr_line' id='line_1_36' title="bbox 121 3871 1298 3959; baseline 0.003 -25"><span class='ocrx_word' id='word_1_324' title='bbox 121 3879 234 3934; x_wconf 84' lang='lat' dir='ltr'>tractae</span> <span class='ocrx_word' id='word_1_325' title='bbox 258 3890 274 3934; x_wconf 91' lang='lat' dir='ltr'>a</span> <span class='ocrx_word' id='word_1_326' title='bbox 296 3871 388 3934; x_wconf 90' lang='lat' dir='ltr'>limbo</span> <span class='ocrx_word' id='word_1_327' title='bbox 411 3876 517 3935; x_wconf 89' lang='lat' dir='ltr'>oceani</span> <span class='ocrx_word' id='word_1_328' title='bbox 540 3881 645 3936; x_wconf 90' lang='lat' dir='ltr'>contra</span> <span class='ocrx_word' id='word_1_329' title='bbox 667 3894 748 3938; x_wconf 92' lang='lat' dir='ltr'>eum.</span> <span class='ocrx_word' id='word_1_330' title='bbox 794 3874 861 3943; x_wconf 77' lang='lat' dir='ltr'>Atio</span> <span class='ocrx_word' id='word_1_331' title='bbox 884 3877 975 3939; x_wconf 90' lang='lat' dir='ltr'>modo</span> <span class='ocrx_word' id='word_1_332' title='bbox 1000 3877 1210 3959; x_wconf 87' lang='lat' dir='ltr'>accipiendum</span> <span class='ocrx_word' id='word_1_333' title='bbox 1234 3896 1298 3940; x_wconf 87' lang='lat' dir='ltr'>me·</span> 
     </span>
     <span class='ocr_line' id='line_1_37' title="bbox 122 3973 1298 4053; baseline 0.005 -15"><span class='ocrx_word' id='word_1_334' title='bbox 122 3973 205 4039; x_wconf 91' lang='lat' dir='ltr'>dium</span> <span class='ocrx_word' id='word_1_335' title='bbox 237 3975 336 4037; x_wconf 84' lang='lat' dir='ltr'>solum</span> <span class='ocrx_word' id='word_1_336' title='bbox 364 3984 463 4040; x_wconf 86' lang='lat' dir='ltr'>terrae</span> <span class='ocrx_word' id='word_1_337' title='bbox 493 3979 677 4053; x_wconf 87' lang='lat' dir='ltr'>habitabilis,</span> <span class='ocrx_word' id='word_1_338' title='bbox 709 3982 912 4045; x_wconf 88' lang='lat' dir='ltr'>mensurando</span> <span class='ocrx_word' id='word_1_339' title='bbox 944 3983 1058 4045; x_wconf 87' lang='lat' dir='ltr'>alocis</span> <span class='ocrx_word' id='word_1_340' title='bbox 1089 3983 1298 4045; x_wconf 85' lang='lat' dir='ltr'>habitabilibus</span> 
     </span>
     <span class='ocr_line' id='line_1_38' title="bbox 121 4078 1300 4170; baseline 0.008 -30"><span class='ocrx_word' id='word_1_341' title='bbox 121 4096 219 4158; x_wconf 84' lang='lat' dir='ltr'>usque</span> <span class='ocrx_word' id='word_1_342' title='bbox 236 4079 272 4141; x_wconf 88' lang='lat' dir='ltr'>ad</span> <span class='ocrx_word' id='word_1_343' title='bbox 288 4078 432 4142; x_wconf 84' lang='lat' dir='ltr'>medium.</span> <span class='ocrx_word' id='word_1_344' title='bbox 463 4079 566 4144; x_wconf 90' lang='lat' dir='ltr'>Tertio</span> <span class='ocrx_word' id='word_1_345' title='bbox 582 4081 673 4144; x_wconf 90' lang='lat' dir='ltr'>modo</span> <span class='ocrx_word' id='word_1_346' title='bbox 689 4084 876 4162; x_wconf 85' lang='lat' dir='ltr'>accipiendo,</span> <span class='ocrx_word' id='word_1_347' title='bbox 896 4085 1030 4149; x_wconf 88' lang='lat' dir='ltr'>medium</span> <span class='ocrx_word' id='word_1_348' title='bbox 1056 4104 1111 4166; x_wconf 88' lang='lat' dir='ltr'>per</span> <span class='ocrx_word' id='word_1_349' title='bbox 1126 4099 1300 4170; x_wconf 84' lang='lat' dir='ltr'>respectum</span> 
     </span>
     <span class='ocr_line' id='line_1_39' title="bbox 122 4180 1300 4270; baseline 0.008 -25"><span class='ocrx_word' id='word_1_350' title='bbox 122 4180 160 4245; x_wconf 85' lang='lat' dir='ltr'>ad</span> <span class='ocrx_word' id='word_1_351' title='bbox 181 4187 244 4245; x_wconf 86' lang='lat' dir='ltr'>tres</span> <span class='ocrx_word' id='word_1_352' title='bbox 272 4180 377 4245; x_wconf 86' lang='lat' dir='ltr'>mundi</span> <span class='ocrx_word' id='word_1_353' title='bbox 405 4183 588 4266; x_wconf 85' lang='lat' dir='ltr'>principales</span> <span class='ocrx_word' id='word_1_354' title='bbox 618 4193 732 4266; x_wconf 83' lang='lat' dir='ltr'>partes.</span> <span class='ocrx_word' id='word_1_355' title='bbox 776 4186 824 4251; x_wconf 81' lang='lat' dir='ltr'>De</span> <span class='ocrx_word' id='word_1_356' title='bbox 856 4190 953 4270; x_wconf 85' lang='lat' dir='ltr'>primo</span> <span class='ocrx_word' id='word_1_357' title='bbox 973 4191 1067 4253; x_wconf 87' lang='lat' dir='ltr'>..orbis</span> <span class='ocrx_word' id='word_1_358' title='bbox 1095 4191 1214 4266; x_wconf 88' lang='lat' dir='ltr'>medio,</span> <span class='ocrx_word' id='word_1_359' title='bbox 1249 4193 1300 4257; x_wconf 86' lang='lat' dir='ltr'>ubi</span> 
     </span>
    </p>
   </div>
   <div class='ocr_carea' id='block_1_3' title="bbox 0 0 1442 4770">
    <p class='ocr_par' dir='ltr' id='par_1_6' title="bbox 0 0 1442 4770">
     <span class='ocr_line' id='line_1_40' title="bbox 0 0 1442 4770; baseline 0 2"><span class='ocrx_word' id='word_1_360' title='bbox 0 0 1442 4770; x_wconf 95' lang='lat' dir='ltr'> </span> 
     </span>
    </p>
   </div>
  </div>
 </body>
</html>
