2902 4710
734 160 803 229 362

183 336 357 400 mordacem
381 335 503 399 dentem
524 337 650 416 infigere
672 343 793 418 posset,
827 337 882 400 sed
905 345 1077 400 currentem
1100 339 1217 417 galeam
1248 350 1365 420 seque·

182 441 269 503 batur
291 459 379 502 arans
402 447 528 513 terram,
552 440 590 503 de
614 460 674 521 quo
698 442 784 504 valde
800 444 1016 520 torquebantur
1029 450 1139 504 nautae
1155 445 1270 516 nostri;
1293 462 1364 506 rur·

182 564 252 606 aum
275 564 348 624 ergo
371 547 481 606 iterum
504 540 619 607 sublata
642 547 772 608 anchora
795 565 864 608 cum
889 549 1005 628 ingenti
1032 546 1134 607 labore
1157 553 1188 608 et
1211 547 1270 609 alio
1293 548 1365 609 loco

182 649 295 727 injecta
325 644 521 710 stabilitatem
547 652 767 729 quaesivimus,
802 651 858 712 sed
880 670 941 713 oon
963 653 1150 724 invenimus,
1178 659 1209 712 et
1231 653 1366 713 anchora

183 771 291 815 navem
323 756 506 833 sequebatur
538 757 617 815 sicut
650 761 781 816 aratrum
811 755 914 817 boves.
959 754 1072 816 lterum
1103 773 1174 835 ergo
1205 773 1240 816 ea
1263 755 1366 818 lerata

184 877 252 922 cum
275 860 403 919 maximo
426 860 561 937 periculo
584 861 802 937 processimus,
836 866 867 937 et
889 860 958 921 alibi
980 859 1093 938 inJ'ecta
1116 859 1250 922 adhaesit
1279 870 1365 931 saxo,

183 961 239 1022 sed
261 960 334 1022 dum
357 962 442 1040 galea
465 961 601 1041 pendens
625 963 662 1024 ad
686 962 830 1024 rudentes
853 962 1019 1025 indiscrete
1042 967 1152 1041 agitata
1167 981 1223 1042 per
1237 969 1366 1027 ventum

184 1072 370 1137 moveretur,
395 1066 515 1127 avulsus
538 1073 586 1127 est
609 1066 684 1128 dcns
700 1068 849 1128 anchorae
873 1085 993 1140 asaro,
1017 1068 1173 1127 etiterum
1189 1074 1365 1128 currentem

183 1170 365 1255 sequebatur
396 1169 528 1249 galeam,
561 1189 620 1249 quo
644 1170 756 1232 stridor
787 1178 818 1232 et
841 1171 955 1231 clamor
984 1176 1107 1232 exortus
1130 1176 1177 1231 est
1199 1171 1307 1249 ingens
1333 1172 1364 1243 in

182 1276 266 1345 navi,
298 1274 353 1335 scd
374 1276 475 1334 statim
499 1281 619 1353 reperta
641 1292 717 1352 rupe
740 1273 796 1335 alia
819 1275 944 1335 tirmiter
966 1273 1072 1334 haesit.
1118 1272 1264 1334 Stetimus
1287 1290 1365 1352 ergo

182 1381 213 1439 ln
237 1379 381 1456 angustiis
411 1396 471 1438 nou
496 1379 622 1440 modicis
653 1379 710 1439 soli
743 1397 812 1440 cum
844 1381 930 1458 galea
958 1384 1077 1450 nostra,
1113 1385 1251 1439 caeterae
1282 1381 1367 1440 enim

184 1499 349 1543 conservae
371 1488 492 1543 nostrae
516 1501 572 1562 per
594 1482 650 1544 alia
684 1499 791 1543 secura
820 1482 935 1543 canalia
968 1464 1165 1555 transierant}
1183 1470 1247 1543 ‘est
1281 1485 1365 1544 cuim

182 1604 265 1648 mare
288 1587 329 1646 ibi
353 1592 555 1660 montuosum,
579 1595 610 1649 et
631 1587 744 1648 multae
768 1593 838 1647 sunt
861 1588 928 1649 vlae
947 1588 1039 1647 maris
1054 1605 1109 1667 per
1124 1586 1259 1648 medium
1276 1605 1364 1648 mon·

183 1693 274 1763 tium,
305 1692 401 1751 nostri
425 1697 526 1752 autem
548 1692 765 1770 gubernatores
789 1692 888 1750 minus
911 1688 1028 1770 providi
1050 1691 1080 1750 in
1104 1690 1208 1751 canale
1242 1691 1365 1770 pericu·

183 1794 282 1855 losum
305 1812 362 1854 nos
385 1793 580 1866 induxerunt,
615 1801 739 1874 propter
769 1792 851 1872 quod
881 1799 913 1854 et
944 1792 1002 1872 ipsi
1037 1795 1117 1855 inter
1148 1811 1183 1854 se
1206 1792 1365 1855 discordes

183 1903 268 1958 eraut
292 1904 323 1958 et
346 1897 571 1968 corrixabantur
594 1906 625 1958 ct
647 1904 742 1958 totam
764 1903 886 1958 noctem
911 1884 1080 1958 insomnem
1097 1897 1256 1968 ducebant,
1280 1898 1366 1958 omni

183 2008 339 2062 momento
354 2004 438 2067 navis
453 2002 670 2063 resolutionem
688 2007 899 2080 exspectantes
927 2008 977 2062 aut
992 2002 1162 2081 promcsiae
1190 2002 1367 2080 ruptionem

184 2112 234 2167 aut
257 2104 486 2183 dissipationem
503 2105 607 2185 galeae
628 2106 658 2165 in
681 2122 786 2184 prora;
811 2106 837 2165 si
861 2106 934 2183 quid
956 2107 1037 2166 enim
1060 2105 1167 2166 horum
1184 2106 1367 2183 contigisset

183 2214 350 2271 extremum
372 2209 541 2288 periculum
564 2208 792 2281 incidissemus,
817 2215 902 2270 erant
927 2212 1007 2270 enim
1030 2209 1193 2288 importuni
1215 2209 1308 2280 venti,
1334 2215 1368 2269 et

182 2330 265 2374 mare
287 2314 543 2392 inquietissimum
574 2313 738 2386 tremebat,
771 2321 802 2374 ct
833 2320 1027 2374 accurrentes
1057 2311 1167 2373 lluctus
1194 2312 1226 2372 iu
1254 2327 1368 2373 navem

182 2416 344 2478 durissime
367 2418 590 2496 impingebant,
615 2435 650 2478 ac
673 2420 699 2478 si
722 2422 826 2478 contra
851 2433 918 2476 eam
940 2419 971 2476 iu
994 2415 1059 2494 ejus
1082 2416 1176 2476 latera
1190 2416 1368 2477 mitteretur

182 2521 279 2582 moles
303 2520 340 2581 de
364 2529 482 2594 monte,
512 2529 543 2583 et
567 2540 602 2583 err
625 2522 675 2583 illa
698 2521 772 2583 dura
795 2523 992 2601 percussione
1016 2521 1195 2581 movebatur
1216 2519 1303 2598 galea
1327 2518 1367 2580 ad

183 2626 345 2687 anchoram
368 2626 504 2703 pendens
527 2627 737 2705 importunius,
761 2643 851 2704 quam
874 2628 900 2686 si
915 2626 1055 2686 frementi
1070 2626 1145 2684 mari
1167 2623 1261 2684 libera
1285 2621 1365 2684 ssuc-

182 2735 314 2801 tnasset>3
349 2730 427 2789 sicut
451 2732 533 2791 canis
564 2728 700 2800 rabidus,
735 2736 842 2805 catena
870 2729 993 2807 ligatus,
1026 2729 1188 2790 terribilius
1211 2734 1364 2800 movetur,

183 2851 272 2913 quam
297 2832 383 2904 liber,
419 2816 463 2892 sic
495 2839 526 2893 et
553 2832 642 2918 *galea
672 2838 775 2892 nostra
808 2838 870 2893 tota
902 2839 992 2893 nocte
1024 2834 1191 2894 insaniebat
1214 2833 1366 2893 concitata

183 2936 333 2998 fluctibus.
378 2936 493 2998 lladem
523 2944 613 2999 nocte
647 2937 732 2997 multi
756 2938 921 2998 emiserunt
956 2936 1075 2999 diversa
1102 2942 1173 2998 vota
1202 2934 1238 2996 ad
1263 2934 1366 2996 Deum

183 3046 215 3100 et
236 3039 380 3111 Sanctus,
413 3046 446 3100 ut
468 3058 524 3119 per
553 3047 676 3101 noctem
705 3040 788 3102 illam
819 3041 1041 3102 custodiremur
1070 3040 1106 3101 ab
1136 3039 1364 3100 imminentibus

182 3142 334 3223 perieulis.
380 3142 414 3203 ln
443 3144 499 3205 hac
526 3144 732 3217 tribulatione,
762 3152 796 3206 ut
825 3163 931 3207 verum
963 3145 1073 3217 fatear,
1109 3144 1365 3224 complacentiam

182 3248 287 3317 habui,
312 3248 381 3327 quia
405 3247 494 3327 digne
517 3249 730 3311 tribulabamur
753 3268 807 3329 pro
830 3266 882 3322 co,
907 3248 987 3328 quod
1006 3251 1038 3309 in
1062 3256 1125 3309 tam
1150 3248 1365 3309 sacratissimis

183 3351 288 3414 dicbus
312 3351 348 3414 ad
371 3352 486 3413 nullum
510 3352 726 3414 declinavimus
749 3360 886 3431 portum,
920 3355 971 3413 ubi
993 3359 1109 3414 tantum
1142 3351 1243 3413 saltim
1270 3369 1365 3412 uuam

134 3518 137 3523 ,
183 3455 402 3518 audivissemus
426 3455 566 3530 Missam,
600 3455 686 3520 valde
711 3458 791 3518 enim
813 3458 891 3518 bene
922 3458 1111 3520 venissemus
1133 3457 1165 3518 in
1187 3455 1364 3533 Ragusium‚

180 3561 230 3622 vel
251 3561 283 3620 in
306 3561 432 3623 Cursula
456 3563 675 3623 mansissemus
698 3578 753 3640 per
776 3560 859 3621 illam
874 3565 998 3621 noctem
1021 3567 1053 3622 et
1073 3562 1104 3620 in
1126 3575 1216 3620 mane
1239 3559 1363 3620 habuis·

182 3680 285 3725 scmus
308 3664 454 3738 officium,
478 3665 533 3726 sed
556 3666 629 3727 nihil
654 3682 743 3726 curae
767 3663 805 3725 de
828 3665 875 3725 hia
892 3669 956 3725 erat
972 3665 1085 3724 uostris
1100 3661 1363 3741 gubernatoribus.

182 3766 353 3845 Numquam
375 3767 435 3830 vidi
462 3771 504 3829 ita
527 3768 705 3847 desperatos
737 3774 769 3829 et
799 3767 890 3829 duros
914 3769 1068 3838 homines,
1102 3769 1154 3846 qui
1182 3783 1240 3827 nec
1261 3765 1364 3827 Deum

182 3872 330 3933 timebant
348 3866 404 3951 (1))
442 3888 499 3931 nec
521 3871 648 3932 Sanctus
676 3872 863 3933 honorabant
896 3889 953 3932 nec
985 3871 1126 3932 homines
1152 3873 1306 3945 amabant,
1330 3877 1363 3932 et

181 3975 344 4055 praecipue
366 3982 500 4037 rectores
531 3975 635 4055 galeae
659 3982 744 4037 crant
764 3978 887 4055 penitus
918 3978 985 4037 sine
1015 3977 1122 4048 anima,
1146 3975 1264 4048 idest,
1295 3977 1363 4038 siue

182 4080 377 4142 conscientia.

267 4182 325 4244 Dte
347 4183 477 4256 llllllll,
498 4199 578 4265 quac
609 4190 657 4248 est
678 4185 846 4248 beatissimi
866 4183 1012 4260 iohannis
1036 4184 1257 4265 evangelistae,
1290 4201 1363 4247 cum
