2902 4710
670 164 736 235 att

115 363 187 426 ergo
210 345 397 407 1313133113
420 342 572 403 sulcantes
595 356 677 402 mare
693 341 811 402 fortiter
825 340 1044 422 praecedentes
1065 339 1169 420 ‘galeas
1192 341 1294 405 secuti

114 465 231 511 sumus.
278 446 354 509 Cum
376 463 448 524 ergo
477 447 550 508 hora
573 446 691 526 prandii
714 445 853 519 adesset,
884 445 949 506 sedi
990 461 1111 506 mecum
1143 445 1293 523 cogitans,

114 550 188 630 quid
210 568 266 630 ego
289 550 422 611 tacturus
446 566 562 620 essem,
587 557 618 610 31
640 549 712 610 dum
734 550 779 610 sic
802 548 957 619 sederem,
980 547 1039 609 ridi
1054 565 1147 609 unum
1161 529 1295 608 militem

113 656 308 734 peregrinum
329 652 368 713 de
391 652 524 713 secunda
546 653 710 724 societate,
734 651 890 739 dominum
906 653 1019 730 caspar
1040 649 1079 711 de
1095 650 1218 722 11313311,
1243 668 1293 712 as·

114 758 308 822 oenderede
331 757 439 820 cethrla
469 775 591 837 prorae,
625 764 659 818 nt
688 759 773 819 cibos
807 756 845 818 de
877 758 1005 835 coquina
1037 760 1179 835 portaret.
1224 753 1293 816 lloo

7 902 20 927 ι
113 863 220 924 videns
243 861 404 940 plurimum
432 861 611 922 laetificatus
644 860 687 921 fui
722 868 753 922 et
781 867 855 941 post
880 879 951 922 eum
980 860 1105 921 clamavi
1128 859 1294 920 teutonicis

1 1018 12 1038 ,.
113 967 213 1030 verbis
235 982 346 1028 uocans
370 984 440 1027 eum
463 967 587 1026 nominc
610 983 685 1037 suo,
708 966 759 1043 qui
782 983 831 1026 me
854 965 1021 1044 respiciens
1048 961 1203 1043 obstupuit
1218 979 1293 1041 prae

113 1072 322 1131 ammiratione
357 1077 388 1130 et
409 1066 570 1130 descendit
600 1066 637 1129 ad
661 1068 783 1129 cumbas
814 1067 1005 1128 dominorum
1028 1066 1155 1147 militum
1185 1071 1216 1125 et
1237 1065 1293 1126 ba·

114 1192 243 1246 ronam,
273 1173 454 1236 Ferdinandi
483 1172 522 1234 de
552 1171 665 1233 Werna
708 1179 740 1233 et
769 1170 881 1233 domini
911 1168 1105 1232 Maximiliani
1142 1168 1180 1230 de
1212 1167 1294 1247 llap·

113 1281 268 1361 penstein,
292 1277 397 1339 dicens
421 1279 580 1338 eismeam
596 1277 802 1355 praesentiam
824 1277 854 1336 in
878 1276 962 1346 navi;
987 1276 1089 1335 statim
1112 1281 1214 1336 autem
1237 1293 1294 1356 au·

115 1386 232 1449 dientes
264 1383 466 1445 ascenderunt
499 1387 530 1442 et
552 1379 653 1441 audita
685 1396 775 1440 causa
806 1396 875 1440 mea
904 1378 1134 1441 introduxerunt
1155 1381 1186 1440 in
1209 1385 1294 1466 stan·

114 1491 187 1552 tiam
222 1506 308 1550 suam
341 1493 373 1548 et
396 1487 535 1547 cumbam
562 1502 617 1564 pro
641 1483 819 1546 dormitione
843 1485 1049 1562 assignarunt,
1080 1490 1111 1544 31
1133 1486 1174 1546 113
1197 1486 1294 1548 collo·

115 1594 280 1673 quehamur
302 1590 354 1651 illo
378 1590 427 1651 die
450 1587 487 1649 de
511 1589 630 1661 multis,
667 1590 737 1667 quia
761 1587 1294 1651 1311133331313311113113333133

115 1697 354 1759 conversationis
378 1698 464 1755 erant
485 1694 615 1754 barones
638 1701 669 1755 et
691 1693 803 1754 milites
819 1690 970 1753 secundae
993 1679 1167 1765 3331313113,
1191 1694 1293 1756 31111-

115 1801 223 1862 cebant
244 1799 333 1871 mihi,
356 1797 438 1876 quod
460 1796 574 1859 dudum
596 1802 790 1875 optaverunt,
814 1800 848 1856 ut
867 1814 926 1874 per
948 1797 1064 1875 aliquos
1081 1795 1146 1858 dies
1162 1799 1295 1879 3313-313

115 1919 238 1966 1333313
261 1918 386 1981 possem
408 1902 531 1962 133311.
562 1900 642 1961 Dum
665 1908 766 1961 autem
790 1900 835 1960 sol
851 1899 1040 1962 occidentem
1056 1906 1183 1980 peteret,
1205 1903 1297 1964 irruit

115 2013 344 2086 tempestuosus
369 2011 492 2076 ventus,
525 2010 556 2065 et
579 2003 688 2065 multas
711 2006 876 2066 anxietates
905 2022 962 2066 nos
986 2001 1096 2084 (nobis)
1125 2005 1179 2066 illa
1200 2011 1295 2068 noete

115 2109 401 2189 mmmmfflm
717 2113 720 2117 ’

201 2214 293 2273 Serto
316 2210 383 2301 die,
416 2212 467 2288 qui
489 2217 538 2272 est
559 2212 743 2291 Epiphaniae
766 2211 904 2285 Domini,
936 2230 992 2292 per
1013 2194 1147 2275 noctem·
1165 2230 1295 2295 praece·

114 2318 237 2379 dentem
260 2323 502 2395 tempestuosum
524 2315 683 2385 habuimus
706 2322 846 2388 ventum,
875 2334 1057 2398 prosperum
1080 2326 1198 2390 tamen,
1213 2321 1298 2398 -quia

114 2420 299 2483 ducebamur
320 2422 437 2480 intento
460 2409 579 2481 itinere.
617 2419 704 2481 Circa
727 2419 862 2481 medium
886 2428 988 2482 autem
1010 2425 1108 2483 noctis
1130 2420 1296 2491 incidimus

113 2527 144 2587 in
167 2526 320 2604 angustias
336 2524 478 2595 Comeri;
503 2525 645 2584 33133113
662 2525 768 2586 civitas
792 2523 940 2601 quaedam
961 2527 993 2585 in
1015 2525 1116 2587 littore
1140 2529 1208 2601 sita,
1233 2529 1295 2592 Co-

112 2631 223 2691 rinium
252 2627 346 2697 dicta,
376 2645 393 2688 a
416 2645 476 2706 qua
502 2632 587 2689 mare
611 2627 779 2689 Comerum
811 2621 945 2700 dicitur,
970 2628 1019 2690 131
1043 2647 1059 2691 3
1082 2647 1143 2692 333.
1158 2636 1296 2709 33311113,

115 2735 185 2811 quia
208 2713 419 2792 saevissimum
441 2732 482 2792 ibi
512 2738 577 2802 est,
608 2737 641 2791 et
663 2731 921 2809 periculosissima
947 2735 1111 2812 nauigatio,
1140 2736 1182 2796 ibi
1212 2741 1296 2800 enim

114 2853 206 2897 mare·
220 2834 414 2897 velocissimo
438 2853 528 2896 cursu
544 2840 648 2895 contra
662 2835 840 2896 Anchonam
862 2841 1028 2915 et-portum
1043 2837 1075 2899 S.
1091 2837 1173 2900 Petri
1188 2841 1296 2916 tendit,

116 2947 147 3002 31
169 2941 195 2999 31
220 2937 339 3017 quando
364 2938 580 3018 gubernatores
608 2958 668 2998 non
698 2946 768 3000 sunt
798 2942 1028 3020 circumspecti,
1062 2944 1160 3033 navis(
1179 2947 1298 3024 rapitur

115 3049 147 3123 31
170 3060 239 3102 3313
262 3043 392 3102 maximo
416 3042 552 3120 periculo
576 3048 659 3102 extra
681 3043 787 3102 sinum·
801 3045 833 3102 in
856 3044 945 3105 aliam
967 3030 1085 3123 partem
1109 3047 1296 3109 333113113-

115 3163 195 3206 mam
219 3142 391 3224 projicitur,
426 3147 506 3206 sicut
528 3162 620 3223 saepe
642 3145 755 3206 lactum
789 3165 859 3208 esse
891 3154 960 3209 3313
986 3161 1046 3211 ’1133
1078 3157 1109 3211 31
1138 3157 1207 3230 post
1235 3168 1296 3216 nos

116 3249 226 3312 audivi.
265 3250 378 3310 Verum
398 3249 462 3327 jam
484 3251 677 3330 singulariter
700 3251 845 3312 cavebant
866 3258 990 3325 nautae,
1014 3253 1095 3332 quod
1117 3272 1209 3316 naves
1232 3257 1297 3319 non

114 3354 349 3417 tollerenturin
369 3356 542 3433 oppositum
566 3355 664 3427 littus,
688 3357 758 3434 quia
781 3357 893 3435 absque
916 3357 991 3429 boc,
1016 3357 1097 3436 quod
1112 3361 1142 3419 in
1157 3362 1296 3438 periculo

113 3459 279 3521 fuissemus
303 3461 409 3532 maris,
433 3458 566 3521 hostium
589 3461 619 3519 in
643 3476 748 3520 manus
764 3442 1011 3522 devenissemus:
1043 3462 1108 3524 1313
1125 3463 1206 3523 33113
1230 3470 1297 3528 1313

115 3566 201 3642 quasi
223 3562 307 3625 113113
332 3571 437 3624 contra
451 3560 585 3625 Venetos
608 3571 680 3624 tnnc
703 3571 767 3625 erat
790 3570 939 3625 commota
964 3571 995 3626 et
1020 3564 1057 3627 ad
1079 3550 1297 3631 debellandum

116 3674 228 3746 parata.
274 3666 390 3742 11113133
414 3676 521 3730 133133
544 3668 669 3729 13131311
692 3674 721 3728 31
745 3685 828 3729 mare
854 3668 976 3730 fremuit
997 3672 1028 3730 in
1050 3676 1181 3742 tantum,
1213 3673 1297 3749 quod

115 3770 182 3831 vela
205 3775 420 3846 tempestatum
443 3771 600 3850 grandium
616 3785 769 3851 apponere
785 3775 882 3834 coacti
898 3769 954 3854 (11)
969 3774 1108 3849 1331331;
1132 3795 1298 3842 3313133311

101 3873 198 3933 ‘enim
221 3871 322 3933 131313
338 3873 558 3935 dilacerassent
573 3876 663 3947 venti,
688 3893 783 3955 aquae
808 3884 908 3938 autern
931 3860 1039 3940 navem
1055 3876 1199 3942 continue¹
1220 3901 1296 3963 ope-

116 3977 235 4039 riebant
269 3983 300 4036 et
331 3977 369 4038 ad
401 3996 456 4038 nos
487 3978 675 4051 incidebant,
707 3980 774 4041 1313
797 3982 888 4042 311313
919 3981 1058 4062 deposita
1092 3989 1124 4044 31
1152 3968 1242 4047 iones
1261 3988 1298 4050 13

116 4078 257 4140 cellulam
289 4087 422 4141 nostram
453 4079 656 4160 trajiciebant,
695 4102 772 4163 qnae
795 4092 894 4153 tamen
922 4087 1114 4148 strictissima
1148 4094 1229 4162 3131,
1264 4099 1298 4154 31

116 4186 284 4264 compressi
306 4185 442 4248 sedimus
463 4203 519 4268 per
541 4192 635 4249 totam
650 4196 772 4251 noctem
787 4191 817 4251 in
832 4191 994 4270 angustiis,
1017 4197 1050 4254 31
1063 4192 1297 4269 quamvls'bene
