2902 4710
691 150 755 220 326

131 335 300 400 secundum
333 349 440 397 eorum
470 330 670 402 desiderium,
700 331 874 410 disputant,
910 335 1038 408 arguunt
1072 334 1104 391 et
1125 327 1313 392 concludunt

132 441 170 505 de
193 458 284 503 causa
306 440 455 502 malorum
477 442 635 498 ventorum
659 442 690 495 et
717 435 754 497 de
784 433 1070 513 impedimentorum
1096 436 1213 495 ratione
1237 434 1312 495 cou-

130 546 242 607 iernnt.
285 541 373 605 Unde
401 544 432 603 in
464 546 527 602 tota
560 539 657 599 classe
689 544 753 598 erat
780 539 934 615 occultum
956 555 1092 603 murmur
1121 536 1159 599 de
1182 555 1313 615 corpore

131 648 266 710 defuncti
289 647 438 718 consulis,
462 644 543 724 quod
565 645 596 703 in
619 649 721 702 nostra
740 640 862 719 jacebat
885 641 979 719 galea,
1004 648 1034 701 et
1049 643 1198 719 pessimas
1215 641 1312 702 male·
1338 628 1340 633 '

132 751 279 814 dictiones
303 757 334 813 01
356 750 591 829 imprecationes
615 739 783 808 inferebant
805 736 965 816 deiunot03
990 753 1021 806 et
1043 749 1069 806 11
1091 746 1198 808 inisset
1220 765 1312 825 pere·
1375 796 1378 804 ,

132 858 235 936 3111111
258 856 417 934 princeps,
451 853 501 914 111
529 834 758 922 1111111111011;
793 848 849 911 sed
877 852 947 928 quia
979 859 1102 913 senator
1124 850 1313 912 Venetianus

132 966 210 1030 0111,
240 976 329 1018 nemo
353 956 481 1022 audebat
503 962 554 1016 aut
576 954 658 1033 loqui
681 959 732 1015 aut
754 953 855 1015 iacere
879 961 984 1015 contra
1007 972 1087 1015 eum.
1132 951 1312 1015 1111110111-

132 1063 241 1142 pabant
264 1063 456 1140 peregrinos,
481 1059 713 1130 dicentes,„eos
737 1076 806 1119 esse
828 1057 1042 1131 infortunatos,
1066 1060 1135 1138 quia
1158 1076 1218 1119 non
1241 1076 1314 1119 curn

20 1203 23 1207 -
131 1163 291 1227 devotione
313 1164 380 1225 loca
402 1171 505 1226 saneta
528 1165 716 1234 visitassent,
740 1163 788 1223 vel
816 1164 885 1240 quia
908 1179 1015 1240 nquam
1042 1161 1181 1238 Jordanis
1204 1180 1313 1223 secum

131 1269 287 1341 tulissent,
322 1286 412 1346 quam
446 1268 528 1329 nullo
552 1266 642 1327 modo
666 1269 833 1346 patiuntur,
868 1273 901 1326 ut
924 1272 1006 1344 patet
1028 1264 1060 1327 P.
1085 1265 1107 1327 l.
1137 1265 1200 1327 tot.
1228 1263 1314 1339 197..

132 1373 181 1435 vel
204 1375 275 1452 qula
306 1373 419 1434 iuratae
452 1374 594 1452 reliquias
626 1371 771 1433 haberent
805 1377 837 1431 et
858 1370 976 1449 lapillos
1011 1368 1049 1430 de
1080 1370 1159 1430 locis.
1189 1371 1314 1442 sanctis,

133 1495 211 1557 quae
241 1479 341 1537 omnla
372 1463 549 1539 asserebant
585 1495 655 1537 esse
687 1475 904 1555 impedimenta
932 1476 1137 1553 navigationis.
1182 1473 1314 1546 Quidam

134 1587 236 1644 autem
258 1581 438 1659 instigabant
463 1583 695 1661 gubernatores,
728 1586 762 1640 ut
785 1577 899 1640 sacculi
922 1581 1017 1638 nostri
1051 1583 1315 1659 perscrutarentur

134 1690 165 1745 et
186 1686 306 1745 inventa
335 1685 366 1745 in
391 1681 733 1763 mare'projicerentur3
763 1681 845 1762 quod
877 1689 907 1743 et
929 1682 1091 1753 fecissent,
1124 1683 1150 1742 si
1176 1680 1314 1743 defuncti

134 1804 244 1866 corpus
268 1801 328 1848 non
351 1787 468 1848 fuisset.
515 1789 581 1848 Non
605 1790 686 1848 enim
709 1785 938 1848 admisissemus
962 1792 1065 1847 nostra
1089 1784 1126 1846 ad
1149 1802 1232 1847 mare
1255 1785 1313 1865 eji-

134 1907 204 1952 cere
227 1893 285 1951 nisi
307 1893 390 1969 prius
413 1889 559 1952 cadavere
583 1892 729 1970 exposito,
753 1892 802 1950 cui
823 1909 931 1950 omnes
956 1907 1076 1951 causam
1102 1881 1314 1968 impedimenti

136 1994 346 2056 attribuebant.
378 1993 424 2054 De
446 1997 711 2080 superstitionibus
734 1997 961 2056 marinariorum
983 2013 1076 2074 saepe
1099 1997 1238 2074 superins
1264 2012 1314 2056 me

135 2096 246 2158 fecisse
269 2100 454 2161 mentionem
478 2101 611 2161 memini.
866 2171 868 2175 .
1112 2110 1117 2117 ’
1377 2086 1380 2089 Δ

222 2201 357 2281 Septima
380 2202 444 2276 die,
477 2221 554 2282 quae
584 2186 812 2265 tuitdominica
844 2202 979 2271 secunda
1010 2185 1155 2266 adventus
1180 2201 1313 2275 Domini,

135 2304 284 2368 fortificati
317 2315 387 2369 sunt
417 2311 500 2371 venti
524 2310 665 2369 contrarii
697 2326 754 2368 nec
778 2324 849 2386 spes
873 2314 938 2368 erat
960 2291 1133 2375 recedendi.
1170 2302 1313 2379 'Quidam

138 2410 226 2471 miles
260 2400 362 2472 autem
393 2411 430 2472 de
457 2415 548 2474 sociis
580 2415 690 2476 nostris
722 2414 752 2475 in
779 2412 835 2472 alia
868 2412 952 2490 galea
986 2411 1203 2472 deliberaverat
1234 2409 1317 2471 diem

141 2514 226 2575 illum
249 2513 401 2576 deducere
426 2517 456 2577 in
475 2515 664 2593 jucunditate
694 2518 852 2579 nobiseum
880 2523 911 2577 et
933 2517 1051 2579 volebat
1075 2515 1200 2603 Missam
1223 2533 1315 2577 nava·

138 2618 214 2689 lem,
240 2636 329 2696 quam
352 2621 507 2680 nominant
528 2621 691 2693 torridam,
716 2622 818 2683 audire
842 2639 860 2683 1
881 2622 983 2691 nohis,
1008 2624 1078 2700 quia
1100 2623 1159 2701 ipsi
1175 2621 1319 2683 carebant

137 2720 294 2782 sacerdote
309 2723 341 2781 in
357 2721 442 2800 galea
459 2742 528 2805 sua,
554 2725 668 2785 sciebat
691 2727 788 2797 enim,
813 2724 893 2804 quod
910 2727 1036 2805 singulis
1052 2724 1158 2787 diebus
1182 2725 1318 2788 cilicium

135 2823 249 2886 Missae
272 2826 429 2905 1030111111
452 2835 503 2889 aut
524 2847 579 2906 per
602 2848 661 2900 me,
689 2836 739 2890 aut
763 2847 819 2910 per
842 2829 997 2890 dominum
1020 2829 1168 2914 loannem
1183 2832 1213 2890 in
1230 2848 1316 2892 curn-

135 2930 182 2991 bis
205 2930 335 3001 nostris,
359 2930 396 2991 ad
419 2931 501 3009 quod
524 2932 707 2994 audiendum
730 2935 880 2994 intrabant
896 2934 996 3012 plures
1012 2934 1128 3007 111101,
1153 2938 1318 3016 praecipue

135 3035 252 3096 festivis
277 3032 392 3095 diebus.
437 3033 527 3096 Miles
561 3036 712 3115 01311110
747 3039 784 3098 ob
816 3040 1015 3100 urbanitatem
1038 3039 1318 3101 accommodarita

137 3143 265 3216 patrono
294 3156 350 3203 suc
369 3145 508 3217 pateram
523 3148 710 3220 ,argenteam
735 3143 907 3220 pulchram,
941 3145 1105 3223 pretiosam
1136 3151 1166 3205 et
1189 3142 1316 3207 deaura-

135 3247 197 3301 tam
220 3246 250 3300 et
273 3241 420 3320 repletam
444 3245 576 3306 eincibro
599 3246 685 3307 viridi
710 3246 848 3308 contecto
878 3266 947 3309 cum
969 3248 1098 3310 zucharo
1123 3247 1159 3308 ad
1181 3267 1237 3308 nos
1261 3248 1315 3309 de-

136 3346 216 3408 terre
240 3347 413 3410 intendebat
437 3349 474 3411 ad
496 3352 664 3429 propinem.
711 3352 788 3412 Cum
820 3370 893 3430 0131
923 3359 1059 3431 pateram
1090 3369 1179 3413 manu
1206 3370 1317 3431 gerens

136 3452 174 3514 de
197 3453 283 3531 31101
306 3471 361 3531 per
383 3454 493 3533 gradus
518 3456 719 3517 descenderet
747 3459 778 3517 in
802 3459 939 3529 barcam,
973 3459 1114 3536 contigit,
1150 3475 1220 3519 eum
1244 3474 1318 3521 casu

136 3557 214 3636 pede
237 3559 400 3620 lubricitati
416 3557 487 3640 (tr),
511 3564 617 3640 sicque
633 3558 742 3622 oblitus
758 3563 805 3622 sui
821 3563 905 3640 lapsa
920 3568 1023 3640 patera
1040 3579 1056 3622 e
1073 3579 1163 3622 manu
1185 3564 1215 3623 in
1232 3579 1317 3637 mare

137 3659 247 3720 cecidit
269 3662 412 3723 immersa
435 3665 594 3742 profundo.
641 3665 826 3727 Reaccendit
849 3672 924 3744 ergo'
939 3668 968 3726 in
986 3664 1112 3743 galeam,
1135 3668 1318 3745 promittens

135 3765 303 3842 praemium
327 3767 369 3834 et,
394 3768 444 3842 qui
468 3785 502 3827 se
526 3770 601 3828 mari
623 3770 802 3844 immitteret
825 3774 855 3828 et
878 3776 1014 3848 pateram
1043 3776 1229 3848 reportaret,
1259 3770 1319 3832 sed

135 3885 196 3926 non
219 3872 266 3925 est
288 3868 446 3940 inventus,
469 3873 521 3948 qui
544 3872 667 3933 laceret.
712 3873 859 3934 Dicebant
883 3876 980 3944 enim,
1005 3875 1095 3935 maris
1118 3874 1245 3935 fundum
1275 3872 1319 3938 ibi

137 3989 207 4033 csse
230 3987 386 4032 scarosum
421 3979 451 4032 et
474 3991 671 4034 cavernosum
704 3982 733 4035 01
757 3994 826 4037 cum
848 3977 907 4037 hoc
929 3978 1112 4056 protundum
1134 3977 1236 4049 valde,
1269 3978 1317 4060 inf

137 4091 229 4153 super
243 4066 311 4135 'non
335 4075 464 4148 clarum,
489 4093 558 4136 cum
582 4078 699 4139 coelum
723 4088 805 4142 esset
828 4088 940 4153 atrum,
964 4101 1021 4144 nee
1036 4083 1237 4162 tranquillum,
1261 4083 1320 4145 sed

137 4180 312 4260 inquietum·
329 4187 360 4241 et
381 4187 590 4256 tumorosum,
615 4191 647 4246 et
661 4186 824 4249 verisimile
847 4204 933 4258 0110,
957 4189 1054 4266 ipsam
1077 4194 1212 4268 pateram
1226 4187 1319 4267 longe
