2874 4770
696 266 743 335 ⁴5

128 446 374 526 potentissimus,
408 445 459 504 cui
489 441 547 502 lais
573 443 606 501 in
635 441 810 518 conjugium
834 446 929 517 apta
950 445 1016 499 cat.
1047 446 1081 497 nt
1108 444 1193 514 petet
1215 451 1310 512 supra

129 548 181 607 iol.
198 544 250 609 44.
280 547 352 607 Erat
366 553 472 607 autem
484 544 540 605 leis
554 545 682 622 insignia
696 542 894 622 prudentiae,
914 558 992 619 qnae
1005 540 1154 618 pupulum
1167 541 1308 615 hecjpti,

131 668 223 728 quem
257 648 382 719 nudem,
415 651 546 709 inertem
584 655 615 706 et
653 646 813 706 henim
844 647 976 704 inrerit.
1005 644 1176 703 humaniter
1203 644 1306 699 rivere

131 753 248 823 docuit,
276 758 307 812 et
328 769 415 830 agros
438 751 556 822 coiere,
578 750 669 811 cuitir
690 751 884 810 committere
903 750 1020 807 aemma
1052 755 1085 805 ct
1116 745 1219 822 irugea
1241 743 1305 802 cair

129 855 223 932 ligere
252 861 284 914 et
317 855 348 912 in
371 853 472 914 cibum
493 851 646 914 deducere
668 853 830 920 instruxit,
852 856 884 909 et
904 848 988 927 quad
1000 848 1048 908 hie
1062 847 1202 908 unnhur
1215 863 1305 924 spec·

129 959 248 1018 habilius
272 965 319 1019 est
340 959 373 1018 in
396 957 539 1028 muliere,
562 956 709 1035 poputum
730 971 841 1033 regum
862 951 986 1028 redegit
1014 957 1047 1010 ct
1073 948 1190 1026 legibue
1204 951 1306 1008 rivere

130 1062 285 1139 praecepit
330 1061 436 1146 eisque
468 1059 660 1119 characteres
682 1057 817 1136 depinxit
854 1063 887 1115 et
918 1053 1070 1112 cienena
1091 1055 1308 1129 scriptuarum

130 1164 225 1241 primo
248 1161 386 1233 tradidit3
416 1161 493 1222 haee
521 1161 598 1222 adeo
627 1161 773 1222 mirabilia
804 1162 924 1218 imneta
946 1155 1119 1215 hominihus
1140 1156 1203 1213 riae
1225 1163 1308 1225 sunt,

129 1271 162 1324 ut
178 1265 401 1337 arbitrarentur,
423 1281 535 1324 nonen
550 1264 675 1326 Graecia
690 1266 811 1325 venisse
824 1259 947 1329 bidem
968 1256 1056 1318 sede
1071 1257 1160 1316 cuein
1176 1256 1305 1334 tapetam,

130 1377 161 1430 et
183 1370 220 1429 ob
243 1369 274 1429 id
296 1368 413 1430 divinos
434 1369 565 1429 honores
580 1366 676 1427 adhue
690 1368 802 1427 rirenti
816 1362 1030 1432 exhibuerunt,
1053 1369 1085 1418 et
1099 1358 1173 1419 dum
1187 1368 1308 1419 morule

129 1472 194 1542 tuit,
216 1473 249 1531 iu
272 1469 392 1530 coelum
407 1487 475 1530 earn
493 1476 695 1530 reassumtam
712 1468 917 1537 erediderunt,
937 1468 1028 1544 eique
1042 1473 1074 1524 et
1086 1464 1175 1542 ,tpidi
1192 1463 1306 1540 tempta

130 1591 185 1654 per
199 1575 354 1634 universas
369 1570 500 1650 Aegypti
514 1573 650 1633 civitates
665 1569 873 1640 condiderint,
887 1586 954 1628 arae
969 1576 1003 1628 ct
1016 1568 1178 1628 simulacra
1194 1584 1302 1627 erere·

130 1681 222 1748 runt,
237 1681 267 1734 et
289 1674 390 1752 legem
405 1672 579 1744 ediderunt,
602 1682 651 1745 ut,
673 1676 856 1751 quicumque
870 1672 961 1750 Apim
973 1681 1006 1732 et
1018 1669 1132 1732 isidem
1145 1672 1302 1732 hominem

131 1779 246 1838 diceret
269 1776 381 1847 fuisse,
405 1778 504 1855 capite
527 1794 596 1838 mer
618 1779 787 1854 puniretur.

218 1879 354 1941 Mirabile
370 1875 426 1959 (le)
442 1878 723 1959 protecteiortnnae
735 1876 907 1947 ludibrium,
920 1894 976 1937 aen
987 1881 1089 1956 petina
1100 1883 1235 1942 caecitare
1247 1883 1302 1942 he-

132 1986 262 2053 minum,
286 1990 337 2044 aut
359 1983 467 2043 metim
489 1980 624 2042 dicerem
645 1980 728 2041 rmus
749 1988 780 2040 ct
802 1979 941 2058 decipula
959 1980 1154 2056 daem,
1175 2003 1306 2064 querum

129 2105 222 2165 opere
245 2094 346 2147 actum
369 2094 429 2157 est,
452 2093 485 2146 nt
506 2085 640 2149 foemina
660 2084 759 2161 leugis
781 2087 890 2162 agitata
913 2083 1081 2156 inachus,
1102 2087 1212 2150 deinde
1228 2107 1305 2151 auare

130 2196 248 2250 mortua
280 2197 311 2250 et
341 2191 371 2248 in
394 2190 528 2248 cinerem
549 2203 638 2249 versa
669 2195 700 2246 et
734 2187 814 2264 apud
831 2186 947 2246 interae
962 2188 1096 2266 affigam,
1119 2200 1151 2252 et
1164 2192 1220 2253 dea
1236 2210 1304 2253 cre.

130 2292 260 2364 deretur,
284 2301 316 2353 et
338 2292 520 2371 pergrande
537 2294 654 2351 crimen
674 2289 739 2349 iere
762 2291 799 2349 ab
822 2292 966 2349 mirerso
987 2291 1061 2352 orte
1084 2291 1193 2354 divinia
1207 2296 1305 2357 hene·

130 2401 248 2456 raretur
270 2395 433 2470 obsequiis.
479 2379 525 2452 hd
546 2394 624 2454 hane
646 2394 728 2452 enim
747 2395 896 2452 insaniam
910 2395 1003 2452 etiarn
1017 2395 1077 2470 ipai
1092 2393 1220 2456 lemni
1235 2415 1306 2475 pra-

132 2497 239 2556 dentes
262 2501 295 2556 et
316 2502 456 2573 potentes
480 2493 612 2554 devoluti
633 2500 722 2564 runt,
751 2500 785 2552 ut
812 2494 904 2570 lenge
932 2492 1053 2571 lateque
1077 2514 1132 2573 per
1155 2506 1252 2557 terrm
1274 2507 1308 2558 et

101 2650 105 2657 ,
132 2602 226 2659 maria
248 2600 417 2669 mitterent,
440 2603 473 2657 et
495 2596 645 2675 collapsas
666 2595 819 2656 idolerum
840 2602 955 2655 statuas
977 2596 1118 2658 tollerent
1152 2607 1184 2659 et
1213 2602 1245 2659 in
1262 2605 1307 2661 ci·

131 2704 256 2763 vitatem
279 2700 407 2768 Romam
431 2699 559 2770 terrent,
581 2706 612 2759 et
635 2699 694 2758 hoc
715 2716 752 2759 ex
773 2715 922 2777 persuanr
943 2697 1088 2772 deorum
1110 2703 1220 2763 metina
1234 2703 1307 2765 dac-

130 2823 272 2878 monum;
297 2805 390 2864 miror
412 2810 530 2871 autern,
564 2801 646 2880 qued
667 2802 726 2861 boe
747 2800 836 2863 laidis
859 2801 974 2863 idcinrn
995 2803 1045 2864 bie
1067 2805 1236 2885 eotlapann
1256 2824 1305 2867 re-

127 2909 254 2979 mansit,
284 2925 354 2967 cum
377 2912 496 2967 certum
518 2905 572 2976 sit,
602 2923 671 2966 eam
694 2907 841 2984 tempium
864 2906 977 2968 Romae
1000 2915 1032 2966 et
1053 2909 1229 2970 andater
1251 2911 1305 2971 ha-

128 3014 241 3072 buisse.
288 3010 374 3071 Sicut
397 3015 427 3069 et
440 3007 527 3068 Alma
549 3007 606 3068 dea
629 3009 776 3087 templum
791 3007 917 3087 quidem
930 3009 1050 3082 habuit,
1072 3013 1103 3072 in
1118 3012 1201 3090 anrd
1214 3014 1305 3092 iunge

128 3122 198 3193 post
219 3113 334 3174 idolum
357 3112 423 3190 ejus
446 3111 569 3172 allatum
591 3109 664 3181 tuir;
688 3114 830 3172 recitatur
844 3117 927 3174 enirn
940 3114 979 3174 de
995 3118 1114 3176 civitate
1130 3115 1186 3176 Dei
1200 3114 1304 3179 trin

130 3217 174 3285 C„
187 3213 251 3288 30,
275 3214 356 3294 quod
377 3214 450 3276 dum
472 3215 619 3277 flaunibai
642 3216 794 3278 Romanos
818 3223 849 3278 et
870 3216 986 3277 italiam
1007 3218 1111 3277 mahta
1139 3222 1305 3280 attrivisset

131 3320 237 3392 bellis,
263 3327 293 3379 et
316 3326 415 3379 tamen
438 3318 583 3379 recedere
606 3319 717 3391 uellet,
740 3319 796 3380 red
818 3337 872 3380 eor
894 3318 1014 3380 midae
1035 3327 1171 3390 vexaret,
1193 3323 1231 3382 ab
1246 3323 1303 3393 hie,

129 3424 181 3500 qui
205 3422 320 3482 Romae
343 3424 436 3482 sacris
459 3429 634 3500 praeerant,
656 3422 930 3500 interrogabantde
945 3422 1096 3493 remedio,
1119 3427 1171 3501 qni
1185 3424 1223 3485 ad
1237 3424 1302 3485 idc-

128 3526 226 3585 lorum
248 3523 370 3584 oracula
392 3523 451 3584 tale
472 3526 654 3585 invenerunt
668 3543 809 3586 carmen:
833 3525 920 3586 Vinci
933 3533 965 3586 et
979 3526 1052 3604 peili
1065 3525 1187 3586 bostem
1202 3545 1304 3607 prece,

127 3631 153 3690 si
175 3626 282 3689 Matris
305 3626 431 3688 deorum
453 3639 566 3689 numen
580 3629 708 3688 Romam
730 3629 892 3691 adductam
913 3628 1001 3689 teret.
1047 3627 1216 3690 (tecmicne
1231 3647 1306 3708 erge

126 3722 216 3808 hujus
240 3731 381 3817 carminis
412 3733 561 3792 miserunt
580 3729 710 3792 Romani
739 3733 856 3809 legatae
878 3733 910 3792 in
931 3729 1092 3808 Phrygiam
1112 3728 1222 3802 Asiae,
1254 3733 1307 3793 nbi

126 3840 190 3894 erat
208 3832 294 3910 juxta
317 3830 439 3909 Trojam
462 3852 579 3905 nemus,
603 3833 785 3895 Peaeimium
807 3833 937 3904 dimum,
971 3835 1003 3894 in
1025 3851 1087 3912 qne
1109 3843 1174 3895 erat
1206 3842 1307 3897 rtem

125 3936 373 4004 Pessimiunctae‚
384 3934 432 3995 vel
446 3935 553 4015 almae
568 3938 672 3996 matria
687 3936 824 3997 deorum
850 3933 934 3997 Hanc
948 3935 1311 4016 praegrandem'rtatuam

126 4022 273 4107 tulerunt,
299 4042 331 4097 et
352 4054 490 4115 permare
513 4045 545 4098 et
567 4045 664 4097 terras
687 4039 816 4098 maxima
839 4055 949 4116 pompa
971 4040 1002 4099 in
1021 4035 1134 4099 b'rbenr
1155 4040 1310 4101 duxerunt

125 4144 156 4201 in
179 4158 270 4200 suum
292 4139 404 4201 fanum.
450 4139 526 4200 vide
550 4140 591 4200 de
612 4141 670 4201 hee
692 4142 769 4203 inira
794 4140 846 4201 ich
863 4137 972 4204 2131».
1016 4139 1085 4201 ruta
1105 4147 1208 4203 antem
1230 4142 1309 4202 haee

125 4242 215 4304 Alma
235 4240 295 4303 tilia
317 4241 402 4304 Coeli
424 4250 457 4304 et
477 4242 610 4316 Vestae,
638 4251 670 4306 et
699 4262 775 4307 uxor
803 4242 905 4308 aaut·
926 4243 1063 4315 Sutrini,
1093 4251 1192 4307 mater
1213 4243 1309 4318 levir,
