<?xml version="1.0" encoding="UTF-8"?>
<!DOCTYPE html PUBLIC "-//W3C//DTD XHTML 1.0 Transitional//EN"
    "http://www.w3.org/TR/xhtml1/DTD/xhtml1-transitional.dtd">
<html xmlns="http://www.w3.org/1999/xhtml" xml:lang="en" lang="en">
 <head>
  <title>
</title>
<meta http-equiv="Content-Type" content="text/html;charset=utf-8" />
  <meta name='ocr-system' content='tesseract 3.04.00' />
  <meta name='ocr-capabilities' content='ocr_page ocr_carea ocr_par ocr_line ocrx_word'/>
</head>
<body>
  <div class='ocr_page' id='page_1' title='image "./fratrisfelicisf00fabrgoog_0351.png"; bbox 0 0 2902 4710; ppageno 0'>
   <div class='ocr_carea' id='block_1_1' title="bbox 671 161 796 235">
    <p class='ocr_par' dir='ltr' id='par_1_1' title="bbox 671 161 796 235">
     <span class='ocr_line' id='line_1_1' title="bbox 671 161 796 235; baseline -0.04 0"><span class='ocrx_word' id='word_1_1' title='bbox 671 161 796 235; x_wconf 82' lang='grc'><strong>,348</strong></span> 
     </span>
    </p>
   </div>
   <div class='ocr_carea' id='block_1_2' title="bbox 62 326 1355 419">
    <p class='ocr_par' dir='ltr' id='par_1_2' title="bbox 62 326 1355 419">
     <span class='ocr_line' id='line_1_2' title="bbox 62 326 1355 419; baseline -0.003 -16"><span class='ocrx_word' id='word_1_2' title='bbox 62 353 65 359; x_wconf 83' lang='grc'><strong>’</strong></span> <span class='ocrx_word' id='word_1_3' title='bbox 176 343 233 412; x_wconf 87' lang='lat' dir='ltr'><strong>ita,</strong></span> <span class='ocrx_word' id='word_1_4' title='bbox 265 344 298 400; x_wconf 93' lang='lat' dir='ltr'><strong>ut</strong></span> <span class='ocrx_word' id='word_1_5' title='bbox 321 354 398 417; x_wconf 90' lang='lat' dir='ltr'><strong>papa</strong></span> <span class='ocrx_word' id='word_1_6' title='bbox 420 341 511 401; x_wconf 89' lang='lat' dir='ltr'><strong>etiam</strong></span> <span class='ocrx_word' id='word_1_7' title='bbox 534 339 681 419; x_wconf 77' lang='lat' dir='ltr'><strong>spirituali</strong></span> <span class='ocrx_word' id='word_1_8' title='bbox 704 340 820 417; x_wconf 89' lang='lat' dir='ltr'><strong>gladio,</strong></span> <span class='ocrx_word' id='word_1_9' title='bbox 852 341 989 401; x_wconf 83' lang='lat' dir='ltr'><strong>censuris</strong></span> <span class='ocrx_word' id='word_1_10' title='bbox 1012 346 1043 401; x_wconf 91' lang='lat' dir='ltr'><strong>et</strong></span> <span class='ocrx_word' id='word_1_11' title='bbox 1065 326 1223 402; x_wconf 85' lang='lat' dir='ltr'><strong>sententiis</strong></span> <span class='ocrx_word' id='word_1_12' title='bbox 1245 341 1275 399; x_wconf 93' lang='lat' dir='ltr'><strong>in</strong></span> <span class='ocrx_word' id='word_1_13' title='bbox 1299 356 1355 400; x_wconf 90' lang='lat' dir='ltr'><strong>eos</strong></span> 
     </span>
    </p>
   </div>
   <div class='ocr_carea' id='block_1_3' title="bbox 177 443 1362 2908">
    <p class='ocr_par' dir='ltr' id='par_1_3' title="bbox 177 443 1362 2908">
     <span class='ocr_line' id='line_1_3' title="bbox 178 443 1357 525; baseline 0 -20"><span class='ocrx_word' id='word_1_14' title='bbox 178 443 391 513; x_wconf 79' lang='lat' dir='ltr'><strong>debaccharet,</strong></span> <span class='ocrx_word' id='word_1_15' title='bbox 425 460 502 521; x_wconf 86' lang='lat' dir='ltr'><strong>quae</strong></span> <span class='ocrx_word' id='word_1_16' title='bbox 535 443 704 505; x_wconf 79' lang='lat' dir='ltr'><strong>fulminatio</strong></span> <span class='ocrx_word' id='word_1_17' title='bbox 738 464 793 506; x_wconf 91' lang='lat' dir='ltr'><strong>nos</strong></span> <span class='ocrx_word' id='word_1_18' title='bbox 825 446 988 525; x_wconf 91' lang='lat' dir='ltr'><strong>plurimum</strong></span> <span class='ocrx_word' id='word_1_19' title='bbox 1016 447 1201 525; x_wconf 80' lang='lat' dir='ltr'><strong>perturbavit</strong></span> <span class='ocrx_word' id='word_1_20' title='bbox 1230 452 1357 524; x_wconf 88' lang='lat' dir='ltr'><strong>propter</strong></span> 
     </span>
     <span class='ocr_line' id='line_1_4' title="bbox 178 549 1355 629; baseline -0.001 -19"><span class='ocrx_word' id='word_1_21' title='bbox 178 549 403 625; x_wconf 78' lang='lat' dir='ltr'><strong>ambiguitatem</strong></span> <span class='ocrx_word' id='word_1_22' title='bbox 426 555 457 608; x_wconf 92' lang='lat' dir='ltr'><strong>et</strong></span> <span class='ocrx_word' id='word_1_23' title='bbox 480 551 724 623; x_wconf 86' lang='lat' dir='ltr'><strong>communionem</strong></span> <span class='ocrx_word' id='word_1_24' title='bbox 746 553 776 610; x_wconf 95' lang='lat' dir='ltr'><strong>in</strong></span> <span class='ocrx_word' id='word_1_25' title='bbox 800 550 927 622; x_wconf 89' lang='lat' dir='ltr'><strong>divinis;</strong></span> <span class='ocrx_word' id='word_1_26' title='bbox 952 569 1044 629; x_wconf 90' lang='lat' dir='ltr'><strong>super</strong></span> <span class='ocrx_word' id='word_1_27' title='bbox 1059 568 1117 628; x_wconf 89' lang='lat' dir='ltr'><strong>qua</strong></span> <span class='ocrx_word' id='word_1_28' title='bbox 1133 568 1166 610; x_wconf 91' lang='lat' dir='ltr'><strong>re</strong></span> <span class='ocrx_word' id='word_1_29' title='bbox 1183 549 1355 610; x_wconf 88' lang='lat' dir='ltr'><strong>consultum</strong></span> 
     </span>
     <span class='ocr_line' id='line_1_5' title="bbox 177 651 1356 734; baseline 0.002 -22"><span class='ocrx_word' id='word_1_30' title='bbox 177 652 335 713; x_wconf 88' lang='lat' dir='ltr'><strong>habuimus</strong></span> <span class='ocrx_word' id='word_1_31' title='bbox 367 652 517 730; x_wconf 87' lang='lat' dir='ltr'><strong>quendam</strong></span> <span class='ocrx_word' id='word_1_32' title='bbox 541 672 683 733; x_wconf 88' lang='lat' dir='ltr'><strong>magnum</strong></span> <span class='ocrx_word' id='word_1_33' title='bbox 716 662 833 734; x_wconf 89' lang='lat' dir='ltr'><strong>patrem</strong></span> <span class='ocrx_word' id='word_1_34' title='bbox 867 654 1054 732; x_wconf 87' lang='lat' dir='ltr'><strong>religiosum,</strong></span> <span class='ocrx_word' id='word_1_35' title='bbox 1088 655 1139 732; x_wconf 90' lang='lat' dir='ltr'><strong>qui</strong></span> <span class='ocrx_word' id='word_1_36' title='bbox 1168 655 1285 714; x_wconf 90' lang='lat' dir='ltr'><strong>noviter</strong></span> <span class='ocrx_word' id='word_1_37' title='bbox 1317 651 1356 714; x_wconf 91' lang='lat' dir='ltr'><strong>de</strong></span> 
     </span>
     <span class='ocr_line' id='line_1_6' title="bbox 178 755 1357 837; baseline 0.001 -21"><span class='ocrx_word' id='word_1_38' title='bbox 178 755 314 816; x_wconf 85' lang='lat' dir='ltr'><strong>Venetiis</strong></span> <span class='ocrx_word' id='word_1_39' title='bbox 337 764 476 829; x_wconf 85' lang='lat' dir='ltr'><strong>venerat,</strong></span> <span class='ocrx_word' id='word_1_40' title='bbox 511 761 563 836; x_wconf 86' lang='lat' dir='ltr'><strong>qui</strong></span> <span class='ocrx_word' id='word_1_41' title='bbox 586 757 657 819; x_wconf 84' lang='lat' dir='ltr'><strong>dixit</strong></span> <span class='ocrx_word' id='word_1_42' title='bbox 679 760 779 830; x_wconf 91' lang='lat' dir='ltr'><strong>nobis,</strong></span> <span class='ocrx_word' id='word_1_43' title='bbox 814 758 896 837; x_wconf 87' lang='lat' dir='ltr'><strong>quod</strong></span> <span class='ocrx_word' id='word_1_44' title='bbox 925 758 999 818; x_wconf 92' lang='lat' dir='ltr'><strong>nulli</strong></span> <span class='ocrx_word' id='word_1_45' title='bbox 1022 757 1158 835; x_wconf 84' lang='lat' dir='ltr'><strong>religiosi</strong></span> <span class='ocrx_word' id='word_1_46' title='bbox 1180 758 1211 816; x_wconf 92' lang='lat' dir='ltr'><strong>in</strong></span> <span class='ocrx_word' id='word_1_47' title='bbox 1234 758 1357 818; x_wconf 88' lang='lat' dir='ltr'><strong>civitate</strong></span> 
     </span>
     <span class='ocr_line' id='line_1_7' title="bbox 178 858 1357 935; baseline 0.003 -17"><span class='ocrx_word' id='word_1_48' title='bbox 178 858 361 931; x_wconf 80' lang='lat' dir='ltr'><strong>Venetiam,</strong></span> <span class='ocrx_word' id='word_1_49' title='bbox 395 879 453 921; x_wconf 90' lang='lat' dir='ltr'><strong>nec</strong></span> <span class='ocrx_word' id='word_1_50' title='bbox 477 862 725 935; x_wconf 69' lang='lat' dir='ltr'><strong>Carmonenses,</strong></span> <span class='ocrx_word' id='word_1_51' title='bbox 759 880 818 923; x_wconf 91' lang='lat' dir='ltr'><strong>nec</strong></span> <span class='ocrx_word' id='word_1_52' title='bbox 839 860 1069 933; x_wconf 85' lang='lat' dir='ltr'><strong>Mendicantes,</strong></span> <span class='ocrx_word' id='word_1_53' title='bbox 1099 877 1157 921; x_wconf 91' lang='lat' dir='ltr'><strong>nec</strong></span> <span class='ocrx_word' id='word_1_54' title='bbox 1180 861 1237 921; x_wconf 80' lang='lat' dir='ltr'><strong>alii·</strong></span> <span class='ocrx_word' id='word_1_55' title='bbox 1253 878 1357 921; x_wconf 85' lang='lat' dir='ltr'><strong>serva·</strong></span> 
     </span>
     <span class='ocr_line' id='line_1_8' title="bbox 178 958 1358 1044; baseline 0 -19"><span class='ocrx_word' id='word_1_56' title='bbox 178 968 246 1025; x_wconf 90' lang='lat' dir='ltr'><strong>rent</strong></span> <span class='ocrx_word' id='word_1_57' title='bbox 267 963 469 1037; x_wconf 88' lang='lat' dir='ltr'><strong>interdictum,</strong></span> <span class='ocrx_word' id='word_1_58' title='bbox 493 970 523 1026; x_wconf 90' lang='lat' dir='ltr'><strong>et</strong></span> <span class='ocrx_word' id='word_1_59' title='bbox 546 966 627 1044; x_wconf 93' lang='lat' dir='ltr'><strong>quod</strong></span> <span class='ocrx_word' id='word_1_60' title='bbox 642 958 710 1027; x_wconf 74' lang='lat' dir='ltr'><strong>¹non</strong></span> <span class='ocrx_word' id='word_1_61' title='bbox 734 972 818 1027; x_wconf 91' lang='lat' dir='ltr'><strong>esset</strong></span> <span class='ocrx_word' id='word_1_62' title='bbox 832 984 937 1027; x_wconf 90' lang='lat' dir='ltr'><strong>verum</strong></span> <span class='ocrx_word' id='word_1_63' title='bbox 953 965 991 1028; x_wconf 92' lang='lat' dir='ltr'><strong>de</strong></span> <span class='ocrx_word' id='word_1_64' title='bbox 1005 965 1081 1036; x_wconf 89' lang='lat' dir='ltr'><strong>hoo;</strong></span> <span class='ocrx_word' id='word_1_65' title='bbox 1107 967 1151 1025; x_wconf 90' lang='lat' dir='ltr'><strong>sic</strong></span> <span class='ocrx_word' id='word_1_66' title='bbox 1174 982 1261 1044; x_wconf 85' lang='lat' dir='ltr'><strong>ergo,</strong></span> <span class='ocrx_word' id='word_1_67' title='bbox 1283 965 1358 1026; x_wconf 90' lang='lat' dir='ltr'><strong>licet</strong></span> 
     </span>
     <span class='ocr_line' id='line_1_9' title="bbox 179 1066 1250 1140; baseline 0.001 -11"><span class='ocrx_word' id='word_1_68' title='bbox 179 1086 248 1129; x_wconf 89' lang='lat' dir='ltr'><strong>cum</strong></span> <span class='ocrx_word' id='word_1_69' title='bbox 270 1067 444 1140; x_wconf 84' lang='lat' dir='ltr'><strong>tormidine,</strong></span> <span class='ocrx_word' id='word_1_70' title='bbox 467 1070 512 1128; x_wconf 87' lang='lat' dir='ltr'><strong>eis</strong></span> <span class='ocrx_word' id='word_1_71' title='bbox 535 1087 592 1129; x_wconf 91' lang='lat' dir='ltr'><strong>nos</strong></span> <span class='ocrx_word' id='word_1_72' title='bbox 616 1069 805 1130; x_wconf 85' lang='lat' dir='ltr'><strong>conformare</strong></span> <span class='ocrx_word' id='word_1_73' title='bbox 829 1069 1029 1133; x_wconf 85' lang='lat' dir='ltr'><strong>decrevimus.</strong></span> <span class='ocrx_word' id='word_1_74' title='bbox 1246 1066 1250 1071; x_wconf 77' lang='grc'><strong>’</strong></span> 
     </span>
     <span class='ocr_line' id='line_1_10' title="bbox 265 1165 1357 1261; baseline 0 -29"><span class='ocrx_word' id='word_1_75' title='bbox 265 1171 409 1233; x_wconf 89' lang='lat' dir='ltr'><strong>Stabilitis</strong></span> <span class='ocrx_word' id='word_1_76' title='bbox 433 1190 505 1251; x_wconf 88' lang='lat' dir='ltr'><strong>ergo</strong></span> <span class='ocrx_word' id='word_1_77' title='bbox 528 1173 651 1235; x_wconf 81' lang='lat' dir='ltr'><strong>navibus</strong></span> <span class='ocrx_word' id='word_1_78' title='bbox 673 1172 788 1235; x_wconf 88' lang='lat' dir='ltr'><strong>inducti</strong></span> <span class='ocrx_word' id='word_1_79' title='bbox 811 1192 915 1235; x_wconf 89' lang='lat' dir='ltr'><strong>sumus</strong></span> <span class='ocrx_word' id='word_1_80' title='bbox 933 1176 979 1261; x_wconf 74' lang='lat' dir='ltr'><strong>¹in</strong></span> <span class='ocrx_word' id='word_1_81' title='bbox 1002 1165 1155 1234; x_wconf 84' lang='lat' dir='ltr'><strong>civitatem</strong></span> <span class='ocrx_word' id='word_1_82' title='bbox 1183 1171 1357 1252; x_wconf 81' lang='lat' dir='ltr'><strong>Corcyram,</strong></span> 
     </span>
     <span class='ocr_line' id='line_1_11' title="bbox 179 1276 1357 1357; baseline 0.001 -21"><span class='ocrx_word' id='word_1_83' title='bbox 179 1293 268 1356; x_wconf 89' lang='lat' dir='ltr'><strong>quam</strong></span> <span class='ocrx_word' id='word_1_84' title='bbox 291 1276 411 1353; x_wconf 90' lang='lat' dir='ltr'><strong>plenam</strong></span> <span class='ocrx_word' id='word_1_85' title='bbox 434 1280 554 1338; x_wconf 87' lang='lat' dir='ltr'><strong>armatis</strong></span> <span class='ocrx_word' id='word_1_86' title='bbox 577 1280 761 1357; x_wconf 88' lang='lat' dir='ltr'><strong>reperimus,</strong></span> <span class='ocrx_word' id='word_1_87' title='bbox 786 1284 817 1339; x_wconf 93' lang='lat' dir='ltr'><strong>et</strong></span> <span class='ocrx_word' id='word_1_88' title='bbox 839 1295 896 1338; x_wconf 88' lang='lat' dir='ltr'><strong>nec</strong></span> <span class='ocrx_word' id='word_1_89' title='bbox 918 1276 1042 1339; x_wconf 92' lang='lat' dir='ltr'><strong>domum</strong></span> <span class='ocrx_word' id='word_1_90' title='bbox 1064 1295 1122 1338; x_wconf 90' lang='lat' dir='ltr'><strong>nec</strong></span> <span class='ocrx_word' id='word_1_91' title='bbox 1144 1277 1244 1338; x_wconf 88' lang='lat' dir='ltr'><strong>cibum</strong></span> <span class='ocrx_word' id='word_1_92' title='bbox 1267 1292 1357 1355; x_wconf 90' lang='lat' dir='ltr'><strong>repe-</strong></span> 
     </span>
     <span class='ocr_line' id='line_1_12' title="bbox 179 1381 1360 1461; baseline 0 -21"><span class='ocrx_word' id='word_1_93' title='bbox 179 1381 238 1440; x_wconf 90' lang='lat' dir='ltr'><strong>rire</strong></span> <span class='ocrx_word' id='word_1_94' title='bbox 261 1385 452 1458; x_wconf 90' lang='lat' dir='ltr'><strong>poteramus,</strong></span> <span class='ocrx_word' id='word_1_95' title='bbox 476 1399 584 1461; x_wconf 85' lang='lat' dir='ltr'><strong>magna</strong></span> <span class='ocrx_word' id='word_1_96' title='bbox 607 1383 689 1442; x_wconf 89' lang='lat' dir='ltr'><strong>enim</strong></span> <span class='ocrx_word' id='word_1_97' title='bbox 712 1389 777 1443; x_wconf 88' lang='lat' dir='ltr'><strong>erat</strong></span> <span class='ocrx_word' id='word_1_98' title='bbox 798 1384 839 1443; x_wconf 92' lang='lat' dir='ltr'><strong>ibi</strong></span> <span class='ocrx_word' id='word_1_99' title='bbox 863 1383 982 1442; x_wconf 89' lang='lat' dir='ltr'><strong>caristia</strong></span> <span class='ocrx_word' id='word_1_100' title='bbox 1005 1383 1154 1452; x_wconf 90' lang='lat' dir='ltr'><strong>omnium,</strong></span> <span class='ocrx_word' id='word_1_101' title='bbox 1180 1387 1211 1441; x_wconf 89' lang='lat' dir='ltr'><strong>et</strong></span> <span class='ocrx_word' id='word_1_102' title='bbox 1232 1385 1360 1461; x_wconf 88' lang='lat' dir='ltr'><strong>propter</strong></span> 
     </span>
     <span class='ocr_line' id='line_1_13' title="bbox 177 1475 1359 1566; baseline 0.001 -21"><span class='ocrx_word' id='word_1_103' title='bbox 177 1484 257 1545; x_wconf 89' lang='lat' dir='ltr'><strong>bella</strong></span> <span class='ocrx_word' id='word_1_104' title='bbox 290 1490 320 1543; x_wconf 87' lang='lat' dir='ltr'><strong>et</strong></span> <span class='ocrx_word' id='word_1_105' title='bbox 342 1475 466 1562; x_wconf 76' lang='lat' dir='ltr'><strong>propter</strong></span> <span class='ocrx_word' id='word_1_106' title='bbox 497 1488 571 1546; x_wconf 88' lang='lat' dir='ltr'><strong>anni</strong></span> <span class='ocrx_word' id='word_1_107' title='bbox 599 1487 805 1559; x_wconf 88' lang='lat' dir='ltr'><strong>sterilitatem,</strong></span> <span class='ocrx_word' id='word_1_108' title='bbox 825 1505 918 1566; x_wconf 86' lang='lat' dir='ltr'><strong>-quae</strong></span> <span class='ocrx_word' id='word_1_109' title='bbox 948 1487 1061 1566; x_wconf 89' lang='lat' dir='ltr'><strong>ubique</strong></span> <span class='ocrx_word' id='word_1_110' title='bbox 1093 1494 1157 1547; x_wconf 88' lang='lat' dir='ltr'><strong>erat</strong></span> <span class='ocrx_word' id='word_1_111' title='bbox 1186 1503 1241 1565; x_wconf 88' lang='lat' dir='ltr'><strong>per</strong></span> <span class='ocrx_word' id='word_1_112' title='bbox 1263 1491 1359 1546; x_wconf 89' lang='lat' dir='ltr'><strong>totam</strong></span> 
     </span>
     <span class='ocr_line' id='line_1_14' title="bbox 178 1572 1359 1670; baseline 0 -21"><span class='ocrx_word' id='word_1_113' title='bbox 178 1589 338 1666; x_wconf 87' lang='lat' dir='ltr'><strong>Europam.</strong></span> <span class='ocrx_word' id='word_1_114' title='bbox 382 1587 459 1648; x_wconf 89' lang='lat' dir='ltr'><strong>Nam</strong></span> <span class='ocrx_word' id='word_1_115' title='bbox 482 1591 602 1667; x_wconf 85' lang='lat' dir='ltr'><strong>quando</strong></span> <span class='ocrx_word' id='word_1_116' title='bbox 634 1610 690 1652; x_wconf 90' lang='lat' dir='ltr'><strong>nos</strong></span> <span class='ocrx_word' id='word_1_117' title='bbox 714 1608 730 1652; x_wconf 89' lang='lat' dir='ltr'><strong>a</strong></span> <span class='ocrx_word' id='word_1_118' title='bbox 753 1594 865 1652; x_wconf 87' lang='lat' dir='ltr'><strong>nostris</strong></span> <span class='ocrx_word' id='word_1_119' title='bbox 896 1591 1030 1670; x_wconf 90' lang='lat' dir='ltr'><strong>partibus</strong></span> <span class='ocrx_word' id='word_1_120' title='bbox 1055 1592 1170 1670; x_wconf 81' lang='lat' dir='ltr'><strong>egressi</strong></span> <span class='ocrx_word' id='word_1_121' title='bbox 1195 1572 1359 1661; x_wconf 80' lang='lat' dir='ltr'><strong>fueramus,</strong></span> 
     </span>
     <span class='ocr_line' id='line_1_15' title="bbox 178 1691 1360 1775; baseline 0.002 -23"><span class='ocrx_word' id='word_1_122' title='bbox 178 1691 235 1752; x_wconf 84' lang='lat' dir='ltr'><strong>luit</strong></span> <span class='ocrx_word' id='word_1_123' title='bbox 258 1691 395 1753; x_wconf 88' lang='lat' dir='ltr'><strong>delectus</strong></span> <span class='ocrx_word' id='word_1_124' title='bbox 418 1695 504 1772; x_wconf 90' lang='lat' dir='ltr'><strong>panis</strong></span> <span class='ocrx_word' id='word_1_125' title='bbox 526 1695 556 1753; x_wconf 90' lang='lat' dir='ltr'><strong>in</strong></span> <span class='ocrx_word' id='word_1_126' title='bbox 579 1693 690 1757; x_wconf 86' lang='lat' dir='ltr'><strong>Sueria</strong></span> <span class='ocrx_word' id='word_1_127' title='bbox 713 1702 744 1757; x_wconf 90' lang='lat' dir='ltr'><strong>et</strong></span> <span class='ocrx_word' id='word_1_128' title='bbox 765 1694 889 1756; x_wconf 81' lang='lat' dir='ltr'><strong>Alsatia.</strong></span> <span class='ocrx_word' id='word_1_129' title='bbox 933 1695 1009 1756; x_wconf 88' lang='lat' dir='ltr'><strong>Cum</strong></span> <span class='ocrx_word' id='word_1_130' title='bbox 1032 1711 1105 1775; x_wconf 85' lang='lat' dir='ltr'><strong>ergo</strong></span> <span class='ocrx_word' id='word_1_131' title='bbox 1128 1712 1184 1755; x_wconf 90' lang='lat' dir='ltr'><strong>nos</strong></span> <span class='ocrx_word' id='word_1_132' title='bbox 1207 1695 1360 1772; x_wconf 86' lang='lat' dir='ltr'><strong>peregrini</strong></span> 
     </span>
     <span class='ocr_line' id='line_1_16' title="bbox 180 1796 1360 1879; baseline 0.002 -25"><span class='ocrx_word' id='word_1_133' title='bbox 180 1797 407 1856; x_wconf 89' lang='lat' dir='ltr'><strong>circumiremus</strong></span> <span class='ocrx_word' id='word_1_134' title='bbox 441 1798 593 1858; x_wconf 89' lang='lat' dir='ltr'><strong>civitatem</strong></span> <span class='ocrx_word' id='word_1_135' title='bbox 626 1805 659 1858; x_wconf 90' lang='lat' dir='ltr'><strong>ut</strong></span> <span class='ocrx_word' id='word_1_136' title='bbox 691 1817 782 1860; x_wconf 88' lang='lat' dir='ltr'><strong>canes</strong></span> <span class='ocrx_word' id='word_1_137' title='bbox 814 1804 942 1878; x_wconf 88' lang='lat' dir='ltr'><strong>propter</strong></span> <span class='ocrx_word' id='word_1_138' title='bbox 966 1815 1089 1879; x_wconf 88' lang='lat' dir='ltr'><strong>penem,</strong></span> <span class='ocrx_word' id='word_1_139' title='bbox 1124 1799 1207 1858; x_wconf 82' lang='lat' dir='ltr'><strong>venit</strong></span> <span class='ocrx_word' id='word_1_140' title='bbox 1237 1796 1360 1875; x_wconf 86' lang='lat' dir='ltr'><strong>quidam</strong></span> 
     </span>
     <span class='ocr_line' id='line_1_17' title="bbox 180 1899 1360 1978; baseline 0.002 -20"><span class='ocrx_word' id='word_1_141' title='bbox 180 1899 393 1978; x_wconf 86' lang='lat' dir='ltr'><strong>stipendiarius</strong></span> <span class='ocrx_word' id='word_1_142' title='bbox 416 1899 601 1962; x_wconf 85' lang='lat' dir='ltr'><strong>Teutonicus</strong></span> <span class='ocrx_word' id='word_1_143' title='bbox 637 1902 672 1963; x_wconf 94' lang='lat' dir='ltr'><strong>ad</strong></span> <span class='ocrx_word' id='word_1_144' title='bbox 701 1908 757 1962; x_wconf 90' lang='lat' dir='ltr'><strong>nos</strong></span> <span class='ocrx_word' id='word_1_145' title='bbox 787 1910 818 1963; x_wconf 90' lang='lat' dir='ltr'><strong>et</strong></span> <span class='ocrx_word' id='word_1_146' title='bbox 841 1903 982 1964; x_wconf 90' lang='lat' dir='ltr'><strong>misertus</strong></span> <span class='ocrx_word' id='word_1_147' title='bbox 1006 1904 1101 1963; x_wconf 86' lang='lat' dir='ltr'><strong>nostri</strong></span> <span class='ocrx_word' id='word_1_148' title='bbox 1135 1900 1218 1962; x_wconf 83' lang='lat' dir='ltr'><strong>duxit</strong></span> <span class='ocrx_word' id='word_1_149' title='bbox 1249 1917 1306 1961; x_wconf 91' lang='lat' dir='ltr'><strong>nos</strong></span> <span class='ocrx_word' id='word_1_150' title='bbox 1328 1901 1360 1960; x_wconf 91' lang='lat' dir='ltr'><strong>iu</strong></span> 
     </span>
     <span class='ocr_line' id='line_1_18' title="bbox 181 2001 1361 2083; baseline 0.002 -23"><span class='ocrx_word' id='word_1_151' title='bbox 181 2001 331 2080; x_wconf 88' lang='lat' dir='ltr'><strong>quoddam</strong></span> <span class='ocrx_word' id='word_1_152' title='bbox 353 2002 580 2080; x_wconf 87' lang='lat' dir='ltr'><strong>pandocheum‚</strong></span> <span class='ocrx_word' id='word_1_153' title='bbox 616 2011 739 2065; x_wconf 88' lang='lat' dir='ltr'><strong>etcum</strong></span> <span class='ocrx_word' id='word_1_154' title='bbox 762 2023 869 2083; x_wconf 86' lang='lat' dir='ltr'><strong>magna</strong></span> <span class='ocrx_word' id='word_1_155' title='bbox 900 2004 1075 2066; x_wconf 84' lang='lat' dir='ltr'><strong>difficultate</strong></span> <span class='ocrx_word' id='word_1_156' title='bbox 1098 2004 1251 2065; x_wconf 92' lang='lat' dir='ltr'><strong>modicum</strong></span> <span class='ocrx_word' id='word_1_157' title='bbox 1273 2005 1361 2083; x_wconf 82' lang='lat' dir='ltr'><strong>papis</strong></span> 
     </span>
     <span class='ocr_line' id='line_1_19' title="bbox 180 2104 1361 2186; baseline 0 -20"><span class='ocrx_word' id='word_1_158' title='bbox 180 2104 291 2166; x_wconf 89' lang='lat' dir='ltr'><strong>habere</strong></span> <span class='ocrx_word' id='word_1_159' title='bbox 315 2108 467 2183; x_wconf 90' lang='lat' dir='ltr'><strong>potuimus</strong></span> <span class='ocrx_word' id='word_1_160' title='bbox 491 2126 545 2185; x_wconf 91' lang='lat' dir='ltr'><strong>pro</strong></span> <span class='ocrx_word' id='word_1_161' title='bbox 569 2107 666 2169; x_wconf 84' lang='lat' dir='ltr'><strong>odaia.</strong></span> <span class='ocrx_word' id='word_1_162' title='bbox 712 2108 849 2175; x_wconf 84' lang='lat' dir='ltr'><strong>Vidimus</strong></span> <span class='ocrx_word' id='word_1_163' title='bbox 882 2115 984 2168; x_wconf 87' lang='lat' dir='ltr'><strong>tamen</strong></span> <span class='ocrx_word' id='word_1_164' title='bbox 1015 2111 1045 2169; x_wconf 92' lang='lat' dir='ltr'><strong>in</strong></span> <span class='ocrx_word' id='word_1_165' title='bbox 1068 2109 1197 2186; x_wconf 90' lang='lat' dir='ltr'><strong>publicis</strong></span> <span class='ocrx_word' id='word_1_166' title='bbox 1220 2108 1361 2185; x_wconf 87' lang='lat' dir='ltr'><strong>coquinis</strong></span> 
     </span>
     <span class='ocr_line' id='line_1_20' title="bbox 182 2209 1362 2289; baseline 0.003 -21"><span class='ocrx_word' id='word_1_167' title='bbox 182 2215 262 2269; x_wconf 88' lang='lat' dir='ltr'><strong>stare</strong></span> <span class='ocrx_word' id='word_1_168' title='bbox 291 2211 393 2287; x_wconf 88' lang='lat' dir='ltr'><strong>ignem</strong></span> <span class='ocrx_word' id='word_1_169' title='bbox 426 2209 463 2272; x_wconf 94' lang='lat' dir='ltr'><strong>ad</strong></span> <span class='ocrx_word' id='word_1_170' title='bbox 487 2212 560 2274; x_wconf 88' lang='lat' dir='ltr'><strong>ollas</strong></span> <span class='ocrx_word' id='word_1_171' title='bbox 596 2215 731 2274; x_wconf 89' lang='lat' dir='ltr'><strong>carnium</strong></span> <span class='ocrx_word' id='word_1_172' title='bbox 763 2219 793 2274; x_wconf 91' lang='lat' dir='ltr'><strong>et</strong></span> <span class='ocrx_word' id='word_1_173' title='bbox 816 2213 912 2274; x_wconf 90' lang='lat' dir='ltr'><strong>leruta</strong></span> <span class='ocrx_word' id='word_1_174' title='bbox 937 2230 1006 2273; x_wconf 93' lang='lat' dir='ltr'><strong>cum</strong></span> <span class='ocrx_word' id='word_1_175' title='bbox 1027 2212 1171 2272; x_wconf 87' lang='lat' dir='ltr'><strong>assaturis</strong></span> <span class='ocrx_word' id='word_1_176' title='bbox 1199 2217 1229 2270; x_wconf 90' lang='lat' dir='ltr'><strong>et</strong></span> <span class='ocrx_word' id='word_1_177' title='bbox 1251 2209 1362 2289; x_wconf 89' lang='lat' dir='ltr'><strong>legalia</strong></span> 
     </span>
     <span class='ocr_line' id='line_1_21' title="bbox 182 2304 1362 2395; baseline 0 -21"><span class='ocrx_word' id='word_1_178' title='bbox 182 2315 316 2375; x_wconf 86' lang='lat' dir='ltr'><strong>carnium</strong></span> <span class='ocrx_word' id='word_1_179' title='bbox 340 2322 533 2394; x_wconf 89' lang='lat' dir='ltr'><strong>paramenta,</strong></span> <span class='ocrx_word' id='word_1_180' title='bbox 558 2323 662 2378; x_wconf 91' lang='lat' dir='ltr'><strong>contra</strong></span> <span class='ocrx_word' id='word_1_181' title='bbox 685 2317 871 2379; x_wconf 86' lang='lat' dir='ltr'><strong>Christianae</strong></span> <span class='ocrx_word' id='word_1_182' title='bbox 894 2312 1050 2395; x_wconf 83' lang='lat' dir='ltr'><strong>religionis</strong></span> <span class='ocrx_word' id='word_1_183' title='bbox 1073 2317 1177 2394; x_wconf 86' lang='lat' dir='ltr'><strong>leges,</strong></span> <span class='ocrx_word' id='word_1_184' title='bbox 1202 2317 1272 2394; x_wconf 78' lang='lat' dir='ltr'><strong>quia</strong></span> <span class='ocrx_word' id='word_1_185' title='bbox 1295 2304 1362 2375; x_wconf 88' lang='lat' dir='ltr'><strong>dies</strong></span> 
     </span>
     <span class='ocr_line' id='line_1_22' title="bbox 181 2414 1362 2500; baseline -0.001 -22"><span class='ocrx_word' id='word_1_186' title='bbox 181 2418 232 2479; x_wconf 92' lang='lat' dir='ltr'><strong>illa</strong></span> <span class='ocrx_word' id='word_1_187' title='bbox 256 2425 321 2479; x_wconf 89' lang='lat' dir='ltr'><strong>erat</strong></span> <span class='ocrx_word' id='word_1_188' title='bbox 339 2417 448 2496; x_wconf 89' lang='lat' dir='ltr'><strong>jejunii</strong></span> <span class='ocrx_word' id='word_1_189' title='bbox 471 2420 553 2493; x_wconf 90' lang='lat' dir='ltr'><strong>dies,</strong></span> <span class='ocrx_word' id='word_1_190' title='bbox 577 2422 732 2482; x_wconf 89' lang='lat' dir='ltr'><strong>sabbatum</strong></span> <span class='ocrx_word' id='word_1_191' title='bbox 749 2414 878 2500; x_wconf 81' lang='lat' dir='ltr'><strong>quatuor</strong></span> <span class='ocrx_word' id='word_1_192' title='bbox 904 2428 1076 2499; x_wconf 90' lang='lat' dir='ltr'><strong>temporum</strong></span> <span class='ocrx_word' id='word_1_193' title='bbox 1100 2427 1130 2481; x_wconf 91' lang='lat' dir='ltr'><strong>et</strong></span> <span class='ocrx_word' id='word_1_194' title='bbox 1153 2417 1254 2498; x_wconf 81' lang='lat' dir='ltr'><strong>vigilia</strong></span> <span class='ocrx_word' id='word_1_195' title='bbox 1279 2415 1362 2478; x_wconf 87' lang='lat' dir='ltr'><strong>beati</strong></span> 
     </span>
     <span class='ocr_line' id='line_1_23' title="bbox 182 2519 1360 2601; baseline 0.001 -20"><span class='ocrx_word' id='word_1_196' title='bbox 182 2519 316 2582; x_wconf 89' lang='lat' dir='ltr'><strong>Thomae</strong></span> <span class='ocrx_word' id='word_1_197' title='bbox 339 2524 476 2600; x_wconf 90' lang='lat' dir='ltr'><strong>apostoli.</strong></span> <span class='ocrx_word' id='word_1_198' title='bbox 522 2525 651 2586; x_wconf 83' lang='lat' dir='ltr'><strong>Excusat</strong></span> <span class='ocrx_word' id='word_1_199' title='bbox 673 2533 775 2586; x_wconf 88' lang='lat' dir='ltr'><strong>tameo</strong></span> <span class='ocrx_word' id='word_1_200' title='bbox 798 2526 876 2586; x_wconf 83' lang='lat' dir='ltr'><strong>torte</strong></span> <span class='ocrx_word' id='word_1_201' title='bbox 899 2526 1067 2586; x_wconf 85' lang='lat' dir='ltr'><strong>necessitas</strong></span> <span class='ocrx_word' id='word_1_202' title='bbox 1092 2531 1122 2584; x_wconf 90' lang='lat' dir='ltr'><strong>et</strong></span> <span class='ocrx_word' id='word_1_203' title='bbox 1146 2522 1284 2584; x_wconf 87' lang='lat' dir='ltr'><strong>delectus</strong></span> <span class='ocrx_word' id='word_1_204' title='bbox 1307 2537 1360 2601; x_wconf 86' lang='lat' dir='ltr'><strong>pa-</strong></span> 
     </span>
     <span class='ocr_line' id='line_1_24' title="bbox 182 2619 1361 2709; baseline 0.003 -25"><span class='ocrx_word' id='word_1_205' title='bbox 182 2627 228 2685; x_wconf 90' lang='lat' dir='ltr'><strong>nis</strong></span> <span class='ocrx_word' id='word_1_206' title='bbox 259 2632 290 2685; x_wconf 91' lang='lat' dir='ltr'><strong>et</strong></span> <span class='ocrx_word' id='word_1_207' title='bbox 319 2628 480 2688; x_wconf 89' lang='lat' dir='ltr'><strong>imminens</strong></span> <span class='ocrx_word' id='word_1_208' title='bbox 513 2629 627 2689; x_wconf 89' lang='lat' dir='ltr'><strong>bellurn</strong></span> <span class='ocrx_word' id='word_1_209' title='bbox 662 2637 693 2691; x_wconf 91' lang='lat' dir='ltr'><strong>et</strong></span> <span class='ocrx_word' id='word_1_210' title='bbox 723 2619 828 2709; x_wconf 84' lang='lat' dir='ltr'><strong>populi</strong></span> <span class='ocrx_word' id='word_1_211' title='bbox 856 2628 1017 2689; x_wconf 88' lang='lat' dir='ltr'><strong>multitudo</strong></span> <span class='ocrx_word' id='word_1_212' title='bbox 1047 2635 1083 2700; x_wconf 67' lang='lat' dir='ltr'><strong>et⁴</strong></span> <span class='ocrx_word' id='word_1_213' title='bbox 1105 2628 1189 2688; x_wconf 89' lang='lat' dir='ltr'><strong>labor</strong></span> <span class='ocrx_word' id='word_1_214' title='bbox 1211 2624 1361 2695; x_wconf 87' lang='lat' dir='ltr'><strong>assiduus,</strong></span> 
     </span>
     <span class='ocr_line' id='line_1_25' title="bbox 183 2729 1360 2811; baseline 0 -21"><span class='ocrx_word' id='word_1_215' title='bbox 183 2736 373 2801; x_wconf 81' lang='lat' dir='ltr'><strong>eteoclem,</strong></span> <span class='ocrx_word' id='word_1_216' title='bbox 397 2747 474 2809; x_wconf 89' lang='lat' dir='ltr'><strong>quae</strong></span> <span class='ocrx_word' id='word_1_217' title='bbox 497 2732 542 2800; x_wconf 91' lang='lat' dir='ltr'><strong>illi</strong></span> <span class='ocrx_word' id='word_1_218' title='bbox 563 2733 667 2792; x_wconf 89' lang='lat' dir='ltr'><strong>miseri</strong></span> <span class='ocrx_word' id='word_1_219' title='bbox 689 2735 887 2811; x_wconf 89' lang='lat' dir='ltr'><strong>patiebantur.</strong></span> <span class='ocrx_word' id='word_1_220' title='bbox 934 2733 1061 2804; x_wconf 87' lang='lat' dir='ltr'><strong>Verum,</strong></span> <span class='ocrx_word' id='word_1_221' title='bbox 1094 2738 1125 2793; x_wconf 87' lang='lat' dir='ltr'><strong>et</strong></span> <span class='ocrx_word' id='word_1_222' title='bbox 1150 2735 1177 2793; x_wconf 88' lang='lat' dir='ltr'><strong>si</strong></span> <span class='ocrx_word' id='word_1_223' title='bbox 1202 2748 1261 2792; x_wconf 91' lang='lat' dir='ltr'><strong>non</strong></span> <span class='ocrx_word' id='word_1_224' title='bbox 1285 2729 1360 2790; x_wconf 85' lang='lat' dir='ltr'><strong>iuis-</strong></span> 
     </span>
     <span class='ocr_line' id='line_1_26' title="bbox 183 2835 1358 2908; baseline -0.001 -14"><span class='ocrx_word' id='word_1_225' title='bbox 183 2842 252 2895; x_wconf 90' lang='lat' dir='ltr'><strong>seut</strong></span> <span class='ocrx_word' id='word_1_226' title='bbox 272 2837 313 2895; x_wconf 90' lang='lat' dir='ltr'><strong>ibi</strong></span> <span class='ocrx_word' id='word_1_227' title='bbox 337 2839 456 2908; x_wconf 86' lang='lat' dir='ltr'><strong>armati,</strong></span> <span class='ocrx_word' id='word_1_228' title='bbox 490 2837 587 2898; x_wconf 90' lang='lat' dir='ltr'><strong>adhue</strong></span> <span class='ocrx_word' id='word_1_229' title='bbox 611 2837 719 2899; x_wconf 88' lang='lat' dir='ltr'><strong>Graeci</strong></span> <span class='ocrx_word' id='word_1_230' title='bbox 741 2838 975 2899; x_wconf 89' lang='lat' dir='ltr'><strong>manducassent</strong></span> <span class='ocrx_word' id='word_1_231' title='bbox 996 2854 1102 2898; x_wconf 90' lang='lat' dir='ltr'><strong>carnes</strong></span> <span class='ocrx_word' id='word_1_232' title='bbox 1133 2835 1358 2897; x_wconf 90' lang='lat' dir='ltr'><strong>nonobstante</strong></span> 
     </span>
    </p>
   </div>
   <div class='ocr_carea' id='block_1_4' title="bbox 183 2937 1361 3117">
    <p class='ocr_par' dir='ltr' id='par_1_4' title="bbox 183 2937 1361 3117">
     <span class='ocr_line' id='line_1_27' title="bbox 183 2937 1361 3021; baseline 0.001 -24"><span class='ocrx_word' id='word_1_233' title='bbox 183 2937 387 2998; x_wconf 90' lang='lat' dir='ltr'><strong>ecclesiastica</strong></span> <span class='ocrx_word' id='word_1_234' title='bbox 403 2941 613 3017; x_wconf 88' lang='lat' dir='ltr'><strong>prohibitione.</strong></span> <span class='ocrx_word' id='word_1_235' title='bbox 644 2941 771 3003; x_wconf 87' lang='lat' dir='ltr'><strong>Prandio</strong></span> <span class='ocrx_word' id='word_1_236' title='bbox 788 2949 911 3021; x_wconf 89' lang='lat' dir='ltr'><strong>peracto</strong></span> <span class='ocrx_word' id='word_1_237' title='bbox 926 2943 1040 3003; x_wconf 90' lang='lat' dir='ltr'><strong>reversi</strong></span> <span class='ocrx_word' id='word_1_238' title='bbox 1055 2958 1160 3002; x_wconf 89' lang='lat' dir='ltr'><strong>sumus</strong></span> <span class='ocrx_word' id='word_1_239' title='bbox 1185 2941 1217 3000; x_wconf 90' lang='lat' dir='ltr'><strong>iu</strong></span> <span class='ocrx_word' id='word_1_240' title='bbox 1243 2939 1361 3019; x_wconf 87' lang='lat' dir='ltr'><strong>galeam</strong></span> 
     </span>
     <span class='ocr_line' id='line_1_28' title="bbox 183 3040 1277 3117; baseline 0.01 -19"><span class='ocrx_word' id='word_1_241' title='bbox 183 3047 340 3117; x_wconf 91' lang='lat' dir='ltr'><strong>sperantes</strong></span> <span class='ocrx_word' id='word_1_242' title='bbox 363 3060 419 3102; x_wconf 89' lang='lat' dir='ltr'><strong>nos</strong></span> <span class='ocrx_word' id='word_1_243' title='bbox 442 3042 522 3103; x_wconf 91' lang='lat' dir='ltr'><strong>illico</strong></span> <span class='ocrx_word' id='word_1_244' title='bbox 546 3062 732 3105; x_wconf 87' lang='lat' dir='ltr'><strong>recessuros.</strong></span> <span class='ocrx_word' id='word_1_245' title='bbox 1273 3040 1277 3046; x_wconf 48' lang='lat'><em>⁴</em></span> 
     </span>
    </p>
   </div>
   <div class='ocr_carea' id='block_1_5' title="bbox 183 3143 1365 4268">
    <p class='ocr_par' dir='ltr' id='par_1_5' title="bbox 183 3143 1365 4268">
     <span class='ocr_line' id='line_1_29' title="bbox 270 3143 1362 3228; baseline 0.003 -25"><span class='ocrx_word' id='word_1_246' title='bbox 270 3144 327 3204; x_wconf 88' lang='lat' dir='ltr'><strong>Die</strong></span> <span class='ocrx_word' id='word_1_247' title='bbox 346 3143 438 3219; x_wconf 78' lang='lat' dir='ltr'><strong>xxi,</strong></span> <span class='ocrx_word' id='word_1_248' title='bbox 463 3152 615 3226; x_wconf 81' lang='lat' dir='ltr'><strong>quaeest</strong></span> <span class='ocrx_word' id='word_1_249' title='bbox 638 3149 717 3209; x_wconf 89' lang='lat' dir='ltr'><strong>beati</strong></span> <span class='ocrx_word' id='word_1_250' title='bbox 740 3146 874 3208; x_wconf 91' lang='lat' dir='ltr'><strong>Thomae</strong></span> <span class='ocrx_word' id='word_1_251' title='bbox 898 3149 1041 3228; x_wconf 84' lang='lat' dir='ltr'><strong>apostoli,</strong></span> <span class='ocrx_word' id='word_1_252' title='bbox 1066 3154 1097 3210; x_wconf 88' lang='lat' dir='ltr'><strong>et</strong></span> <span class='ocrx_word' id='word_1_253' title='bbox 1120 3151 1185 3209; x_wconf 90' lang='lat' dir='ltr'><strong>erat</strong></span> <span class='ocrx_word' id='word_1_254' title='bbox 1208 3145 1362 3206; x_wconf 88' lang='lat' dir='ltr'><strong>dominica</strong></span> 
     </span>
     <span class='ocr_line' id='line_1_30' title="bbox 184 3248 1363 3333; baseline -0.005 -20"><span class='ocrx_word' id='word_1_255' title='bbox 184 3257 290 3330; x_wconf 86' lang='lat' dir='ltr'><strong>quarta</strong></span> <span class='ocrx_word' id='word_1_256' title='bbox 313 3251 459 3314; x_wconf 85' lang='lat' dir='ltr'><strong>adventus</strong></span> <span class='ocrx_word' id='word_1_257' title='bbox 481 3253 617 3324; x_wconf 85' lang='lat' dir='ltr'><strong>Dourini,</strong></span> <span class='ocrx_word' id='word_1_258' title='bbox 650 3257 721 3313; x_wconf 88' lang='lat' dir='ltr'><strong>curir</strong></span> <span class='ocrx_word' id='word_1_259' title='bbox 743 3251 789 3313; x_wconf 93' lang='lat' dir='ltr'><strong>sol</strong></span> <span class='ocrx_word' id='word_1_260' title='bbox 812 3259 895 3314; x_wconf 87' lang='lat' dir='ltr'><strong>ortus</strong></span> <span class='ocrx_word' id='word_1_261' title='bbox 929 3259 1027 3323; x_wconf 90' lang='lat' dir='ltr'><strong>esset,</strong></span> <span class='ocrx_word' id='word_1_262' title='bbox 1061 3252 1203 3333; x_wconf 86' lang='lat' dir='ltr'><strong>aptabant</strong></span> <span class='ocrx_word' id='word_1_263' title='bbox 1226 3248 1363 3313; x_wconf 85' lang='lat' dir='ltr'><strong>naucleri</strong></span> 
     </span>
     <span class='ocr_line' id='line_1_31' title="bbox 183 3351 1362 3429; baseline -0.007 -9"><span class='ocrx_word' id='word_1_264' title='bbox 183 3375 299 3428; x_wconf 88' lang='lat' dir='ltr'><strong>navem,</strong></span> <span class='ocrx_word' id='word_1_265' title='bbox 323 3373 358 3417; x_wconf 89' lang='lat' dir='ltr'><strong>ao</strong></span> <span class='ocrx_word' id='word_1_266' title='bbox 380 3358 406 3416; x_wconf 90' lang='lat' dir='ltr'><strong>si</strong></span> <span class='ocrx_word' id='word_1_267' title='bbox 429 3357 541 3417; x_wconf 86' lang='lat' dir='ltr'><strong>vellent</strong></span> <span class='ocrx_word' id='word_1_268' title='bbox 564 3356 717 3429; x_wconf 86' lang='lat' dir='ltr'><strong>recedere,</strong></span> <span class='ocrx_word' id='word_1_269' title='bbox 741 3375 798 3418; x_wconf 92' lang='lat' dir='ltr'><strong>nec</strong></span> <span class='ocrx_word' id='word_1_270' title='bbox 821 3360 886 3418; x_wconf 86' lang='lat' dir='ltr'><strong>ausi</strong></span> <span class='ocrx_word' id='word_1_271' title='bbox 908 3358 1019 3418; x_wconf 91' lang='lat' dir='ltr'><strong>luimus</strong></span> <span class='ocrx_word' id='word_1_272' title='bbox 1047 3356 1085 3417; x_wconf 86' lang='lat' dir='ltr'><strong>ad</strong></span> <span class='ocrx_word' id='word_1_273' title='bbox 1100 3356 1231 3416; x_wconf 86' lang='lat' dir='ltr'><strong>oldoium</strong></span> <span class='ocrx_word' id='word_1_274' title='bbox 1247 3351 1362 3426; x_wconf 85' lang='lat' dir='ltr'><strong>Missae</strong></span> 
     </span>
     <span class='ocr_line' id='line_1_32' title="bbox 183 3459 1363 3541; baseline -0.004 -19"><span class='ocrx_word' id='word_1_275' title='bbox 183 3461 365 3523; x_wconf 90' lang='lat' dir='ltr'><strong>audiendum</strong></span> <span class='ocrx_word' id='word_1_276' title='bbox 389 3464 479 3522; x_wconf 85' lang='lat' dir='ltr'><strong>exire.</strong></span> <span class='ocrx_word' id='word_1_277' title='bbox 527 3461 603 3521; x_wconf 89' lang='lat' dir='ltr'><strong>Cum</strong></span> <span class='ocrx_word' id='word_1_278' title='bbox 626 3468 728 3522; x_wconf 89' lang='lat' dir='ltr'><strong>autem</strong></span> <span class='ocrx_word' id='word_1_279' title='bbox 750 3462 824 3521; x_wconf 91' lang='lat' dir='ltr'><strong>bora</strong></span> <span class='ocrx_word' id='word_1_280' title='bbox 841 3459 954 3521; x_wconf 88' lang='lat' dir='ltr'><strong>Missae</strong></span> <span class='ocrx_word' id='word_1_281' title='bbox 974 3460 1234 3541; x_wconf 86' lang='lat' dir='ltr'><strong>pertransiviss&#39;et,</strong></span> <span class='ocrx_word' id='word_1_282' title='bbox 1259 3473 1363 3517; x_wconf 87' lang='lat' dir='ltr'><strong>cessa·</strong></span> 
     </span>
     <span class='ocr_line' id='line_1_33' title="bbox 184 3547 1363 3644; baseline -0.006 -18"><span class='ocrx_word' id='word_1_283' title='bbox 184 3572 290 3626; x_wconf 84' lang='lat' dir='ltr'><strong>verunt</strong></span> <span class='ocrx_word' id='word_1_284' title='bbox 314 3584 331 3626; x_wconf 91' lang='lat' dir='ltr'><strong>a</strong></span> <span class='ocrx_word' id='word_1_285' title='bbox 352 3565 455 3627; x_wconf 90' lang='lat' dir='ltr'><strong>labore</strong></span> <span class='ocrx_word' id='word_1_286' title='bbox 483 3573 514 3627; x_wconf 90' lang='lat' dir='ltr'><strong>et</strong></span> <span class='ocrx_word' id='word_1_287' title='bbox 546 3573 666 3644; x_wconf 89' lang='lat' dir='ltr'><strong>tempus</strong></span> <span class='ocrx_word' id='word_1_288' title='bbox 699 3547 841 3627; x_wconf 88' lang='lat' dir='ltr'><strong>recessus</strong></span> <span class='ocrx_word' id='word_1_289' title='bbox 864 3567 960 3625; x_wconf 89' lang='lat' dir='ltr'><strong>nostri</strong></span> <span class='ocrx_word' id='word_1_290' title='bbox 981 3582 1042 3624; x_wconf 91' lang='lat' dir='ltr'><strong>uon</strong></span> <span class='ocrx_word' id='word_1_291' title='bbox 1065 3563 1223 3624; x_wconf 85' lang='lat' dir='ltr'><strong>advenisse</strong></span> <span class='ocrx_word' id='word_1_292' title='bbox 1247 3559 1363 3623; x_wconf 88' lang='lat' dir='ltr'><strong>denun-</strong></span> 
     </span>
     <span class='ocr_line' id='line_1_34' title="bbox 184 3665 1364 3746; baseline -0.006 -17"><span class='ocrx_word' id='word_1_293' title='bbox 184 3669 305 3730; x_wconf 88' lang='lat' dir='ltr'><strong>tiabant.</strong></span> <span class='ocrx_word' id='word_1_294' title='bbox 351 3669 416 3730; x_wconf 88' lang='lat' dir='ltr'><strong>Hoc</strong></span> <span class='ocrx_word' id='word_1_295' title='bbox 439 3669 540 3730; x_wconf 91' lang='lat' dir='ltr'><strong>audito</strong></span> <span class='ocrx_word' id='word_1_296' title='bbox 563 3672 593 3731; x_wconf 92' lang='lat' dir='ltr'><strong>in</strong></span> <span class='ocrx_word' id='word_1_297' title='bbox 616 3671 736 3730; x_wconf 88' lang='lat' dir='ltr'><strong>barcam</strong></span> <span class='ocrx_word' id='word_1_298' title='bbox 759 3668 974 3729; x_wconf 86' lang='lat' dir='ltr'><strong>descendimus</strong></span> <span class='ocrx_word' id='word_1_299' title='bbox 1006 3672 1036 3728; x_wconf 90' lang='lat' dir='ltr'><strong>et</strong></span> <span class='ocrx_word' id='word_1_300' title='bbox 1057 3666 1186 3746; x_wconf 86' lang='lat' dir='ltr'><strong>ingressi</strong></span> <span class='ocrx_word' id='word_1_301' title='bbox 1210 3665 1364 3724; x_wconf 81' lang='lat' dir='ltr'><strong>civitatem</strong></span> 
     </span>
     <span class='ocr_line' id='line_1_35' title="bbox 184 3767 1363 3852; baseline -0.004 -21"><span class='ocrx_word' id='word_1_302' title='bbox 184 3790 290 3832; x_wconf 89' lang='lat' dir='ltr'><strong>omues</strong></span> <span class='ocrx_word' id='word_1_303' title='bbox 314 3772 458 3833; x_wconf 89' lang='lat' dir='ltr'><strong>ecclesias</strong></span> <span class='ocrx_word' id='word_1_304' title='bbox 493 3774 611 3835; x_wconf 89' lang='lat' dir='ltr'><strong>clausas</strong></span> <span class='ocrx_word' id='word_1_305' title='bbox 634 3776 802 3852; x_wconf 90' lang='lat' dir='ltr'><strong>reperimus</strong></span> <span class='ocrx_word' id='word_1_306' title='bbox 835 3779 866 3833; x_wconf 91' lang='lat' dir='ltr'><strong>et</strong></span> <span class='ocrx_word' id='word_1_307' title='bbox 886 3775 917 3833; x_wconf 87' lang='lat' dir='ltr'><strong>in</strong></span> <span class='ocrx_word' id='word_1_308' title='bbox 939 3771 1117 3851; x_wconf 91' lang='lat' dir='ltr'><strong>pandocheo</strong></span> <span class='ocrx_word' id='word_1_309' title='bbox 1140 3767 1275 3848; x_wconf 85' lang='lat' dir='ltr'><strong>praelato</strong></span> <span class='ocrx_word' id='word_1_310' title='bbox 1298 3783 1363 3826; x_wconf 89' lang='lat' dir='ltr'><strong>ma·</strong></span> 
     </span>
     <span class='ocr_line' id='line_1_36' title="bbox 187 3871 1364 3956; baseline -0.006 -18"><span class='ocrx_word' id='word_1_311' title='bbox 187 3894 267 3938; x_wconf 88' lang='lat' dir='ltr'><strong>crarn</strong></span> <span class='ocrx_word' id='word_1_312' title='bbox 291 3874 383 3937; x_wconf 86' lang='lat' dir='ltr'><strong>otiam</strong></span> <span class='ocrx_word' id='word_1_313' title='bbox 414 3895 469 3956; x_wconf 92' lang='lat' dir='ltr'><strong>pro</strong></span> <span class='ocrx_word' id='word_1_314' title='bbox 492 3884 596 3937; x_wconf 90' lang='lat' dir='ltr'><strong>nostro</strong></span> <span class='ocrx_word' id='word_1_315' title='bbox 620 3877 744 3956; x_wconf 90' lang='lat' dir='ltr'><strong>prandio</strong></span> <span class='ocrx_word' id='word_1_316' title='bbox 768 3879 943 3937; x_wconf 89' lang='lat' dir='ltr'><strong>sumsimus.</strong></span> <span class='ocrx_word' id='word_1_317' title='bbox 989 3873 1062 3935; x_wconf 90' lang='lat' dir='ltr'><strong>Post</strong></span> <span class='ocrx_word' id='word_1_318' title='bbox 1092 3873 1184 3934; x_wconf 84' lang='lat' dir='ltr'><strong>offam</strong></span> <span class='ocrx_word' id='word_1_319' title='bbox 1206 3875 1236 3932; x_wconf 90' lang='lat' dir='ltr'><strong>in</strong></span> <span class='ocrx_word' id='word_1_320' title='bbox 1260 3871 1364 3932; x_wconf 76' lang='lat' dir='ltr'><strong>cathe-</strong></span> 
     </span>
     <span class='ocr_line' id='line_1_37' title="bbox 186 3974 1365 4061; baseline -0.006 -19"><span class='ocrx_word' id='word_1_321' title='bbox 186 3981 300 4042; x_wconf 91' lang='lat' dir='ltr'><strong>dralem</strong></span> <span class='ocrx_word' id='word_1_322' title='bbox 323 3981 483 4040; x_wconf 87' lang='lat' dir='ltr'><strong>ecclesiam</strong></span> <span class='ocrx_word' id='word_1_323' title='bbox 507 3980 698 4048; x_wconf 88' lang='lat' dir='ltr'><strong>ascendimus</strong></span> <span class='ocrx_word' id='word_1_324' title='bbox 716 3977 771 4061; x_wconf 83' lang='lat' dir='ltr'><strong>(h)</strong></span> <span class='ocrx_word' id='word_1_325' title='bbox 796 3979 832 4041; x_wconf 92' lang='lat' dir='ltr'><strong>ad</strong></span> <span class='ocrx_word' id='word_1_326' title='bbox 856 3982 1036 4051; x_wconf 88' lang='lat' dir='ltr'><strong>orationem,</strong></span> <span class='ocrx_word' id='word_1_327' title='bbox 1061 3986 1091 4040; x_wconf 90' lang='lat' dir='ltr'><strong>et</strong></span> <span class='ocrx_word' id='word_1_328' title='bbox 1114 3980 1144 4038; x_wconf 91' lang='lat' dir='ltr'><strong>in</strong></span> <span class='ocrx_word' id='word_1_329' title='bbox 1160 3977 1302 4038; x_wconf 90' lang='lat' dir='ltr'><strong>suburbio</strong></span> <span class='ocrx_word' id='word_1_330' title='bbox 1327 3974 1365 4035; x_wconf 90' lang='lat' dir='ltr'><strong>ad</strong></span> 
     </span>
     <span class='ocr_line' id='line_1_38' title="bbox 186 4079 1364 4162; baseline -0.005 -18"><span class='ocrx_word' id='word_1_331' title='bbox 186 4084 345 4145; x_wconf 90' lang='lat' dir='ltr'><strong>ecclesiam</strong></span> <span class='ocrx_word' id='word_1_332' title='bbox 370 4083 626 4162; x_wconf 79' lang='lat' dir='ltr'><strong>Augustineorum</strong></span> <span class='ocrx_word' id='word_1_333' title='bbox 661 4091 691 4144; x_wconf 91' lang='lat' dir='ltr'><strong>et</strong></span> <span class='ocrx_word' id='word_1_334' title='bbox 722 4083 759 4145; x_wconf 91' lang='lat' dir='ltr'><strong>ad</strong></span> <span class='ocrx_word' id='word_1_335' title='bbox 789 4083 949 4144; x_wconf 88' lang='lat' dir='ltr'><strong>ecclesiam</strong></span> <span class='ocrx_word' id='word_1_336' title='bbox 982 4083 1110 4144; x_wconf 84' lang='lat' dir='ltr'><strong>fratrum</strong></span> <span class='ocrx_word' id='word_1_337' title='bbox 1142 4079 1295 4142; x_wconf 89' lang='lat' dir='ltr'><strong>Minorum</strong></span> <span class='ocrx_word' id='word_1_338' title='bbox 1317 4080 1364 4138; x_wconf 91' lang='lat' dir='ltr'><strong>in·</strong></span> 
     </span>
     <span class='ocr_line' id='line_1_39' title="bbox 185 4182 1364 4268; baseline -0.004 -20"><span class='ocrx_word' id='word_1_339' title='bbox 185 4188 283 4268; x_wconf 81' lang='lat' dir='ltr'><strong>gressi</strong></span> <span class='ocrx_word' id='word_1_340' title='bbox 314 4189 441 4250; x_wconf 88' lang='lat' dir='ltr'><strong>orationi</strong></span> <span class='ocrx_word' id='word_1_341' title='bbox 472 4188 626 4267; x_wconf 90' lang='lat' dir='ltr'><strong>paululum</strong></span> <span class='ocrx_word' id='word_1_342' title='bbox 648 4189 829 4260; x_wconf 87' lang='lat' dir='ltr'><strong>institimus,</strong></span> <span class='ocrx_word' id='word_1_343' title='bbox 853 4186 1049 4249; x_wconf 21' lang='lat' dir='ltr'><strong>,Graecorum</strong></span> <span class='ocrx_word' id='word_1_344' title='bbox 1084 4192 1185 4248; x_wconf 91' lang='lat' dir='ltr'><strong>autem</strong></span> <span class='ocrx_word' id='word_1_345' title='bbox 1215 4182 1364 4245; x_wconf 86' lang='lat' dir='ltr'><strong>ecclesias</strong></span> 
     </span>
    </p>
   </div>
   <div class='ocr_carea' id='block_1_6' title="bbox 0 0 1469 4710">
    <p class='ocr_par' dir='ltr' id='par_1_6' title="bbox 0 0 1469 4710">
     <span class='ocr_line' id='line_1_40' title="bbox 0 0 1469 4710; baseline 0 0"><span class='ocrx_word' id='word_1_346' title='bbox 0 0 1469 4710; x_wconf 95' lang='lat' dir='ltr'><strong> </strong></span> 
     </span>
    </p>
   </div>
  </div>
 </body>
</html>
