2874 4770
687 171 750 241 311

131 360 243 436 quanta
263 353 396 432 insignis,
413 351 558 430 potentia,
581 353 692 428 quanta
706 350 899 410 victoriarum
919 347 1036 427 lulgore
1060 343 1217 426 splendida
1229 343 1307 423 jarn-
1400 342 1403 348 '

132 460 246 522 dudum
269 459 374 529 luerit,
398 462 429 516 et
451 455 588 516 exhorrui
617 452 738 524 videns,
770 456 870 513 omnia
892 455 947 514 sub
971 456 1050 532 turpi
1072 456 1225 514 ruinarum
1243 456 1309 511 tam

131 565 317 644 templorum
349 580 439 641 quam
472 561 592 622 aedium
625 558 746 620 cumulo
770 559 889 636 dejecta
918 560 1033 637 jacere.
1078 556 1195 617 Interea
1225 556 1309 617 venit

131 677 240 732 ventus
264 675 295 728 et
312 685 366 729 nos
386 666 505 743 longius
529 663 658 725 alittore
679 664 747 724 tulit
771 671 802 724 et
824 664 894 725 hinc
917 663 988 724 inde
1013 682 1069 724 nos
1094 665 1125 722 in
1150 663 1217 720 sinn
1240 656 1306 718 Me-

132 775 234 851 garico
268 770 411 851 projecit,
443 787 501 830 nec
531 768 661 847 aliquam
691 769 818 846 amplius
850 776 963 828 terram
990 767 1094 828 videre
1123 772 1307 846 poteramus.

131 876 268 937 Vidimus
292 882 394 936 tamen
417 873 547 951 alonge
570 889 659 932 unam
685 871 828 950 grandem
858 883 966 933 navem
988 873 1117 931 inaniter
1147 887 1202 949 per
1224 885 1308 928 mare

131 983 344 1053 cursitantem,
377 981 475 1040 ventis
497 979 652 1039 inutilibus
675 979 753 1039 sicut
776 984 807 1038 et
830 985 949 1038 nostras
974 984 1119 1038 vexatam.
1166 972 1307 1050 Suspica-

129 1086 238 1147 bantur
262 1092 363 1146 autem
385 1087 480 1146 nostri
504 1085 735 1162 gubernatores,
766 1102 835 1145 esse
859 1087 1015 1164 piraticam
1045 1100 1152 1144 navem
1184 1078 1233 1140 vel
1256 1077 1307 1138 ad·

128 1191 331 1250 versariorum
364 1189 504 1250 falcatam
527 1188 566 1250 'et
595 1189 632 1250 ad
655 1188 857 1249 insidiandum
881 1196 1029 1267 paratam,
1060 1185 1141 1247 unde
1165 1183 1308 1260 magister

131 1270 428 1373 armaturae-galeae
451 1299 573 1352 nostrae
597 1299 691 1352 totam
714 1294 808 1353 movit
824 1293 955 1372 galeam,
980 1292 1096 1370 singula
1112 1287 1254 1349 ordinans
1278 1292 1309 1345 et

131 1399 303 1479 producens
326 1398 364 1460 ad
387 1396 622 1477 oppugnandum
645 1397 727 1457 illam
741 1414 865 1468 navem,
889 1396 1082 1466 bombardas,
1106 1394 1237 1463 balistas,
1262 1408 1307 1451 ar·

132 1522 201 1574 cus,
222 1503 339 1580 jacula,
362 1504 502 1581 sagittas,
537 1501 671 1579 lapides,
706 1519 781 1579 quos
805 1501 842 1561 de
866 1501 1071 1580 penetralibus
1095 1498 1198 1577 galeae
1222 1495 1309 1556 educi

128 1605 237 1683 jussit,
259 1609 357 1685 ipsam
380 1609 471 1667 etiam
493 1625 601 1668 navem
624 1609 717 1667 sontis
741 1608 846 1677 cinxit,
872 1605 976 1684 clipeis
992 1606 1137 1674 munivit,
1161 1609 1193 1662 et
1207 1603 1306 1663 thora·

131 1727 200 1778 ces,
235 1727 337 1769 cassos
369 1716 400 1770 et
422 1727 503 1771 arma
527 1710 681 1771 detensiva
714 1717 745 1770 et
774 1710 906 1770 invasiva
938 1708 1104 1768 marinariis
1139 1705 1241 1766 tribuit
1277 1711 1307 1766 et

130 1812 268 1873 ordinem
291 1814 483 1893 aggrediendi
506 1817 650 1901 instituit3
688 1816 795 1895 quibus
818 1816 994 1893 compositis
1025 1813 1176 1872 instabant
1199 1810 1307 1888 guber·

129 1925 267 1992 natores,
292 1921 357 1980 sine
371 1923 595 1989 intermissione
612 1923 757 2000 agitantes
774 1921 1000 1990 hortationibus,
1025 1917 1214 1986 clamoribus,
1239 1932 1306 1994 per·

129 2023 317 2085 cussionibus
342 2025 527 2104 galeotarum
560 2026 597 2087 ad
620 2026 800 2087 trahendum
824 2010 945 2096 davem,
981 2030 1012 2084 et
1034 2039 1138 2082 aversa
1161 2018 1245 2098 galea
1269 2017 1306 2078 de

128 2133 233 2188 nostro
254 2131 375 2191 tramite
394 2137 498 2192 contra
520 2134 694 2208 suspectam
716 2147 824 2190 navem
846 2135 978 2189 rostrum
1000 2143 1107 2206 prorae
1124 2124 1305 2184 direxerunt.

127 2229 273 2292 videntes
305 2239 407 2294 autem
447 2234 664 2311 gnbematores
699 2234 824 2293 aliarum
856 2234 1011 2310 galearum
1043 2229 1150 2292 classis
1182 2232 1305 2286 nostrae

129 2332 242 2411 galeae,
266 2353 344 2413 quae
367 2337 540 2415 principalis
557 2342 637 2407 erat,
660 2338 867 2407 intentionem,
890 2336 1070 2395 intermissis
1086 2330 1224 2393 omnibus
1241 2327 1307 2389 vela

129 2436 290 2498 volvebant
312 2446 343 2500 et
367 2447 518 2500 armantes
544 2457 637 2501 naves
661 2445 731 2518 post
750 2456 806 2499 nos
823 2439 1020 2510 festinabant,
1044 2443 1168 2514 eratque
1190 2436 1221 2494 in
1243 2438 1306 2493 tota

129 2540 228 2601 classe
251 2543 358 2620 ingens
381 2545 544 2615 tumultus,
578 2544 708 2614 clamor,
740 2545 903 2605 commotio
937 2550 968 2603 et
999 2542 1035 2603 ad
1064 2541 1179 2601 bellum
1201 2535 1306 2598 navale

128 2648 327 2724 praeparatio.
375 2648 451 2708 Cum
472 2650 556 2709 nav-is
580 2656 723 2727 suspecta
747 2651 887 2709 cerneret
910 2648 1039 2708 classem
1071 2652 1173 2706 contra
1197 2661 1230 2702 se
1253 2661 1304 2704 ve·

128 2752 263 2811 nientem
286 2758 317 2811 et
339 2752 522 2831 intelligeret
545 2760 680 2831 paratam
703 2753 740 2813 ad
763 2770 797 2814 se
822 2752 1011 2833 spoliandum
1039 2757 1070 2811 et
1093 2747 1305 2819 invadendum,

127 2853 180 2914 tali
203 2856 288 2932 signo
311 2873 344 2917 se
367 2875 427 2916 non
451 2856 488 2917 ad
511 2857 712 2918 insidiandum
738 2865 768 2919 et
783 2856 988 2937 praedandum
1003 2861 1139 2935 paratam
1155 2849 1305 2913 ostendit:

127 2964 304 3019 aoratonem
328 2962 409 3020 enim
431 2960 469 3022 de
493 2960 613 3022 sublimi
639 2964 822 3023 remiserunt
837 2962 931 3021 tribus
955 2960 1085 3028 vicibus,
1109 2975 1229 3016 sursum
1245 2963 1304 3016 tra·

126 3063 235 3122 hentes
259 3071 289 3123 et
311 3066 512 3125 remittentes.
543 3065 627 3138 Quae
651 3072 684 3127 ut
707 3068 800 3127 nostri
824 3066 979 3136 viderunt,
1004 3063 1146 3142 scapham
1168 3064 1200 3123 in
1223 3079 1304 3122 mare

127 3169 289 3240 miserunt,
319 3171 349 3229 in
373 3186 432 3246 qua
455 3167 493 3228 de
515 3172 626 3230 nostris
650 3170 741 3248 aliqui
764 3187 861 3248 usque
891 3169 927 3230 ad
959 3187 1026 3229 eam
1055 3185 1162 3229 navem
1185 3170 1304 3247 naviga·

126 3279 250 3345 verunt,
279 3281 311 3335 ut
334 3281 597 3354 perscrutarentur
628 3279 679 3354 qui
713 3281 815 3336 essent
848 3276 896 3336 vel
920 3274 1025 3351 cujus,
1056 3280 1087 3334 et
1110 3290 1185 3333 nova
1207 3274 1305 3349 aliqua

127 3379 337 3450 addiscerent;
361 3387 391 3441 et
414 3382 606 3442 revenientes
637 3381 792 3453 dicebant,
817 3398 886 3440 esse
910 3396 1017 3440 navem
1039 3377 1077 3438 de
1102 3375 1222 3435 Candia.
1268 3375 1305 3434 Et

84 3499 96 3514 ‘
126 3484 168 3543 ita
191 3481 331 3562 deposito
354 3492 496 3564 apparatu
519 3484 626 3547 bellico
651 3494 681 3546 et
704 3486 848 3548 revolutis
872 3485 946 3546 velis
970 3482 1151 3543 conabamur
1184 3482 1213 3540 in
1237 3477 1303 3539 Ma·

125 3587 269 3647 leaticum
298 3589 463 3666 procedere
497 3592 655 3671 pelagum,
683 3590 737 3651 sed
755 3592 841 3652 ¹venti
865 3589 1051 3649 obsistebant
1083 3591 1114 3645 et
1145 3586 1176 3644 ln
1197 3582 1301 3664 Aegeo

126 3693 202 3752 mari
225 3693 421 3772 trajiciebant.

507 3926 726 3999 Maleaticum
753 3927 912 4018 pelagus.

213 4112 365 4175 vicesima
387 4118 492 4175 octava
516 4110 565 4173 die
580 4117 651 4191 post
675 4113 840 4190 inquietam
855 4119 976 4174 noctem
999 4112 1195 4174 clementiore
1211 4118 1299 4174 vento

125 4213 216 4276 lacto·
229 4218 372 4296 paulatim
394 4218 425 4277 in
437 4214 636 4279 Maleaticum
658 4215 769 4280 tratum
785 4218 972 4290 devenimus,
996 4218 1047 4279 ubi
1061 4216 1098 4277 ad
1113 4216 1197 4276 littus
1214 4217 1299 4295 quasi
