2874 4770
743 153 806 226 136

187 337 237 400 rel
248 337 308 397 Nili
324 354 431 415 equus.
460 336 514 398 list
530 342 631 397 autem
645 335 838 414 hippotamus
852 338 1021 394 monstmm
1036 333 1143 412 ingens
1159 349 1195 393 ac
1208 332 1370 394 ferocissi-

189 458 283 509 mum,
298 455 394 509 crura,
410 439 505 518 pedes
521 447 552 499 et
566 458 683 518 ungues
692 441 780 500 babet
791 437 952 499 admodum
964 443 1050 498 acuta
1060 438 1253 509 etterribilia,
1267 440 1366 500 multo

188 542 303 620 majora
324 542 504 613 cocodrillo,
529 550 637 620 estque
659 543 858 604 bumanorum
872 542 1008 600 carnium
1030 540 1268 618 cupidissimum.
1319 542 1366 605 ln·

188 647 315 708 sidiatur
336 654 438 707 autem
460 648 602 716 navibus,
634 653 667 706 ut
689 647 828 706 homines
851 645 1010 713 comedat,
1045 652 1075 705 et
1099 644 1171 704 dum
1198 647 1284 705 navis
1311 646 1366 706 sibi

190 753 335 821 occurrit,
367 769 461 810 unum
491 749 603 830 pedem
624 751 655 809 in
678 757 758 808 terra
792 750 887 828 figens
920 749 1014 809 altero
1037 767 1145 809 navem
1168 752 1199 809 in
1223 750 1367 809 anteriori

190 858 336 934 arripiens
369 855 510 915 facillime
542 871 610 913 cam
643 851 753 913 scindit
782 852 830 911 rel
860 852 1032 912 inclinatam
1066 854 1191 932 mergit,
1224 853 1307 913 uude
1337 856 1367 913 in

190 960 276 1029 locis,
300 961 331 1019 in
347 960 455 1036 quibus
470 958 591 1026 habitat,
606 973 697 1016 nemo
713 973 840 1016 securus
856 963 918 1026 est,
934 956 989 1016 sed
1004 959 1116 1034 passim
1132 975 1239 1018 omnes
1255 957 1365 1036 perdit.

194 1064 358 1126 Rarissime
382 1070 485 1122 tamen
506 1062 582 1121 baec
603 1061 700 1121 bestia
724 1068 894 1138 compare-t3
928 1059 1060 1139 denique
1092 1065 1158 1139 capi
1180 1081 1240 1123 non
1263 1068 1368 1140 potest

191 1169 262 1228 ullis
284 1166 508 1233 instrumentis,
541 1164 600 1222 nisi
623 1165 680 1223 reti
703 1163 803 1224 terreo
826 1182 863 1225 er
886 1167 1000 1224 catenis
1022 1168 1052 1225 in
1075 1164 1223 1225 Damasco
1247 1166 1287 1226 ad
1309 1166 1368 1225 boc

190 1270 342 1330 fabricatis
365 1274 396 1327 ct
419 1274 540 1345 captum
564 1273 680 1326 tantum
702 1266 810 1327 terreis
833 1269 950 1328 malleis
982 1268 1140 1330 occiditur.
1185 1268 1276 1330 Pellis
1303 1268 1368 1346 ejus

191 1378 280 1436 unius
312 1374 404 1433 cubiti
432 1371 661 1450 spissitudinem
683 1371 774 1431 babet
802 1379 964 1450 tantaeque
988 1379 1034 1432 est
1060 1372 1195 1444 duritiei,
1228 1380 1260 1434 ut
1283 1374 1368 1434 nullo

188 1477 290 1556 jaculo
313 1483 364 1536 aut
387 1482 536 1535 armatura
558 1477 709 1553 penetrari
734 1476 840 1536 valeat.
871 1475 933 1536 llas
948 1477 1062 1537 bestias
1078 1478 1193 1537 insania
1207 1479 1370 1557 gentilium

191 1584 330 1653 illorum,
353 1583 404 1658 qui
427 1579 528 1639 Nilum
550 1597 611 1657 quo
632 1579 697 1639 ilco
722 1580 876 1650 colebant,
902 1579 1040 1641 dicebant
1064 1598 1133 1640 esse
1157 1599 1282 1658 germen
1310 1582 1372 1642 Nili

192 1688 299 1764 eisquc
315 1684 433 1744 divinos
449 1682 582 1742 bonores
598 1682 777 1742 exhibebant
792 1690 822 1742 et
838 1685 1001 1762 praecipue
1017 1683 1207 1755 cocodrillis,
1231 1691 1372 1763 utsupra

191 1786 244 1847 tot.
271 1782 342 1850 118.
366 1786 504 1847 babetur.

280 1890 326 1949 De
342 1891 401 1950 boc
416 1890 537 1949 animali
552 1889 625 1950 dicit
639 1889 788 1951 Eusebius
812 1889 850 1951 de
865 1892 1007 1970 Evangel.
1032 1896 1263 1972 praeparatione
1285 1894 1321 1954 L.
1338 1889 1369 1955 8.

194 2013 221 2055 c
238 1994 289 2058 5.:
313 1993 393 2073 apud
406 1993 582 2074 Aegyptios,
605 1996 709 2072 inquit,
733 1996 867 2077 mirabile
882 1996 1034 2075 quoddam
1049 1997 1255 2069 considerari,
1279 2017 1371 2059 coco·

193 2098 297 2160 drillus
320 2100 416 2170 enim,
439 2100 575 2157 omnium
588 2097 757 2158 belluarum
773 2103 990 2173 atrocissimus,
1014 2103 1044 2162 in
1066 2103 1259 2162 sanctissimo
1281 2112 1372 2164 natus

193 2211 226 2266 ct
246 2205 393 2264 enutritus
416 2203 484 2263 lttto
508 2205 644 2281 quamvis
667 2203 723 2263 sub
746 2207 831 2282 aquis
854 2208 952 2278 vivat,
983 2207 1119 2266 utilitatis
1143 2223 1216 2275 suae
1238 2225 1300 2267 non
1325 2214 1374 2268 est

192 2311 332 2388 ignams;
356 2325 463 2387 magna
485 2309 567 2367 enim
590 2301 677 2386 copia
691 2307 771 2386 apud
787 2326 841 2369 eos
856 2311 1007 2370 iuvenitur
1024 2309 1264 2380 cocodrillorum,
1288 2311 1373 2388 quod

194 2413 303 2474 animal
325 2411 395 2472 ideo
418 2420 571 2491 tamquam
592 2429 713 2484 sacrum
743 2421 918 2484 veneratur,
951 2415 1075 2474 minime
1108 2422 1210 2476 autem
1241 2417 1374 2492 reperiri

195 2515 276 2596 apud
299 2534 353 2576 eos
376 2523 486 2597 potest,
509 2519 561 2594 qui
584 2534 655 2578 enm
676 2525 832 2587 venantur,
856 2525 886 2576 ct
908 2519 1083 2596 navigantes
1105 2519 1154 2579 bic
1176 2518 1300 2597 quidem
1315 2538 1374 2580 nec

194 2621 287 2700 digito
310 2639 418 2699 aquam
441 2619 523 2681 ssusii
546 2629 669 2699 tangere
693 2622 813 2692 audent,
837 2621 1007 2682 cocodrillis
1030 2625 1131 2683 statim
1151 2622 1374 2698 insultantibus,

196 2732 266 2785 cum
290 2726 336 2784 eis
358 2725 497 2783 homines
520 2742 582 2785 non
602 2731 747 2794 noceant,
770 2720 882 2785 seo'ur
905 2725 987 2787 Deos
1010 2736 1201 2788 venerentur.

195 3074 248 3145 De
273 3075 532 3161 foecunditate,
560 3094 665 3165 quam
683 3077 751 3149 n'itt
770 3079 943 3151 beneficio
962 3081 1070 3153 babet
1092 3085 1186 3155 terra
1204 3083 1375 3174 Aegppti.

284 3324 340 3407 (b)
355 3327 508 3390 beneficio
526 3331 584 3391 Nili
601 3340 681 3394 terra
694 3333 823 3413 Aegypti
840 3341 887 3395 est
909 3334 1107 3399 fertilissima.
1152 3339 1229 3400 Nam
1250 3338 1374 3414 humus,

197 3451 288 3511 quam
310 3434 397 3493 Nilus
425 3438 524 3495 arenis
548 3437 677 3517 Aegipti
709 3438 930 3517 superinduxit,
962 3446 1009 3500 est
1032 3441 1156 3512 nobilis,
1188 3461 1225 3502 ex
1248 3461 1282 3502 se
1305 3446 1375 3522 ipso

197 3544 305 3615 sponte
327 3536 499 3616 producens
522 3542 632 3601 multas
655 3541 764 3601 herbas
786 3551 816 3601 et
839 3542 982 3619 rirgulta,
1013 3562 1091 3622 quae
1113 3545 1182 3607 abbi
1204 3565 1264 3606 non
1288 3549 1374 3608 inre·
1410 3548 1416 3560 '

198 3643 321 3700 niuntur
343 3648 373 3700 et
397 3646 575 3703 aromaticas
598 3644 715 3705 radices
738 3653 769 3705 et
792 3645 940 3723 plantulas
963 3646 1076 3725 profert
1101 3648 1286 3710 diversarum
1303 3668 1374 3729 spe·

199 3745 328 3812 clerum,
360 3748 461 3805 omnia
482 3750 563 3806 enim
586 3749 626 3807 ibi
648 3750 775 3808 virentia
798 3748 938 3809 ridentur
967 3766 1037 3810 esse
1070 3755 1226 3812 aromatici
1257 3752 1372 3813 odoris.

198 3844 242 3904 lbi
265 3848 415 3908 inuenitur
437 3848 551 3926 lignum
573 3853 658 3912 aloes
681 3855 878 3913 aromaticum
902 3861 933 3914 et
955 3854 1152 3927 medicinale,
1181 3856 1261 3933 quod
1283 3856 1376 3918 Nico·

199 3947 308 4008 demus
330 3949 480 4013 dominico
502 3962 655 4031 unguento
679 3958 842 4018 immiscuit
865 3977 934 4018 cum
957 3959 1091 4038 myrrha,
1113 3967 1146 4019 ut
1162 3960 1289 4021 babetur
1304 3960 1373 4021 lob.

199 4051 280 4112 xlx
324 4054 435 4115 llicunt
458 4065 576 4125 autem,
600 4058 681 4136 quod
695 4060 799 4120 nullibi
815 4063 997 4132 inveniatur,
1021 4066 1079 4124 nisi
1094 4068 1126 4125 in
1140 4066 1291 4145 aegipto,
1314 4083 1374 4126 nec

200 4163 302 4218 tamen
333 4162 444 4221 crescit
471 4162 529 4232 ibi,
559 4161 616 4223 sed
643 4166 674 4224 in
708 4165 857 4244 paradiso.
908 4166 988 4229 Grau
1019 4174 1122 4229 autem
1151 4169 1237 4228 nobis
1267 4171 1374 4250 ignoto
