2874 4770
689 149 758 219 349

125 327 299 388 vitavimus.
342 324 427 385 iuxta
448 340 533 384 mare
554 328 605 384 est
625 323 760 385 acoleia
777 324 888 385 bedae
907 322 1060 404 ἦς’-’5,
1085 323 1153 402 ’μ
1185 325 1311 404 priris

128 428 301 499 aedificata,
333 427 384 488 ubi
417 430 448 487 in
479 429 576 505 prima
606 445 676 487 mea
706 429 950 506 peregrinatione
980 430 1067 488 novi
1084 429 1188 490 ut-
1207 431 1312 509 iim

128 533 260 611 capella,
284 538 316 593 et
338 537 387 592 est
410 533 501 592 etiam
523 530 656 590 ecclesia
676 529 787 600 latina,
808 531 994 608 galatam
1014 533 1309 613 *my-‘son-

129 642 245 697 structa
252 656 260 707 ;
283 637 316 696 in
337 634 395 696 hac
417 634 529 696 diutius
552 654 668 695 moram
690 637 847 696 traximus
870 634 992 697 interea
1011 656 1122 699 sa-
1140 641 1233 702 ffica
1253 660 1309 704 an-

129 740 259 802 divimus
280 742 414 802 vocantis
436 759 493 800 nos
516 741 555 801 ad
576 724 728 811 classem,
751 748 782 800 et
804 748 987 802 commota·
999 743 1132 804 daneta
1150 747 1239 822 ιμ’
1258 762 1309 805 na-

128 862 284 906 cessuram
306 843 451 914 vidimus,
473 842 529 904 sed
552 844 625 905 dum
646 847 679 904 in
700 861 770 904 earn
791 845 894 905 tostini
915 848 1155 924 navigamus,
1174 850 1311 908 comm

126 953 224 1011 omnis
247 950 410 1020 tumultus,
436 951 489 1027 qui
510 966 669 1010 recessum
690 948 773 1009 solet
795 949 1000 1028 praeoedere,
1234 969 1312 1030 erg·

125 1057 171 1115 sic
201 1057 232 1114 in
263 1054 349 1132 galea
383 1071 454 1114 cum
485 1055 689 1133 impatientia,
727 1056 799 1131 quia
827 1061 938 1115 rentns
969 1054 1069 1115 bonns
1099 1063 1181 1127 erat,
1217 1073 1313 1134 qne·

126 1159 327 1237 negleximus.
951 1188 952 1191 κ

214 1263 367 1324 vicesima
388 1261 523 1323 secunda
553 1260 606 1322 die
636 1278 728 1322 mane
757 1260 969 1322 discumbant
998 1279 1057 1341 per
1079 1264 1197 1341 galeam
1225 1273 1258 1326 et
1278 1268 1312 1327 ἰ

126 1373 192 1429 tota
215 1375 319 1429 nostra
351 1368 452 1428 classe
482 1383 641 1428 recessum
663 1365 861 1435 simulabant,
893 1365 951 1426 sed
983 1365 1099 1428 donini
1128 1374 1248 1449 patroni
1278 1374 1312 1432 ἰ

126 1473 273 1534 naviculis
294 1473 468 1534 remeabant
491 1475 522 1531 in
544 1471 667 1542 urbem,
698 1487 761 1548 qno
783 1469 914 1530 vidimus
945 1488 1003 1530 nos
1035 1489 1098 1532 non
1118 1490 1309 1536 masmar.

126 1579 200 1638 Erat
222 1583 324 1638 antem
347 1582 487 1655 apertum
507 1576 709 1653 navigationis
729 1581 872 1653 ternpm,
893 1591 1004 1635 causae
1019 1582 1122 1637 mre·
1135 1584 1200 1641 tres
1213 1587 1311 1652 erut,

129 1698 224 1760 quare
246 1683 291 1743 sic
319 1682 361 1740 ibi
384 1680 603 1741 detinebamur.
648 1677 749 1738 Prima
771 1678 843 1748 init,
874 1681 945 1757 qnia
974 1682 1151 1759 capitaneus
1175 1692 1311 1745 mm

130 1786 238 1846 classis
261 1786 339 1846 male
362 1791 522 1845 contentus
545 1791 611 1845 erat
633 1785 672 1845 dc
694 1787 862 1863 capitaneis
882 1790 1006 1845 nostrae
1021 1789 1178 1847 ommino
1191 1789 1311 1858 elusis,

129 1909 186 1969 pro
209 1907 262 1959 eo,
286 1889 368 1968 quod
389 1897 510 1968 portum
531 1889 618 1950 illum
639 1892 769 1968 ingressi
789 1889 926 1958 inerant,
948 1906 1020 1949 aran
1038 1890 1081 1950 ibi
1095 1893 1144 1952 vix
1165 1892 1309 1952 abeam

128 1995 257 2071 reperiri
279 2000 404 2072 possent
425 1993 605 2061 sufficientia
628 2011 683 2072 pro
705 1994 879 2075 armigeris;
901 1993 961 2053 boc
982 2000 1017 2053 nt
1029 2000 1208 2056 meant
1223 1997 1309 2075 capi·

128 2100 210 2158 tanei
234 2100 348 2169 nostri,
371 2099 429 2159 sibi
452 2101 482 2158 in
505 2097 616 2158 taciem
637 2098 679 2158 ibi
700 2082 874 2157 madebant.
903 2096 1045 2158 Secta&
1058 2115 1160 2169 anea
1183 2106 1311 2178 propter

129 2219 264 2272 merces,
295 2219 371 2279 quas
393 2203 435 2262 ibi
456 2201 649 2280 deponebant
671 2208 704 2260 et
724 2201 937 2279 imponebam
969 2200 1045 2261 ilati
1066 2204 1150 2264 οι·-
1170 2210 1259 2263 eram
1276 2205 1312 2263 ἰ

130 2312 265 2367 nostram
288 2304 407 2382 galeam
429 2305 507 2365 ultra
527 2303 603 2364 OOC
636 2303 753 2364 lodices
783 2302 974 2382 ungulatus
994 2304 1113 2375 villosi,
1144 2323 1224 2384 qnos
1253 2322 1311 2367 nes

129 2411 322 2469 nominamus
344 2409 479 2478 sclavos,
508 2409 579 2485 quia
601 2407 702 2468 Sclavi
724 2410 771 2468 eis
792 2408 987 2469 involvuntur
1008 2406 1060 2467 dic
1080 2423 1119 2468 ac
1138 2417 1247 2479 noete,
1279 2415 1314 2470 et

131 2520 203 2574 suut
224 2513 296 2572 lacti
327 2529 449 2581 eorum,
483 2510 532 2572 vel
562 2513 634 2589 quia
661 2512 694 2572 in
716 2511 877 2573 Sclavoma
902 2511 978 2572 amr
1004 2512 1084 2572 sient
1109 2514 1143 2573 in
1171 2510 1311 2591 Unguis.

131 2616 196 2677 lios
218 2615 334 2676 lodices
357 2622 523 2694 posueruut
543 2615 582 2676 ad
597 2619 738 2676 stantiam
753 2622 786 2676 et
800 2616 942 2676 combam
960 2622 1110 2685 mnus,
1132 2623 1165 2676 et
1178 2615 1313 2696 desuper

133 2727 252 2781 struere
274 2719 404 2780 lectulos
426 2726 546 2779 nostros
568 2718 721 2791 fecerant,
752 2720 835 2800 quod
862 2721 988 2781 domino
1017 2718 1146 2781 lobni
1174 2728 1207 2782 et
1238 2722 1312 2783 mibi

132 2824 218 2885 valde
241 2823 372 2902 proluit,
400 2826 469 2901 quia
492 2823 639 2884 hactenus
663 2831 790 2885 stratum
812 2832 952 2885 nostro·
973 2831 1068 2884 tenua
1089 2843 1183 2903 snper
1203 2841 1312 2886 saccos

130 2927 229 2989 nudos
251 2929 423 3006 specierum
446 2926 625 2988 durissimos
656 2927 835 3000 babuimus,
867 2928 924 2990 sed
953 2946 1035 2989 name
1062 2927 1194 2991 modim
1215 2936 1310 2991 maa

131 3041 236 3094 contra
259 3033 399 3094 duritiam
421 3039 454 3093 et
474 3039 580 3093 contm
593 3032 688 3110 lrigns
710 3031 893 3103 fruebamur,
916 3050 1010 3111 qoem
1029 3035 1157 3113 peonis
1179 3032 1312 3095 libenter

131 3156 402 3216 comparassemus.
448 3135 550 3199 Tertia
572 3154 664 3197 causa
687 3136 862 3198 tardatioois
884 3145 964 3208 crat,
992 3140 1063 3217 quia
1087 3137 1200 3199 domini
1222 3155 1310 3217 praee

130 3242 262 3301 licebant
284 3242 475 3303 concordiam
497 3241 667 3302 interillos
689 3240 785 3311 duos,
816 3243 867 3319 qui
888 3243 919 3301 in
942 3248 1047 3301 nostra
1069 3240 1157 3319 gelea
1178 3259 1213 3300 se
1244 3241 1308 3301 lac·

131 3352 250 3416 serant,
274 3353 307 3405 ut
329 3352 413 3424 patet
434 3362 543 3423 supra;
567 3363 637 3405 nam
661 3347 728 3405 sinc
750 3363 807 3417 eo,
827 3347 881 3423 qui
901 3350 987 3407 extra
1000 3361 1110 3405 narem
1123 3344 1228 3423 lapsos
1243 3344 1310 3405 tue»

132 3455 191 3518 rat,
226 3467 287 3508 uon
310 3455 428 3527 poterat
458 3449 544 3527 galea
566 3457 648 3511 stare
676 3452 772 3519 benc,
804 3451 876 3527 quia
896 3449 1030 3527 optimus
1060 3454 1153 3509 nauta
1180 3454 1248 3509 orat
1279 3453 1312 3507 et

132 3569 209 3612 uuus
233 3551 272 3614 dc
294 3551 572 3631 principalioribus3
606 3559 639 3614 et
659 3551 920 3614 concordaverunt
941 3569 998 3613 eos
1020 3568 1240 3631 remaque
1263 3556 1312 3613 cst

131 3657 162 3715 in
186 3655 314 3733 galeam.
354 3655 448 3718 l’orro
470 3666 607 3736 quanam
622 3674 746 3719 causam
767 3663 891 3717 nostrae
911 3655 1089 3718 wicum
1111 3657 1311 3735 principale·

133 3776 190 3837 ego
214 3761 389 3841 suspicabar
416 3778 486 3821 csse
511 3760 707 3833 diabolicam,
740 3761 871 3822 instabat
901 3763 986 3823 enim
1015 3760 1163 3823 eutarius
1190 3760 1311 3823 dieram

132 3882 236 3926 sacrae
259 3867 422 3927 nativitatis
444 3866 566 3926 Domini
588 3868 685 3926 nostri
705 3864 781 3927 lesu
803 3865 930 3937 Cbnsti,
961 3872 993 3926 et
1014 3883 1055 3927 ne
1075 3867 1143 3929 istis
1166 3866 1311 3927 solemni·

132 3970 189 4029 hus
222 3969 328 4032 diebus
354 3972 574 4031 interessemus
600 3967 709 4030 divinis
738 3969 863 4042 olbam,
892 3969 1031 4033 diabolos
1059 3969 1311 4053 impedimentum

134 4073 319 4150 praestabat,
341 4093 402 4136 non
424 4076 508 4135 enim
524 4079 700 4152 poteramus
720 4073 850 4154 amplios
872 4075 1005 4153 atium
1017 4076 1167 4155 mingere
1189 4080 1312 4155 portam

135 4176 335 4251 habitabilem,
355 4181 529 4259 optavimus
550 4196 608 4240 nos
630 4181 793 4259 peregrini,
814 4181 1108 4261 lnpstnoetsstm
1127 4180 1195 4243 ficri
1216 4194 1310 4251 aare,
