2874 4770
127 469 254 557 inerint,
278 467 350 531 dum
371 470 522 538 viverent,
554 468 686 529 ostendit
707 468 759 529 illa
782 460 914 540 erectio,
945 474 1028 530 erant
1051 468 1131 528 enim
1155 467 1307 526 inanima

128 574 256 644 mortni,
290 574 424 652 speciem
453 576 555 630 tamen
591 570 737 631 habentes
760 573 904 633 rentium.
952 571 1083 649 Contigit
1104 586 1179 631 aevo
1202 574 1306 629 nostro

127 675 316 755 in4dioecesi
340 674 512 733 Coloniensi
535 675 569 733 iu
590 672 718 752 quadam
741 667 826 746 villa,
857 676 889 734 in
922 691 979 753 qua
1011 674 1116 734 rustici
1144 679 1229 733 erant
1252 667 1307 752 (b)

127 780 229 858 partiti
257 785 287 838 et
306 763 487 847 discordes,
522 777 667 855 capitales
698 778 870 837 inimicitias
904 783 1052 855 gerentes.
1098 776 1217 837 lnterea
1248 775 1306 837 duo

128 889 247 958 actores
271 887 302 940 et
325 880 474 958 capitanei
499 881 628 957 partium
652 898 712 941 uno
735 879 783 939 die
806 879 940 940 defuncti
964 886 1049 952 sunt,
1074 886 1158 958 quos'
1171 880 1242 941 dum
1257 896 1307 939 se·

128 985 267 1065 pulturae
290 982 461 1054 traderent,
485 982 521 1043 ad
544 982 730 1062 parcendum
753 982 904 1044 laboribus
928 984 1032 1043 ambos
1055 976 1145 1044 simul
1167 985 1308 1042 inunum
1342 1003 1346 1006 ·
1426 1001 1431 1015 ’

127 1097 227 1150 terrae
245 1087 399 1149 delossum
414 1085 599 1164 injecemnt;
625 1105 684 1166 quo
699 1086 796 1157 facto,
820 1088 937 1147 cunctis
952 1085 1137 1158 videntibus,
1160 1087 1306 1164 sibiipsis

129 1193 217 1305 doma
239 1199 395 1255 verterunt
418 1199 448 1251 et
473 1191 741 1270 impatientissimis
764 1191 895 1251 motibus
923 1192 1010 1250 ambo
1033 1189 1227 1269 agitabantur,
1249 1206 1307 1250 nec
1395 1188 1398 1192 ⁴

132 1287 218 1376 quies
241 1297 297 1358 init
320 1299 351 1357 in
373 1295 506 1367 tumulo,
541 1313 701 1374 quousque
733 1295 863 1373 separati
894 1294 1016 1356 luerunt
1044 1294 1079 1354 ab
1102 1295 1245 1364 invicem,
1276 1297 1307 1352 et

129 1403 239 1462 mortui
255 1403 341 1465 ¹vitae
364 1387 546 1481 praeteritae
568 1401 684 1460 rixosae
708 1400 914 1460 testimonium
936 1396 1087 1458 tulerunt:
1119 1398 1163 1456 sic
1194 1396 1304 1456 ethic.

129 1505 207 1565 Sunt
230 1507 311 1566 enim
335 1505 428 1566 multa
451 1502 588 1583 prodigia
610 1504 689 1564 inter
712 1503 912 1573 Sarracenos,
936 1501 991 1562 sed
1005 1499 1080 1562 falsa
1096 1506 1127 1561 et
1142 1499 1306 1570 mendacia,

129 1615 163 1669 ut
186 1616 278 1688 pater.
407 1603 411 1610 ’
494 1588 499 1598 ’

215 1711 308 1791 lgitur
329 1709 502 1791 pyramides
525 1708 757 1787 dereliquimus,
781 1715 812 1769 et
835 1707 960 1771 fluvium
982 1714 1173 1771 transeuntes
1197 1712 1227 1770 in
1248 1708 1305 1770 Ba·

111 1815 280 1892 ·byloniam
302 1833 412 1876 novam
432 1816 579 1875 venimus.
625 1810 668 1872 lbi
691 1812 872 1891 pertransito
890 1812 1069 1891 longissimo
1083 1815 1149 1873 rico
1165 1813 1203 1874 ad
1218 1830 1305 1874 arcus

129 1935 254 1996 magnos
278 1923 309 1978 et
332 1917 414 1976 altos'
433 1932 467 1976 ac
491 1917 646 1993 antiquos,
678 1932 827 1976 marmore
858 1916 951 1994 polito
984 1918 1127 1988 vestitos,
1160 1918 1307 1988 venimus,

132 2038 209 2099 quos
231 2026 305 2099 puto
328 2019 422 2080 inisse
453 2036 540 2080 arcus
574 2017 787 2098 triumphales,
819 2026 937 2080 erectos
966 2009 1038 2079 olim
1064 2020 1100 2078 in
1130 2023 1307 2081 memoriam

131 2126 362 2205 praeteritarum
385 2124 576 2184 victoriarum
599 2139 683 2182 more
706 2122 920 2183 Romanorum.
966 2120 1011 2182 Ab
1040 2122 1092 2182 his
1111 2123 1238 2183 arcubus
1261 2125 1306 2184 in·
1344 2122 1348 2130 “

131 2229 228 2305 gressi
250 2229 280 2287 in
303 2243 404 2288 unam¹
417 2214 544 2287 ciuitatis
567 2224 749 2304 babyloniae
772 2232 893 2305 partem
912 2226 1065 2296 venimus,
1089 2224 1175 2301 cujus
1190 2226 1306 2287 habita·

130 2337 212 2390 tores
244 2346 350 2390 omnes
383 2336 453 2389 sunt
477 2327 637 2388 Christiani
660 2326 840 2388 Orientales.
886 2327 976 2388 Ducti
1006 2335 1107 2387 autem
1134 2328 1245 2389 inimus
1269 2327 1307 2389 ad

130 2432 280 2509 quandam
302 2431 480 2500 ecclesiam,
514 2448 572 2507 qua
600 2426 749 2509 patefacta
779 2430 949 2509 invenimus
972 2429 1133 2489 ecclesiam
1155 2431 1232 2490 bene
1256 2449 1304 2490 or-

129 2521 231 2596 natam
254 2533 411 2604 altaribus,
433 2533 560 2610 picturis
590 2539 621 2592 et
644 2531 835 2601 tabulaturis,
867 2548 937 2592 curn
958 2533 1136 2610 imaginibus
1153 2535 1303 2612 passionis

131 2639 258 2708 Christi,
290 2638 396 2698 beatae
419 2635 565 2714 Virginis,
600 2641 631 2695 et
660 2652 730 2694 oum
759 2634 912 2706 crucibus,
944 2642 975 2695 et
1006 2636 1037 2695 in
1066 2653 1102 2697 ea
1125 2644 1190 2699 erat
1213 2639 1306 2698 etiarn

128 2743 353 2822 baptisterium,
387 2756 464 2817 quae
495 2740 595 2799 omnia
619 2744 704 2798 erant
732 2737 819 2799 nobis
842 2737 921 2798 iacta
944 2741 1029 2816 quasi
1053 2747 1208 2812 extranea,
1238 2741 1307 2818 quia

130 2847 180 2907 diu
203 2847 317 2906 nonin
339 2842 400 2903 ulla
423 2841 553 2902 ecclesia
582 2841 704 2902 ininius.
751 2842 882 2902 Demum
903 2844 935 2901 in
958 2851 1110 2923 cryptam,
1145 2861 1221 2922 quae
1250 2843 1306 2905 sub

130 2950 222 3011 choro
256 2955 320 3020 est,
352 2931 565 3007 descendimus
596 2962 652 3023 per
684 2945 800 3023 aliquos
824 2936 948 3024 gradus,
983 2953 1013 3006 et
1042 2948 1082 3008 ibi
1113 2955 1182 3008 ante
1213 2946 1306 3010 altare

129 3054 270 3131 prostrati
302 3049 503 3128 indulgentias
528 3044 718 3141 *opimus
764 3047 817 3108 Est
846 3050 926 3109 enim
957 3049 1043 3110 locus
1076 3052 1125 3112 hic
1146 3051 1306 3130 singularis

131 3157 298 3218 sanctitatis
322 3161 353 3214 et
376 3150 734 3229 devotionis','siquidem
756 3153 787 3210 in
809 3151 861 3212 illo
884 3153 952 3212 loco
971 3153 1185 3215 iuithabitatio
1200 3154 1306 3214 beatae

130 3258 243 3319 Mariae
279 3257 409 3335 Virginis
441 3274 511 3316 cnm
538 3271 633 3332 puero
666 3253 740 3314 lesu
768 3260 800 3313 et
822 3252 950 3334 loseph,
983 3258 1013 3316 in
1037 3243 1096 3335 quo
1120 3259 1231 3318 mansit
1252 3273 1307 3336 per

67 3368 70 3374 '
123 3363 244 3441 aliquot
267 3379 376 3432 annos;
401 3359 474 3420 dum
497 3360 579 3418 enim
602 3357 639 3419 de
662 3365 742 3418 terra
765 3355 840 3418 Jnda
863 3348 923 3436 per
942 3353 1097 3440 desertum
1120 3360 1306 3421 in-Busirim

130 3466 283 3525 venissent
317 3471 347 3523 et
379 3462 417 3523 de
450 3462 547 3522 Busiri
576 3460 635 3520 huc
664 3462 792 3538 ingressi
824 3452 966 3532 fuissent,
1002 3470 1083 3524 mota
1112 3470 1183 3523 sunt
1207 3465 1307 3524 omnia

130 3569 241 3646 templa
271 3565 400 3645 Aegypti
429 3573 460 3625 et
490 3568 607 3625 statuae
629 3563 785 3635 ‚idolorum
817 3580 886 3622 cum
917 3565 1085 3626 simulacris
1117 3573 1305 3637 corruerunt,

131 3670 168 3731 de
192 3688 251 3748 quo
275 3668 432 3748 prophetia
456 3668 528 3729 dicit
550 3666 617 3727 Esa.
644 3663 709 3730 ia:
732 3665 886 3726 Ascendet
908 3666 1053 3729 Dominus
1076 3669 1186 3747 nubem
1207 3668 1307 3730 levem

131 3781 162 3834 et
184 3773 370 3852 ingredietur
383 3770 570 3851 Aegyptum,
595 3778 625 3830 et
648 3771 848 3833 movebuntur
870 3771 1030 3833 simulacra
1045 3770 1184 3852 Aegypti.
1222 3773 1307 3833 Sicut

131 3879 212 3939 enim
234 3880 266 3938 in
288 3878 368 3937 exitu
392 3876 520 3936 liliorum
543 3873 635 3935 lsrael
658 3873 695 3934 de
718 3870 854 3953 Aegypto
877 3893 937 3935 non
960 3874 1016 3936 luit
1041 3875 1164 3948 domus,
1193 3878 1224 3935 in
1247 3893 1307 3954 qua

130 3999 190 4042 non
209 3980 327 4057 jaceret
349 3986 503 4048 mortuus,
526 3979 604 4038 sicut
626 3982 709 4054 patet
731 3975 825 4036 Exodi
841 3976 919 4048 1111,
943 3979 986 4038 ita
1008 3981 1038 4039 in
1055 3981 1178 4040 introitu
1195 3979 1308 4039 Christi

131 4104 191 4145 non
214 4084 278 4165 init
292 4082 454 4162 templum,
485 4083 516 4142 in
539 4099 598 4159 quo
620 4097 680 4139 non
703 4080 868 4141 corruisset
890 4079 1022 4154 idolum,
1052 4089 1084 4144 ut
1105 4081 1253 4160 Magister
1275 4083 1306 4144 iu

132 4189 220 4269 Speo.
251 4188 355 4249 histor.
389 4186 470 4247 dicit.
516 4182 646 4246 De'hon
681 4192 753 4246 nasu
782 4182 931 4247 idolorum
948 4185 1078 4248 dederat
1101 4179 1215 4249 dudum
1237 4193 1307 4263 ante

1081 4303 1099 4356 l
