2874 4770
701 264 748 335 29

138 444 296 514 mannioa;
326 442 469 503 consuevi
500 442 630 502 enimei
652 440 768 503 dicere:
803 436 909 516 betti,
934 441 999 502 lact
1021 439 1071 518 iper
1091 433 1125 511 at
1147 437 1213 502 nir.
1259 436 1312 498 Sic

139 551 170 606 et
193 546 255 606 avis
278 563 327 606 mc
350 542 514 606 accedente
528 542 638 630 *dicere
661 544 751 604 solita
773 550 855 605 erat:
878 543 941 605 tau
963 542 1012 621 latr
1025 535 1058 613 at
1074 530 1157 604 satir.¹
1184 539 1311 618 Propter

140 665 230 726 quam
252 664 373 708 causam
394 646 451 708 fnit
471 647 544 707 mihi
566 633 663 710 lactus
685 644 804 707 ltalious
826 646 986 716 iuimicus,
1008 645 1090 724 quod
1105 644 1310 723 corrupissem

139 750 196 810 sibi
225 766 312 810 avem
341 755 373 810 ct
403 751 532 812 removit
557 767 625 811 eam
648 767 664 810 a
688 767 747 810 me.
791 747 917 827 Insuper
947 746 1067 809 admoto
1097 748 1153 809 sibi
1183 744 1310 826 speculo

137 852 258 930 propria
292 851 387 913 lomna
418 851 569 915 deluditur
601 858 633 914 et
664 868 744 913 nuuc
774 849 915 929 gaudenti
946 868 1025 911 nuuc
1056 849 1171 912 dolenti
1202 848 1309 927 similis

133 953 273 1015 elicitur.
317 953 351 1015 ln
374 962 502 1036 aspectu
520 955 644 1036 uirginis
667 953 831 1034 plurimum
852 951 1035 1024 delectatur,
1059 959 1182 1033 propter
1202 952 1308 1014 huma·

135 1058 262 1118 nitatem
291 1073 396 1119 earum
426 1057 597 1120 cfficiuntur
623 1055 712 1119 valde
740 1056 802 1133 cari
831 1054 961 1116 dominis
991 1055 1065 1116 suis.
1118 1054 1186 1117 Vidi
1215 1072 1310 1117 uuum

133 1162 319 1240 psittacum,
345 1161 398 1240 qui
427 1161 515 1223 scirit
536 1161 714 1221 nominatim
735 1173 845 1220 vocare
868 1174 975 1219 omnes
999 1156 1036 1218 de
1058 1157 1171 1220 familia
1192 1156 1307 1221 domini

136 1270 168 1325 et
190 1265 291 1343 ipsum
313 1262 470 1326 domiuum
491 1280 600 1327 vocare
623 1261 739 1324 solebat
762 1279 865 1333 mane,
898 1268 933 1323 ut
955 1267 1094 1341 surgeret
1117 1259 1309 1325 admissam

134 1366 219 1430 Hauc
242 1384 328 1429 avem
341 1365 423 1429 idem
445 1385 507 1429 nou
526 1365 712 1431 vendidisset
734 1381 789 1443 pro
813 1363 978 1426 Cducatis.
1021 1361 1124 1426 Alium
1147 1367 1310 1444 psittacum

135 1471 236 1532 album
256 1469 318 1534 vidi
340 1476 372 1532 et
393 1469 540 1548 majorem
562 1470 710 1540 caeteris,
742 1484 834 1546 quem
855 1469 955 1547 pretio
975 1453 1063 1530 valde
1086 1486 1195 1548 magno
1218 1469 1309 1532 aesti-

135 1576 265 1637 mabant.
311 1573 423 1635 Dicunt
444 1573 583 1653 quidam,
606 1570 688 1652 quod
709 1572 829 1650 psittaci
851 1573 913 1634 sint
935 1589 1006 1633 area
1028 1571 1160 1651 paradisi
1183 1580 1215 1634 et
1237 1571 1310 1635 dum

131 1675 208 1758 pulli
230 1678 268 1741 de
291 1677 369 1738 nidis
391 1679 422 1738 in
443 1678 546 1739 Nilum
559 1674 685 1747 cadunt,
708 1681 792 1735 extra
805 1674 977 1754 paradisum
992 1673 1088 1736 tluuut
1104 1681 1135 1736 et
1150 1678 1310 1757 capiuntur

135 1781 172 1842 ab
193 1780 391 1860 Aethiopibus
413 1782 445 1841 in
468 1778 602 1841 flumine.
648 1777 711 1839 Sed
732 1777 790 1838 hoc
813 1783 861 1838 est
881 1777 1008 1856 puerile.
1038 1777 1189 1843 Diodorus
1212 1781 1307 1844 histo·

134 1883 311 1964 riagraphus
333 1883 406 1945 dicit
426 1883 516 1944 Libro
539 1880 603 1953 lll.‚
635 1881 716 1961 quod
745 1881 865 1961 psittaci
893 1878 1083 1943 diversorum
1109 1884 1245 1946 colorum
1260 1904 1261 1908 ¹
1275 1885 1308 1946 in

133 1985 243 2049 Arabia
271 1986 353 2047 felici
383 1978 592 2064 generentur,¹
618 2001 696 2064 quae
727 1991 775 2047 est
804 1999 895 2063 supra
925 1981 1107 2064 Aegyptum.
1159 1986 1308 2050 Dicuntur

134 2097 238 2154 autem
260 2090 381 2169 psittaci
403 2090 566 2168 vulgariter
586 2091 750 2168 papagogi,
772 2090 848 2150 item
871 2104 941 2148 aves
964 2088 1082 2167 regales
1104 2095 1136 2150 et
1157 2092 1284 2152 nobiles.

219 2193 264 2254 De
286 2194 423 2271 psittacis
456 2194 488 2253 iu
517 2193 605 2254 aliam
633 2193 848 2253 habitationem
876 2191 1006 2270 ingrcssi
1036 2209 1157 2265 sumus,
1188 2195 1220 2256 in
1248 2211 1308 2274 qua

133 2302 219 2358 crant
239 2295 355 2357 stabula
378 2312 525 2373 equorum
546 2295 659 2357 domiui
674 2292 884 2374 Tanguardiui,
908 2299 939 2354 et
961 2294 1003 2355 ibi
1023 2292 1152 2356 vidimus
1166 2296 1307 2375 pulcher·

132 2402 225 2461 nimos
242 2416 357 2478 equos,
381 2398 492 2478 alipes,
515 2396 696 2470 dextrarios,
719 2394 890 2477 palefredos
913 2404 944 2457 et
966 2395 1128 2476 gradarios.
1167 2397 1308 2462 Abundat

133 2506 215 2564 enim
234 2500 388 2582 Aegyptus
410 2503 498 2580 equis
520 2502 658 2580 optimis,
680 2501 749 2579 plus
772 2515 863 2578 quam
885 2498 985 2578 aliqua
1007 2500 1064 2560 alia
1085 2502 1169 2580 regio
1192 2500 1306 2575 mundi,

133 2605 213 2667 unde
235 2607 314 2667 inter
335 2621 384 2675 ea,
408 2621 486 2684 quae
509 2602 547 2664 de
570 2602 666 2681 gloria
687 2602 858 2664 Salomonis
874 2602 1062 2674 scribuntur,
1084 2603 1124 2664 fit·
1137 2606 1251 2666 mentio
1267 2604 1305 2667 de

133 2709 220 2787 equis
243 2706 387 2788 Aegypti,
410 2704 440 2771 3.
463 2709 539 2786 Reg.
562 2703 600 2768 X.
624 2712 656 2767 ct
678 2703 708 2769 2.
731 2704 826 2767 l’aral.
849 2703 892 2777 l.,
914 2705 1112 2768 ubidicitur:
1146 2712 1177 2769 et
1194 2707 1304 2770 educe·

130 2813 240 2872 bantur
261 2813 333 2890 equi
354 2810 524 2878 Salomonis
546 2809 584 2872 de
606 2808 743 2888 Aegypto
766 2816 798 2871 et
821 2808 859 2870 de
881 2809 979 2870 insula
1002 2808 1084 2870 Cboa
1105 2817 1137 2871 et
1167 2809 1303 2891 egredie-

129 2914 218 2975 batur
238 2913 382 2993 quadriga
405 2913 444 2977 dc
471 2913 610 2993 Aegypto
633 2914 782 2975 sexcentis
805 2912 887 2974 siclis
909 2916 1026 2993 argenti
1047 2920 1079 2975 et
1099 2916 1170 2993 equi
1185 2922 1306 2984 uentrem

131 3018 356 3097 quinquaginta.
409 3017 446 3078 llt
478 3016 587 3078 llaech.
623 3014 714 3078 xvii.
744 3018 969 3096 improperatur
997 3019 1062 3096 regi
1092 3018 1305 3093 Jerusalema

129 3120 212 3193 Deo,
245 3137 299 3192 eo,
330 3118 411 3199 quod
438 3121 522 3181 misit
552 3119 589 3182 ad
619 3119 789 3200 Aegyptum
819 3139 873 3200 pro
905 3122 1003 3200 cquis.
1046 3119 1083 3181 Et
1113 3120 1219 3184 Esaiae
1249 3119 1302 3187 31.

129 3225 239 3285 clamat
260 3223 407 3302 propheta
428 3229 533 3284 contra
554 3225 699 3303 populum
723 3241 760 3288 er
782 3241 836 3285 ore
858 3223 995 3296 Domini,
1018 3241 1056 3285 ne
1079 3225 1111 3284 in
1132 3223 1305 3305 Aegyptum

127 3345 185 3408 pro
209 3329 378 3405 equitatura
401 3324 602 3398 descendant,
625 3326 745 3399 dicens,
767 3342 841 3398 vae,
865 3328 916 3405 qui
933 3325 1122 3389 descendunt
1136 3329 1168 3388 iu
1182 3327 1303 3409 Aegyp·

91 3450 99 3464 ·
127 3437 193 3492 tum
216 3429 253 3491 ad
276 3419 417 3491 auxfliuru
438 3431 469 3490 iu
499 3433 585 3509 equis
602 3437 774 3510 ¹sperantes
805 3435 836 3490 et
864 3429 1010 3492 habentes
1039 3428 1180 3491 tiduciam
1211 3448 1304 3512 super
1419 3506 1421 3510 Α

128 3533 296 3613 quadrigis,
327 3535 397 3614 quia
419 3531 531 3594 multae
553 3540 635 3606 suut,
668 3541 700 3595 et
722 3551 815 3614 super
844 3533 1009 3611 equitibus,
1040 3535 1111 3613 quia
1140 3533 1304 3614 praevalidi

127 3643 199 3700 sunt
224 3638 323 3706 nimia
367 3635 523 3716 Aegyptus
545 3635 637 3697 homo
660 3643 692 3698 et
714 3655 775 3697 non
795 3633 880 3696 Deus
903 3642 952 3696 est
973 3641 1003 3696 et
1020 3638 1097 3715 ,equi
1111 3655 1217 3700 eorum
1232 3656 1303 3702 caro

127 3748 159 3803 et
181 3759 242 3802 non
265 3741 398 3821 spiritus.
443 3737 540 3800 Tanto
564 3741 646 3801 enim
659 3741 775 3819 impetu
792 3745 929 3811 currunt,
953 3738 1034 3818 quod
1047 3739 1186 3804 videntur
1200 3743 1303 3806 volare

126 3846 214 3924 quasi
237 3845 378 3923 spiritus,
413 3860 474 3908 uon
504 3843 602 3903 solum
624 3844 657 3903 iu
678 3843 782 3921 plano,
810 3842 865 3902 scd
888 3841 925 3902 de
949 3844 1133 3922 praecipitiis
1156 3845 1303 3908 clivorum

127 3953 269 4019 currunt,
300 3953 332 4007 et
360 3947 393 4006 in
422 3946 555 4025 scopulis
587 3952 619 4007 et
646 3946 770 4024 rupibus
801 3951 833 4005 et
861 3945 937 4005 locis
961 3941 1017 4026 (b)
1041 3950 1213 4027 asperrimis
1236 3950 1302 4010 sine

126 4051 263 4114 laesione
286 4056 318 4111 et
339 4066 428 4122 casu,
451 4065 486 4110 ao
508 4050 535 4108 si
557 4056 662 4110 essent
683 4050 755 4127 equi
777 4048 847 4109 alati
868 4044 989 4120 Persei,
1011 4049 1061 4112 vel
1085 4051 1156 4128 cqui
1174 4047 1301 4122 Boreae,

125 4169 203 4232 quos
227 4154 329 4232 genuit
350 4169 386 4214 er
409 4152 543 4231 equabus
566 4151 705 4214 Dardani.
750 4150 887 4212 Vidimus
919 4150 976 4213 alia
1004 4152 1071 4214 vice
1093 4153 1125 4212 iu
1145 4154 1204 4215 ista
1225 4152 1301 4214 urbe

126 4256 307 4337 quingentos
329 4273 425 4337 equos
446 4258 479 4319 iu
500 4267 561 4318 uuo
583 4253 718 4325 stabulo,
740 4260 774 4316 ut
796 4251 919 4334 patebit.
1015 4312 1019 4319 ,
