2874 4770
598 162 749 235 -135

129 344 198 411 cunt
219 337 379 402 cocodrilli
401 344 434 402 et
454 344 559 401 contra
581 339 747 403 monachos
767 342 838 405 illos
859 344 1088 406 incurreremnt
1109 350 1157 416 et,
1177 345 1237 406 nisi
1260 342 1306 405 di·

129 447 230 506 vinnm
248 443 391 506 auxilium
416 443 563 505 adfuisset
585 451 703 506 terrens
720 445 900 508 cocodrillos
913 454 947 509 ut
961 445 1096 507 redirent
1110 448 1142 506 in
1156 453 1307 526 stagnum,

131 564 233 608 ornnes
256 548 300 609 illi
324 548 470 608 monachi
486 549 598 626 perditi
620 549 757 610 fuissent.
803 548 895 611 Aliud
917 550 1045 629 legitur:
1069 549 1194 629 quidam
1217 568 1306 611 sanc·

130 656 176 710 tus
198 650 330 731 Aegypti
353 652 535 723 monachus,
559 652 658 712 dictus
681 653 832 726 Helenus,
857 653 895 714 de
919 671 1022 714 eremo
1043 655 1127 715 venit
1148 655 1179 712 in
1200 671 1306 715 mona·

130 757 253 815 sterium
275 755 440 815 multorum
462 757 696 829 monachorum,
728 757 808 836 quod
834 756 920 834 juxta
941 756 1044 825 Nilum
1076 762 1158 827 erat,
1190 763 1224 817 ut
1253 757 1306 818 illo

129 855 190 928 die,
215 859 285 936 quia
308 858 460 934 dominico
482 865 561 930 erat,
596 862 720 920 missam
743 860 877 932 audiret,
908 859 961 920 sed
985 878 1045 920 non
1067 865 1133 919 erat
1154 859 1307 932 sacerdos,

128 961 179 1038 qui
201 961 377 1034 celebraret,
401 964 432 1023 in
455 965 650 1023 monasterio.
697 963 756 1036 Qut
773 964 844 1024 durn
869 962 906 1024 de
929 964 988 1023 hoc
1011 964 1170 1023 miraretur
1184 969 1213 1023 et
1236 981 1306 1024 cau·
1358 970 1361 975 '

128 1082 193 1126 sam
207 1071 377 1144 quaereret,
401 1065 548 1137 dixerunt,
574 1067 654 1144 quod
671 1067 814 1128 sacerdos
831 1085 937 1128 eorum
953 1067 1077 1126 haberet
1093 1066 1309 1127 habitationem

127 1175 215 1245 transx
238 1167 353 1230 flumen
381 1187 439 1230 nec
468 1170 573 1230 venire
604 1179 709 1248 posset
737 1177 862 1249 propter
892 1176 1008 1230 metum
1039 1172 1139 1248 magni
1170 1177 1201 1229 et
1224 1171 1308 1231 saevi

128 1270 298 1343 cocodrilli,
332 1274 384 1349 qui
405 1291 497 1351 super
518 1273 601 1333 littus
614 1273 685 1359 ⁴ltili
708 1272 851 1334 discurrit
873 1281 905 1334 et
927 1274 1066 1333 omnibus
1091 1291 1203 1333 nocere
1233 1290 1306 1332 con-

127 1375 246 1447 tendit,
263 1375 320 1437 sed
343 1382 374 1436 et
396 1396 457 1437 non
480 1395 594 1455 paucos
610 1377 730 1438 occidit.
777 1376 843 1437 Hoc
858 1375 985 1437 audiens
1001 1376 1137 1437 Helenus
1154 1376 1192 1436 ad
1206 1376 1308 1436 Nilum

126 1480 193 1551 ivit,
222 1486 257 1541 ut
279 1479 471 1542 sacerdotem
495 1481 656 1542 advocaret
679 1488 711 1542 et
734 1499 807 1542 eece
829 1482 926 1544 bestia
949 1483 1036 1558 quasi
1058 1481 1134 1540 latro
1159 1480 1197 1541 de
1219 1481 1307 1541 truti-

118 1585 203 1663 eetis
225 1568 369 1662 prodiens
391 1583 506 1647 furiosa
522 1581 660 1647 'occurrit
683 1587 817 1657 Heleno,
840 1602 931 1663 quam
959 1590 993 1643 nt
1025 1584 1117 1645 borno
1140 1583 1197 1644 Dei
1220 1582 1307 1654 vidit,

129 1687 224 1767 oravit
245 1692 277 1747 et
292 1686 554 1768 ‘fiducia‘aecepta
585 1690 624 1751 ad
654 1691 784 1752 bestiam
813 1687 963 1767 intrepide
992 1690 1125 1748 accessit
1157 1695 1188 1748 et
1216 1705 1309 1766 super

129 1789 252 1850 dorsum
285 1789 351 1867 ejus
381 1792 486 1852 insiliit
516 1796 600 1853 etin
632 1812 740 1873 aquam
771 1792 868 1863 duxit,
903 1792 955 1868 qui
989 1794 1166 1869 magistrum
1194 1791 1308 1852 babere

127 1911 161 1954 se
194 1895 328 1955 sentiens
368 1913 438 1954 cum
477 1899 691 1976 tranquillitate
726 1916 797 1958 eum
829 1896 869 1956 ad
902 1895 991 1954 aliam
1024 1901 1143 1972 partem
1174 1893 1307 1955 tluminis

127 1997 236 2057 duxit
264 1995 349 2058 Adiit
372 2016 444 2077 ergo
471 1997 606 2062 Helenus
630 2001 668 2062 ad
690 2000 814 2063 domurn
836 2000 1006 2079 presbyteri
1028 2005 1058 2058 et
1081 1999 1216 2059 hortatus
1237 2015 1308 2058 eum

126 2119 233 2181 rogare
257 2105 367 2182 coepit,
391 2108 424 2162 ut
445 2106 564 2174 veniret
586 2103 800 2165 addicendum
822 2106 946 2163 missam
963 2101 1184 2163 dominicalem.
1231 2101 1309 2162 Cum

126 2211 303 2266 causaretur
325 2205 470 2267 sacerdos
492 2207 531 2268 de
552 2207 649 2268 bestia
673 2215 704 2268 et
727 2208 765 2268 de
789 2205 944 2268 naviculae
968 2206 1117 2276 carentia,
1148 2203 1221 2264 dixit
1242 2203 1306 2264 He·

126 2307 229 2369 lsnus:
261 2309 303 2369 nil
330 2311 464 2370 verearis
491 2316 593 2389 pater,
624 2311 680 2372 sed
709 2313 778 2381 veni
808 2328 935 2371 securus
965 2315 996 2368 et
1018 2308 1102 2368 Deus
1136 2306 1307 2386 providebit

129 2413 217 2473 nobis
241 2410 279 2472 de
301 2413 453 2474 vehiculo.
499 2415 689 2492 Sequebatur
712 2432 785 2492 ergo
809 2412 952 2474 sacerdos
974 2410 1098 2472 fratrem
1122 2415 1153 2469 et
1177 2409 1249 2470 dum
1270 2408 1308 2471 ad

131 2496 240 2593 aquam
262 2516 433 2589 venissent,
456 2517 632 2581 exclamavit
653 2494 726 2580 voce
750 2536 858 2596 magna
871 2516 1022 2587 Helenus,
1047 2512 1210 2574 cocodrille
1225 2515 1305 2574 veni.

131 2617 198 2703 Qui!
213 2617 251 2679 ad
272 2618 349 2678 banc
372 2637 479 2692 vocem
498 2621 626 2684 festinus
650 2625 780 2685 accurrit
804 2629 835 2682 et
857 2622 980 2682 dorsum
1011 2615 1129 2697 placide
1159 2617 1307 2695 praebuit.

130 2724 216 2788 Prior
232 2727 303 2805 ergo
319 2715 456 2789 Helenus
472 2727 637 2800 adscendit,
653 2728 788 2789 invitavit
803 2726 1045 2804 presbyteruma
1062 2720 1151 2798 longe
1167 2726 1307 2791 stantem,

127 2836 161 2890 ut
184 2829 363 2890 consederet
386 2830 442 2890 sibi
465 2831 609 2892 indorso
628 2831 764 2902 bestiae,
797 2828 853 2889 sed
884 2829 935 2888 ille
959 2844 976 2886 a
998 2826 1096 2885 bestia
1127 2825 1251 2883 territus
1277 2829 1308 2884 et

126 2933 271 2994 miraculo
288 2940 499 2994 consternatus
517 2935 758 3013 appropinquare
775 2933 856 2995 nulla
872 2933 986 2992 ratione
1002 2946 1092 2989 ausus
1107 2925 1173 2987 fuit.
1209 2928 1304 2987 Sanc-

126 3042 175 3097 tus
199 3043 300 3097 autem
321 3036 475 3108 Helenus,
499 3016 580 3097 sicut
602 3044 725 3098 venerat
747 3040 777 3098 in
794 3045 879 3116 tergo
893 3037 1024 3104 bestiae,
1049 3034 1094 3100 sie
1110 3030 1208 3092 rediit.
1245 3030 1307 3092 Sed

126 3141 176 3200 ubi
199 3126 375 3212 descendit,
398 3159 505 3202 secum
527 3143 640 3220 pariter
661 3143 692 3200 in
715 3145 831 3202 siccum
853 3141 983 3200 bestiam
1010 3135 1112 3196 eduxit
1135 3134 1239 3196 dicens
1261 3136 1306 3195 ei:

126 3243 234 3305 melius
259 3244 380 3305 esttibi
403 3247 494 3316 mori,
519 3263 609 3323 quam
632 3251 677 3305 tot
700 3246 864 3314 scelerum,
889 3249 932 3303 tot
947 3239 1181 3301 homicidiorum
1195 3239 1307 3299 involvi

124 3355 221 3427 reatu.
265 3344 313 3408 Ad
329 3348 412 3409 baec
433 3349 524 3409 verba
546 3351 685 3427 protinus
709 3349 821 3410 corruit
844 3354 875 3407 et
898 3346 1071 3424 exspiravit.
1116 3341 1213 3404 Multa
1236 3343 1307 3403 talia

126 3454 157 3512 iu
182 3452 261 3513 Vitis
284 3450 408 3512 Petrum
429 3452 569 3531 legimus.

211 3555 280 3619 Non
304 3557 455 3633 reperitur
478 3555 675 3627 cocodrillus,
693 3557 764 3615 ‘nisi
786 3556 817 3614 in
840 3552 899 3613 Nili
923 3552 1083 3613 littoribus.
1128 3549 1182 3611 Est
1204 3557 1307 3612 autem

126 3659 237 3720 animal
262 3658 467 3730 immundum,
498 3658 583 3735 juxta
606 3661 706 3737 legem
740 3659 828 3719 Levit
849 3655 884 3716 ll.
919 3655 1101 3733 prohibitum
1124 3653 1306 3715 manducari.

125 3764 172 3825 De
194 3763 261 3841 ejus
284 3762 469 3834 stercoribus
495 3764 652 3825 conficitur
668 3769 872 3842 unguentum,
896 3759 977 3838 quod
993 3759 1137 3818 mulieres
1155 3758 1307 3834 accipiunt

127 3874 158 3928 et
179 3864 270 3945 rugas
292 3844 440 3928 faciemm
463 3866 629 3927 extendunt
651 3875 682 3928 et
706 3866 868 3927 candorem
891 3864 1054 3932 inducunt,
1078 3862 1133 3922 sed
1152 3862 1212 3921 lota
1228 3858 1306 3920 lacte

127 3970 260 4033 deterius
283 3973 315 4032 in
337 3973 481 4049 pristinas
502 3987 593 4048 rugas
616 3971 818 4038 convertitur,
848 3973 881 4027 ut
905 3966 1046 4028 ulbertus
1070 3965 1159 4026 habet
1182 3964 1219 4024 de
1243 3963 1305 4024 ani·

127 4076 263 4137 malibus.
307 4074 432 4152 Antiqui
454 4075 582 4154 gentiles
605 4072 744 4133 colebant
767 4070 958 4140 cocodrillos,
982 4076 1014 4130 ut
1037 4074 1121 4147 patet
1143 4067 1260 4128 lolio...

212 4177 312 4240 Aliam
328 4178 495 4240 terribilem
513 4181 643 4241 bestiam
654 4179 746 4238 nutrit
759 4176 854 4247 Nilus,
880 4191 958 4255 quae
975 4173 1085 4234 dicitur
1103 4172 1305 4250 bippolenus,
