2902 4710
704 120 746 191 73

138 315 230 378 mam
253 298 377 378 Satyros
398 299 480 359 visos
501 297 595 359 luisse
617 299 764 376 legantur.
811 296 910 358 Credo
932 305 1044 369 tamen,
1067 297 1149 376 quod
1173 296 1312 358 diabolus

138 408 273 464 assumta
290 403 385 465 iorma
408 402 582 480 Satyrorum
607 402 699 462 multa
723 403 800 462 mala
824 410 950 463 conetur
964 402 1066 463 tacere
1082 404 1162 463 circa
1176 403 1313 461 incautas

138 507 294 578 moniales,
310 513 341 568 et
369 506 450 585 quod
479 507 592 567 bestiae
622 524 680 564 non
703 508 772 576 sint,
803 512 886 583 patet
903 524 938 565 cx
962 524 1009 576 eo,
1041 507 1111 583 quia
1137 506 1311 582 loquuntur,

142 618 174 669 et
204 610 390 672 voluntatem
419 628 453 671 ac
484 627 666 670 eonsensum
695 611 860 686 requirunt,
891 607 973 685 quod
1003 610 1106 685 utique
1136 626 1172 669 cx
1196 608 1312 667 ratione

139 713 289 793 procedit.
335 713 371 772 Et
400 718 516 773 tantum
545 713 582 773 dc
612 713 673 773 illo.

141 838 144 843 ’
235 815 327 896 Igitur
366 834 435 877 cum
474 815 538 876 dies
574 818 721 878 illuxisset
762 817 953 879 ascendimus
998 820 1118 887 asinos,
1159 823 1190 875 et
1230 813 1310 875 Tan·

138 921 345 1001 guardinomct
374 920 451 980 duce
482 928 613 981 castrum
643 921 755 982 domini
786 921 907 982 Soldani
947 923 1131 989 intravimus,
1162 920 1212 980 ubi
1253 919 1310 978 mi·

138 1024 262 1086 rabilem
277 1022 416 1084 ordinem
432 1030 463 1084 et
483 1043 642 1086 numerum
672 1031 833 1088 marimum
855 1043 1012 1087 servorum
1029 1023 1152 1084 Soldani
1168 1021 1309 1092 vidimus,

139 1128 362 1191 multitudinem
400 1131 491 1190 etiam
530 1132 684 1206 ingentem
722 1148 870 1208 equorum
912 1138 943 1190 et
973 1128 1087 1188 stabula
1119 1125 1240 1205 grandia
1279 1128 1311 1184 et

82 1310 85 1315 Ι
137 1231 305 1293 habitacula
335 1221 451 1309 magna,
482 1231 520 1291 de
550 1234 658 1309 quibus
687 1234 825 1292 omnibus
856 1233 1025 1294 taediosum
1055 1237 1138 1292 esset
1168 1227 1310 1298 scribere,

138 1341 169 1396 et
197 1333 276 1395 forte
301 1336 392 1395 ctiam
411 1335 526 1398 creditu
554 1337 684 1398 diilicile.
720 1336 762 1397 lbi
787 1340 918 1417 primum
945 1343 1032 1398 vetus
1057 1334 1131 1395 illud
1155 1333 1309 1411 palatium,

136 1437 228 1499 bodie
253 1437 431 1507 desolatum,
462 1443 548 1503 nobis
577 1441 633 1501 luit
663 1449 829 1509 ostensum,
859 1441 940 1521 quod
971 1439 1093 1519 quidam
1125 1436 1231 1497 Graeci
1264 1436 1309 1494 in·

137 1541 309 1602 babitabant
322 1549 460 1620 tempore
472 1542 664 1615 Machometi,
680 1552 864 1606 exstructum
883 1545 1056 1606 fortissimis
1073 1543 1165 1600 muris
1182 1546 1212 1598 et
1227 1536 1308 1598 aedi-

138 1646 222 1716 fiens,
249 1653 282 1706 ut
311 1649 415 1707 ruinae
446 1645 661 1707 demonstrant.
708 1648 780 1709 lnde
812 1652 840 1708 in
863 1648 943 1708 aliud
966 1654 1112 1719 castrum,
1144 1642 1225 1721 quod
1242 1641 1309 1702 Sol·

138 1748 233 1809 danus
264 1750 416 1818 inhabitat,
446 1752 661 1828 processimus,
691 1752 740 1810 nbi
771 1769 825 1830 per
853 1750 906 1810 Xll
934 1757 1035 1831 portas
1057 1748 1169 1807 ierreas
1191 1743 1310 1823 ingredi

138 1858 266 1930 oportet,
284 1859 444 1930 antequam
461 1853 498 1913 ad
514 1854 679 1914 Soldauum
695 1858 822 1917 venitur.
847 1855 904 1916 Per
919 1856 971 1916 bas
986 1851 1148 1913 introducti
1163 1852 1262 1927 ipsum
1278 1849 1310 1907 in

137 1954 246 2015 throno
277 1958 361 2032 regio
397 1955 526 2017 vidimus
557 1957 742 2018 residentem
772 1961 802 2018 in
832 1961 942 2019 vestitu
970 1955 1123 2023 candido,
1157 1959 1188 2013 et
1218 1951 1309 2030 pluri·

138 2075 204 2118 mos
233 2056 420 2119 Mamalucos
449 2063 479 2120 in
509 2061 614 2121 ordine
644 2080 699 2122 suo
730 2081 800 2123 cum
829 2063 923 2123 multa
953 2061 1108 2139 disciplina
1135 2061 1310 2116 reverenter

137 2164 237 2243 ipsum
267 2164 506 2226 circumstantes.
553 2167 594 2227 lbi
625 2171 715 2228 etiam
743 2170 845 2246 piures
869 2166 992 2243 antiqui,
1024 2178 1127 2241 graves
1155 2167 1185 2219 et
1200 2157 1308 2217 maturi

137 2267 193 2326 viri
222 2267 301 2327 circa
331 2285 401 2328 eum
430 2270 575 2332 astabant.
622 2269 693 2330 Post
725 2271 875 2331 modicam
906 2271 1010 2330 boram
1039 2266 1121 2327 venit
1156 2261 1308 2338 Tanguar·

138 2366 240 2440 dinus,
285 2372 336 2447 qui
367 2373 490 2449 propius
520 2375 674 2450 ingressus
704 2374 818 2445 fuerat,
851 2381 881 2433 et
906 2372 1024 2432 eductis
1054 2368 1139 2427 nobis
1171 2367 1308 2425 venimus

136 2471 168 2530 in
196 2469 303 2542 iorum,
335 2464 468 2553 amplum
497 2474 602 2545 valde,
632 2477 688 2535 sub
717 2484 820 2536 monte
848 2477 955 2546 castri,
985 2473 1035 2533 ubi
1067 2464 1192 2539 cameli,
1223 2469 1308 2537 asini,

138 2580 169 2633 et
206 2577 276 2652 equi
303 2576 492 2649 venduntur,
531 2596 660 2655 quorum
690 2581 729 2639 ibi
767 2587 837 2638 tunc
873 2581 1001 2638 maxima
1025 2576 1111 2654 copia
1140 2577 1224 2641 erat,
1254 2569 1307 2631 ad-

138 2684 282 2755 erantque
324 2678 444 2757 plurimi
489 2699 524 2741 ex
556 2680 752 2751 Mamalucis,
793 2685 843 2760 qui
881 2699 975 2760 equos
1008 2680 1130 2742 venales
1173 2682 1307 2735 contem-

137 2781 303 2859 plabantur.
349 2781 484 2844 Tandem
512 2792 613 2844 autem
638 2804 707 2846 cum
733 2787 834 2846 labore
862 2787 981 2857 codem,
1012 2787 1089 2845 sicut
1114 2779 1307 2841 bendictum

137 2889 192 2954 est,
214 2883 286 2944 folio
308 2879 359 2948 98.
377 2905 413 2957 a,
438 2889 469 2946 in
495 2888 595 2947 locum
620 2896 756 2948 nostrum
781 2893 953 2952 revenimus
980 2889 1017 2949 ad
1048 2886 1214 2966 prandium,
1240 2889 1309 2964 post

136 2987 292 3066 prandium
323 2987 463 3051 balncum
502 2994 566 3055 sive
597 2995 780 3053 aestuarium
809 2997 936 3072 ingressi
968 3010 1088 3062 summ,
1121 2998 1151 3050 et
1182 3005 1308 3066 corpora

136 3098 237 3151 nostra
267 3091 402 3153 lavimus
449 3093 546 3166 Quam
575 3100 706 3175 pretiosa
738 3106 838 3158 autern
871 3101 929 3158 sint
959 3098 1116 3166 aestuaria,
1148 3100 1178 3153 et
1203 3090 1308 3152 sedula

138 3194 266 3263 servitia,
290 3194 359 3255 vide
389 3216 480 3276 supra
509 3199 559 3258 iol.
591 3195 640 3260 17.
664 3199 699 3259 Α.
732 3199 803 3259 Post
831 3201 1053 3266 balneationem
1084 3200 1207 3259 domum
1238 3214 1306 3257 cum

136 3311 224 3355 servo
255 3300 409 3370 exivimus,
440 3308 470 3360 et
499 3321 554 3380 per
583 3310 706 3382 pategas
737 3309 939 3364 mercatorum
974 3305 1175 3374 transivimus,
1206 3307 1237 3360 et
1266 3301 1307 3361 ita

137 3396 220 3457 diem
249 3399 333 3460 illum
363 3402 550 3466 deduximus.

223 3498 277 3581 (b)
294 3504 349 3565 Die
364 3505 448 3577 XVI,
466 3526 543 3585 quac
566 3517 612 3570 est
639 3509 715 3570 Galli
734 3511 932 3581 Coniessoris‚
956 3511 1110 3589 paululum
1127 3518 1194 3590 post
1207 3513 1306 3572 noctis

134 3603 269 3664 medium
296 3607 374 3668 iacta
398 3609 454 3669 fuit
481 3612 602 3691 eclipsis
625 3614 722 3674 lunae.
768 3614 850 3675 Hanc
877 3615 1003 3694 eclipsin
1029 3633 1088 3674 non
1113 3614 1305 3686 vidissemus,

135 3706 308 3772 dormitioni
337 3721 487 3797 vacantes,
519 3718 576 3776 nisi
600 3717 758 3777 Sarraceni
786 3720 815 3777 in
839 3720 971 3778 turribus
995 3718 1159 3778 clamantes
1180 3726 1216 3778 et
1237 3718 1304 3777 ulu-

134 3811 232 3873 lantes
259 3799 315 3874 nos
347 3820 536 3878 excitassent.
582 3818 747 3898 incipiente
785 3823 865 3880 enim
891 3821 959 3881 luna
986 3821 1128 3900 eclipsari
1152 3822 1305 3882 altissimis

133 3917 256 3976 vocibus
288 3936 385 3996 paene
417 3922 447 3980 in
478 3925 616 3983 omnibus
639 3925 770 3984 turribus
797 3926 964 3987 clamabant
986 3933 1017 3986 et
1042 3926 1223 3987 horribiliter
1238 3926 1304 3986 ulu-

132 4020 233 4081 labant
260 4026 324 4083 suis
355 4026 617 4115 superstitionibus
647 4033 788 4087 vacantes
827 4034 858 4087 et
888 4029 925 4089 ad
949 4048 1000 4090 eas
1027 4029 1100 4091 alios
1129 4033 1303 4091 excitantes.

133 4122 276 4196 Quamvis
307 4133 409 4187 autem
439 4146 560 4210 semper
590 4130 792 4208 superstitiosi
821 4135 889 4206 sint,
919 4136 1082 4213 praecipue
1109 4140 1209 4194 tamen
1225 4139 1303 4194 tem.
