2874 4770
675 147 739 218 tto

122 343 184 389 uon
205 327 319 398 miuus,
343 342 433 404 mam
456 327 512 387 tria
534 345 596 387 nou
618 341 709 403 parva
729 325 867 389 milliaria
883 326 1097 399 alemannica
1121 325 1310 390 videbantur

122 429 197 490 mibi
218 446 287 489 esse
310 431 443 508 quinque
465 447 539 508 prae
562 428 662 490 taedio
685 431 761 490 viae.
781 430 857 491 .lvit
872 449 945 510 ergo
961 431 1061 494 Halliu
1076 432 1108 490 iu
1124 431 1309 504 tumultum,

123 531 180 595 sed
202 531 275 595 dum
295 532 423 595 vidisset
444 541 648 595 mercatorum
671 536 929 596 concertationem
951 553 1006 614 pru
1030 533 1172 605 camelis,
1192 532 1308 611 despe-

124 637 224 708 rabat,
248 654 308 714 quo
331 638 417 698 nobis
440 638 548 699 cameli
570 640 688 717 possint
710 638 854 709 inveniri,
885 640 1054 699 eratenim
1084 654 1198 714 magua
1225 639 1310 698 iuter

124 745 309 800 mercatores
326 744 512 803 concertatio
536 748 566 802 et
590 741 717 819 quilibet
738 741 858 802 volebat
879 744 963 821 prior
985 758 1053 803 esse
1076 743 1108 800 in
1124 742 1308 818 receptione

124 861 227 904 rerum
250 848 281 903 et
303 861 425 906 suarum
446 847 611 906 bestiarum
632 845 818 927 oneratione.
850 845 943 907 Venit
957 862 1030 925 crgo
1045 843 1160 913 Halliu,
1187 843 1308 915 dicens,

124 965 181 1008 uos
204 966 265 1008 non
288 967 379 1027 posse
401 949 459 1010 boc
483 948 532 1010 die
554 949 666 1009 habere
688 950 800 1009 bestias
817 956 942 1028 propter
956 948 1156 1027 multiplicem
1172 965 1308 1009 onerum

125 1055 157 1112 et
178 1058 381 1114 mercatorum
403 1053 670 1131 importunitatem.
716 1049 783 1122 Quo
807 1050 910 1113 audito
933 1054 1037 1114 tristes
1061 1050 1162 1113 effecti
1186 1071 1308 1124 sumus,

125 1155 181 1219 sed
204 1159 305 1217 statim
327 1162 462 1233 resumta
494 1157 593 1215 auimo
617 1156 803 1236 expertiores
834 1154 872 1216 de
902 1158 989 1218 uobis
1021 1157 1130 1216 timore
1160 1154 1308 1235 deposito

126 1260 164 1322 ad
192 1262 369 1322 camelarios
404 1265 599 1321 accesserunt
630 1260 791 1338 loquentes
825 1262 870 1335 eis
899 1259 937 1320 de
967 1265 1069 1320 nostra
1094 1260 1125 1319 in
1151 1256 1307 1320 Alexand-

126 1366 202 1426 riam
224 1364 365 1425 ductione
389 1369 420 1425 et
442 1364 553 1424 multos
576 1365 757 1441 reperimus,
791 1365 843 1442 qui
870 1364 966 1446 parati
995 1368 1081 1423 erant
1108 1380 1164 1422 nos
1189 1361 1307 1423 ducere

126 1476 158 1531 et
179 1471 275 1548 magis
297 1468 456 1529 voluntarii
479 1466 517 1528 ad
540 1466 769 1546 suscipiendum
790 1484 863 1539 nos,
886 1480 976 1544 quam
998 1482 1104 1527 saccos
1120 1466 1308 1544 specierum,

126 1575 195 1652 quia
218 1571 339 1634 levioris
363 1588 483 1632 eramus
506 1572 606 1632 oneris
630 1577 660 1632 et
684 1573 827 1651 gravioris
852 1573 948 1651 pretii.
992 1569 1099 1645 ¹Plures
1122 1586 1196 1647 ergo
1214 1568 1307 1629 dese-

125 1683 227 1738 rentes
249 1681 435 1736 mercatores
467 1674 506 1735 ad
539 1693 594 1735 uos
628 1681 862 1747 concurrerunt,
896 1680 1020 1753 propter
1053 1672 1133 1751 quod
1166 1672 1308 1733 mirabile

126 1779 304 1842 disturbium
327 1784 427 1839 ortum
448 1783 498 1838 est
520 1797 632 1860 novum
654 1781 734 1840 iuter
755 1785 942 1840 mercatores
966 1783 996 1838 et
1013 1776 1200 1837 camelarius.
1235 1776 1307 1837 Ele-

125 1884 224 1960 gimus
248 1899 319 1961 ergo
344 1899 380 1942 ex
403 1881 541 1942 omnibus
565 1880 715 1961 quendam
735 1899 902 1961 pauperem
919 1879 1113 1961 camelarium
1128 1897 1199 1939 cum
1217 1881 1308 1958 quiu-

127 2002 186 2064 que
210 1983 331 2045 camelis
355 1991 386 2046 et
410 1987 609 2046 conventione
632 1986 711 2046 iacta
733 1989 844 2047 bestias
866 1987 1073 2069 oneravimus,
1105 2001 1175 2044 cum
1201 1990 1308 2044 autern

122 2085 193 2166 jam·
208 2104 337 2166 pergere
359 2088 524 2159 vellemus,
548 2096 744 2151 accurrerunt
765 2091 976 2168 negociatores
999 2088 1157 2149 Sarraceni
1180 2093 1210 2148 et
1237 2105 1308 2148 curn

126 2210 236 2272 magna
266 2192 343 2254 iuria
373 2210 421 2253 res
453 2201 571 2254 nostras
603 2192 641 2255 de
674 2193 799 2254 camelis
829 2192 1014 2270 rejecerunt,
1048 2191 1308 2271 camelariumque

128 2306 159 2362 ct
173 2316 245 2360 suos
260 2299 494 2361 verberaverunt
509 2306 541 2361 et
555 2301 638 2378 ipsus
660 2298 792 2360 camelos
810 2296 847 2358 ad
862 2313 984 2359 suarum
1000 2298 1148 2358 mercium
1164 2297 1307 2358 cumulos

128 2403 277 2465 duxeruut
301 2410 332 2469 et
355 2402 549 2466 camelarium
572 2410 739 2483 coegerunt
754 2403 902 2463 mercium
916 2405 1072 2480 suscipere
1089 2417 1191 2461 onera.
1227 2400 1307 2462 Cae·

127 2514 227 2570 terum
248 2496 323 2570 alios
346 2512 438 2570 etiam
461 2510 652 2581 camelarius,
687 2511 737 2587 qui
760 2506 797 2568 ad
819 2523 875 2566 uos
898 2512 1106 2578 accesserant,
1136 2512 1169 2565 ut
1193 2523 1306 2568 conve-

127 2615 229 2674 nirent
255 2613 428 2686 nobiscum,
460 2630 476 2673 a
498 2615 586 2674 nobis
609 2614 852 2691 percussionibus
869 2609 1052 2688 ,repulerunt
1075 2616 1105 2669 et
1136 2627 1206 2670 suas
1236 2628 1307 2671 sus-

129 2720 230 2796 cipere
263 2734 381 2778 merces
413 2724 579 2793 coegeruut
602 2723 638 2776 et·
654 2719 733 2778 inter
755 2716 830 2776 haec
852 2716 931 2776 facta
953 2714 1010 2775 fuit
1032 2719 1094 2774 tam
1117 2731 1204 2775 saeva
1231 2733 1307 2776 con·

128 2820 238 2889 tentio,
269 2825 303 2878 ut
326 2836 360 2879 se
383 2819 513 2879 invicem
537 2817 667 2877 cultellis
691 2824 722 2878 et
744 2821 925 2898 pugionibus
958 2819 1081 2880 laedere
1112 2823 1307 2879 conarentur.

127 2921 165 2983 Et
185 2924 217 2981 in
239 2920 286 2980 his
309 2923 447 2984 omnibus
463 2939 518 2981 nos
535 2920 754 2983 sedimuseum
771 2924 891 2984 silentio
908 2931 938 2984 et
960 2926 1084 2995 timore,
1106 2939 1165 2984 nec
1180 2939 1310 2982 manum

128 3024 295 3095 movimus,
327 3042 367 3086 ue
397 3018 532 3085 furorem
564 3041 653 3084 suum
682 3027 712 3086 in
745 3045 800 3087 nus
833 3033 995 3088 verterent.
1041 3026 1178 3088 Vidimus
1202 3032 1308 3086 taureu

129 3127 189 3187 boc
210 3127 305 3204 litigio
328 3145 394 3188 rem
407 3132 586 3189 memoratu
610 3125 740 3205 diguam.
781 3130 848 3190 Duo
874 3130 1003 3207 juvenes
1033 3131 1122 3192 simul
1145 3127 1241 3208 (123
1260 3127 1308 3209 a)

130 3230 204 3293 dure
229 3229 451 3292 contendebant
473 3236 504 3292 et
525 3234 555 3292 in
578 3238 694 3293 tanturn
718 3252 751 3294 se
773 3235 873 3296 verbis
904 3236 1119 3314 provocabant,
1151 3232 1232 3310 quud
1267 3232 1309 3293 ad

36 3388 38 3393 .
130 3334 254 3398 verbera
276 3333 433 3396 inferenda
457 3335 513 3396 sibi
535 3337 665 3397 invicem
681 3356 714 3398 se
738 3340 889 3417 parabant,
914 3356 1043 3416 cumque
1059 3338 1309 3416 congressionem

129 3438 229 3499 lacere
251 3438 380 3510 vellent,
405 3440 491 3501 ambo
515 3436 641 3502 exemtis
665 3443 862 3521 pugionibus,
894 3443 1001 3520 quibus
1026 3443 1155 3504 accincti
1176 3439 1308 3514 fuerant,

131 3559 184 3603 eos
206 3543 325 3620 longius
349 3558 366 3602 u
388 3561 421 3602 se
445 3544 637 3622 projecerunt
661 3553 691 3607 et
713 3548 753 3607 ita
777 3548 843 3606 siue
858 3544 939 3605 ferro
953 3546 1106 3605 irruerunt
1119 3548 1148 3605 in
1165 3546 1306 3616 invicem,

130 3647 238 3724 pugnis
261 3663 295 3706 se
318 3649 523 3725 percutientes
548 3658 578 3710 et
600 3650 749 3727 unguibus
774 3648 935 3728 digitorum
950 3667 983 3709 se
999 3649 1184 3722 lacerantes,
1208 3666 1307 3728 usque

131 3765 191 3828 quo
214 3749 402 3820 abinvicem
425 3751 546 3812 fuerunt
569 3752 704 3813 detracti.
751 3753 816 3814 Hoc
840 3755 953 3813 nostris
978 3751 1122 3814 militibus
1148 3754 1307 3816 videbatur

130 3857 247 3936 puerile
265 3864 301 3939 et
322 3856 477 3929 muliebre,
502 3860 619 3920 seilicet
640 3859 774 3938 gladium
791 3876 806 3918 a
823 3875 857 3921 se
879 3874 1037 3919 removere
1060 3859 1091 3917 in
1111 3857 1202 3919 bello.
1241 3856 1305 3917 Sed

131 3957 203 4019 mihi
225 3961 324 4020 visum
345 3959 400 4021 fuit
423 3962 536 4023 bellurn
559 3963 643 4024 virile
668 3971 698 4023 et
722 3963 913 4033 rationabile,
937 3963 968 4021 iu
984 3980 1043 4040 quo
1059 3969 1186 4040 uterque
1201 3961 1305 4021 locum

130 4061 234 4123 habuit
256 4080 290 4123 se
313 4064 482 4125 vindicandi
505 4064 542 4131 de
566 4064 675 4143 injuria
697 4068 762 4128 sine
777 4068 906 4127 hominis
923 4066 1122 4127 exstinctione
1138 4071 1169 4125 et
1184 4082 1304 4144 perem-

130 4169 228 4240 tione,
261 4169 391 4250 ingentis
415 4171 497 4230 enirn
518 4170 643 4233 sceleris
667 4173 781 4233 crirneu
803 4175 944 4251 reputant
966 4171 1153 4234 occisionem
1174 4169 1305 4231 hominis
