2902 4710
726 93 812 165 roa
1151 142 1239 203 ,.,

171 292 240 349 eos,
263 281 294 337 et
318 271 548 336 aedificaverunt
570 277 680 352 pontes
704 270 742 333 ad
757 268 811 331 Lx
832 269 945 332 insillas
968 287 1024 349 per
1046 269 1205 330 circuitum
1218 265 1351 330 Rivoalti

167 379 319 460 jacentes,
353 380 385 438 in
408 377 516 455 quibus
539 376 685 437 ecclesias
709 382 740 436 et
763 374 875 454 templa
908 380 938 434 et
960 376 1058 452 regias
1090 390 1125 434 ac
1150 372 1351 451 amplissimas

172 482 264 544 aedes
288 487 318 542 et
342 479 464 559 grandia
494 475 684 543 monasteria
700 479 933 541 aedificaverunt
963 483 993 538 et
1022 476 1162 557 pontibus
1187 473 1350 552 conjunxe-

171 592 255 657 runt,
286 586 342 656 ita,
377 590 410 645 ut
433 584 522 644 unius
545 585 674 646 civitatis
698 601 767 644 esse
792 599 902 662 corpus
924 581 1093 652 videretur,
1124 580 1260 658 quemvis
1291 580 1352 639 sint

64 699 75 739 'r
171 690 281 770 plures
297 687 455 749 distinctae
479 687 739 759 civitatiunculae‚
768 703 824 765 per
846 684 959 747 canalia
982 684 1083 746 media
1102 682 1226 760 junctae
1250 690 1352 743 tamen

171 793 310 872 pontibus
334 790 443 852 multis
458 788 585 869 lapideis
602 797 632 853 et
646 790 764 870 ligneis.
796 787 883 851 Unde
903 808 964 850 non
988 791 1087 851 solum
1109 808 1183 850 usus
1200 805 1349 867 gramma·

171 900 302 959 ticorum
318 896 444 976 privavit
459 913 570 956 nomen
594 896 674 957 illius
697 895 779 956 urbis
797 896 941 973 singulari
956 911 1097 963 numero,
1124 895 1202 953 sieut
1225 894 1352 971 contigit

174 1003 286 1064 civitati
309 1000 511 1070 Athenarum,
544 998 598 1059 sed
624 999 715 1060 etiarn
738 999 827 1068 realis
852 997 995 1069 habitudo
1018 998 1099 1058 illius
1132 998 1215 1059 urbis
1248 1004 1351 1057 osteu-

172 1105 230 1178 dit,
272 1122 339 1165 eam
373 1120 478 1165 carere
515 1101 659 1180 singulari
695 1119 841 1174 numero,
880 1095 1008 1181 utnon
1044 1101 1179 1163 dicamus
1212 1099 1350 1174 Venetia,

170 1208 331 1280 Venetiae,
365 1204 420 1266 sed
447 1198 611 1276 Venetiae,
644 1204 854 1277 venetiarum,
889 1224 958 1266 cum
989 1205 1049 1267 sint
1083 1205 1186 1286 plures
1216 1207 1351 1266 civitates

171 1314 260 1373 unius
283 1312 421 1373 civitatis.
468 1308 610 1381 Quamvis
634 1315 735 1370 autem
758 1311 828 1370 urbs
859 1304 910 1370 illa
932 1311 971 1371 sit
993 1310 1200 1390 multipliciter
1222 1327 1277 1387 per
1300 1326 1350 1370 ca·

170 1416 248 1476 nalia
264 1415 418 1485 distinct-a,
433 1411 605 1493 principalis
622 1419 723 1473 tamen
740 1412 846 1474 divisio
862 1411 929 1489 ejus
945 1420 992 1474 est
1007 1432 1062 1493 per
1078 1413 1351 1504 canale-magnum,

172 1518 255 1599 quod
271 1519 356 1597 quasi
372 1517 502 1579 mediam
519 1517 625 1578 urbem
641 1522 734 1577 secat.
766 1515 800 1577 ln
823 1534 882 1578 una
898 1525 982 1597 parte
999 1523 1046 1579 est
1061 1516 1192 1581 ecclesia
1208 1516 1239 1584 S.
1253 1513 1351 1589 Marci

171 1641 240 1684 cum
274 1621 358 1687 ducis
389 1620 511 1701 palatio.
533 1625 565 1680 et
596 1619 742 1681 latissima
773 1621 889 1700 platea,
920 1628 952 1684 et
981 1629 1101 1700 praeter
1128 1623 1228 1701 regias
1258 1609 1350 1682 aedes

172 1726 231 1788 duo
265 1731 432 1787 conventus
462 1721 708 1785 Praedicatorum
740 1731 772 1785 et
806 1725 965 1788 archanale
1001 1731 1031 1786 et
1052 1726 1183 1788 sonticus
1206 1724 1350 1788 Teutoni·

172 1847 277 1890 corum
310 1832 341 1888 et
371 1825 465 1888 multa
494 1826 560 1886 alia.
612 1825 660 1887 ln
681 1828 738 1889 alia
764 1846 837 1896 vero
866 1837 952 1909 parte
985 1837 1032 1891 est
1061 1832 1247 1903 Rivoaltum,
1279 1849 1350 1892 cum

171 1931 277 2011 grandi
299 1930 365 1991 loro
389 1937 419 1991 et
441 1930 557 2009 platea,
582 1937 612 1992 et
637 1937 805 1993 conventus
829 1922 955 1994 fratrum
978 1932 1130 2016 Minorem
1152 1950 1296 2013 maguus,
1320 1939 1351 1993 et

172 2035 264 2095 multa
288 2034 345 2095 alia
359 2033 541 2096 monasteria
565 2038 596 2093 et
617 2035 750 2112 ingentia
770 2035 923 2106 aedilicia,
940 2054 1003 2098 nec
1026 2038 1108 2117 loqui
1131 2039 1278 2117 permittit
1300 2053 1350 2097 me

171 2143 291 2216 stupor,
316 2138 387 2200 dum
411 2143 587 2199 convertere
610 2156 659 2199 me
683 2138 752 2202 volo
776 2138 813 2210 ad
836 2141 1014 2219 singularia,
1038 2148 1161 2220 propter
1183 2138 1350 2201 multitudi-

170 2260 258 2314 nem,
283 2241 520 2337 magnitudinem
544 2249 575 2305 et
598 2245 819 2323 pretiositatem
841 2252 1070 2310 structurarum.
1116 2245 1196 2318 Quid
1211 2245 1248 2307 de
1265 2243 1350 2307 ducis

171 2348 282 2428 palatio
297 2347 398 2409 dicere
419 2352 558 2428 possum,
583 2348 692 2421 altum,
716 2342 850 2428 amplum
873 2357 904 2411 et
932 2353 1098 2429 pretiosum
1115 2349 1150 2410 ab
1166 2355 1248 2410 extra
1264 2347 1350 2409 undi-

172 2469 272 2530 quea
295 2471 414 2512 summo
438 2468 534 2529 usque
558 2451 701 2528 deorsum
718 2436 825 2531 'polito
856 2460 887 2514 et
915 2455 997 2515 vario
1022 2467 1170 2514 marmore
1198 2454 1351 2523 restitum,

171 2558 313 2635 pretiosis
337 2557 485 2618 columnis
510 2555 664 2629 fulcitum,
688 2556 834 2628 triclinia,
858 2557 984 2629 solaria,
1008 2556 1187 2639 coenacula,
1212 2572 1350 2633 camerae

172 2666 203 2720 et
226 2666 335 2721 cuncta
357 2660 525 2744 habitacula
547 2678 645 2739 usque
669 2660 706 2722 ad
724 2661 894 2722 cubiculum
911 2660 1148 2732 ducis'lustravi,
1173 2677 1250 2748 quae
1265 2660 1349 2720 miris

171 2766 313 2844 picturis,
344 2781 416 2825 auro
440 2770 471 2826 et
493 2765 644 2824 coloribus
667 2765 809 2842 pretiosis
828 2763 944 2826 ,decora
959 2767 1057 2831 nimis
1080 2770 1206 2826 exstant.
1252 2763 1351 2842 Supra

171 2869 315 2947 palatium
333 2870 368 2930 in
391 2867 451 2928 alto
475 2874 522 2927 est
542 2866 734 2938 viridarium,
764 2848 919 2929 arboribus
943 2870 1197 2947 pomerautiarum
1225 2873 1256 2928 et
1284 2866 1350 2928 aliis

171 2971 308 3050 virgultis
332 2971 501 3031 aromaticis
525 2971 693 3041 consitum3
716 2969 857 3031 similiter
878 2977 909 3031 et
932 2956 1008 3034 aliae
1024 2973 1133 3035 domus
1155 2973 1251 3052 polito
1273 2989 1351 3032 mar·

172 3093 258 3136 more
282 3077 390 3145 nitent,
423 3075 517 3153 magis
542 3080 643 3133 autem
666 3076 785 3153 regiae,
817 3092 893 3153 quae
916 3076 1013 3137 modo'
1031 3076 1241 3147 aedificantur,
1273 3091 1351 3153 quae

171 3198 232 3242 non
249 3178 348 3240 solum
364 3178 460 3256 polito
482 3195 632 3238 marmore
649 3180 792 3250 elveno,
816 3179 872 3240 sed
899 3197 971 3241 auro
994 3180 1124 3258 fulgent,
1148 3198 1207 3259 quo
1223 3180 1351 3241 vestitae

171 3289 258 3354 sunt,
283 3282 436 3362 cybariae‚
461 3299 548 3343 arcus
573 3288 603 3343 et
628 3284 775 3355 culmina,
799 3283 924 3345 modum
948 3286 1029 3345 enirn
1051 3285 1170 3361 virtutis
1192 3286 1224 3344 in
1246 3281 1350 3343 aedili·

171 3389 226 3449 ciis
256 3387 427 3448 notabiliter
457 3385 628 3458 excedunt,
665 3387 804 3449 volentes
836 3405 1004 3466 coaequare
1039 3387 1160 3450 exilium
1195 3384 1351 3466 paradiso,

170 3490 250 3552 unde
267 3489 359 3551 Turci
382 3489 477 3551 etalii
501 3489 640 3552 inlideles
663 3489 802 3551 videntes
819 3491 874 3551 has
898 3492 1050 3553 mirandas
1073 3496 1240 3552 structuras
1263 3505 1350 3548 scan-

171 3592 335 3655 dalizantur
362 3599 392 3654 et
416 3598 545 3670 arguunt
568 3610 604 3654 er
627 3593 700 3666 boo,
726 3593 912 3672 Christianos
935 3595 1008 3655 nihil
1031 3593 1069 3654 de
1091 3593 1192 3654 lutura
1213 3593 1275 3654 rita
1297 3609 1351 3652 cu·

169 3712 236 3757 rare
260 3703 292 3756 et
314 3713 446 3774 sperare.
492 3696 528 3757 Et
551 3702 585 3778 ut
607 3698 698 3759 finem
721 3697 831 3761 faciam
854 3698 892 3760 de
915 3682 1027 3779 primo,
1061 3697 1236 3768 sciendum,
1270 3695 1352 3774 quod

170 3805 289 3878 septem
311 3793 424 3859 iaciant
444 3798 653 3862 fundationem
676 3802 756 3863 illius
780 3805 864 3865 urbis
888 3804 1058 3866 celebrem:
1086 3797 1115 3880 1)
1133 3801 1202 3879 quia
1224 3805 1352 3860 nonest

169 3900 293 3963 fundata
315 3903 345 3962 in
369 3907 468 3974 terra,
493 3905 573 3964 sicut
596 3904 671 3966 aliae
686 3906 791 3968 mundi
813 3903 963 3980 civitates,
986 3906 1042 3968 sed
1063 3907 1095 3966 in
1117 3906 1211 3976 mari;
1234 3900 1266 3982 2)
1290 3920 1352 3964 non

170 4010 217 4065 est
240 4003 395 4066 aedificata
417 4024 435 4066 a
456 4008 606 4085 tyrannis,
632 4009 710 4069 sicut
719 4009 848 4082 Ninive,
870 4007 1051 4089 Babylonia,
1075 4007 1131 4071 sed
1153 4026 1171 4070 a
1192 4005 1351 4087 tyrannide

168 4107 371 4187 fugientibus;
394 4104 428 4188 3)
452 4117 583 4192 nonest
606 4111 762 4175 aedificata
783 4131 801 4175 a
822 4113 1003 4188 latronibus,
1027 4111 1212 4194 raptoribus,
1235 4110 1351 4191 ignobi·
