2874 4770
687 165 751 234 iii)

128 346 161 406 in
182 342 294 407 blartio
324 344 357 405 in
385 342 490 405 nidum
519 345 621 422 ipsum
651 345 727 413 ruit,
754 349 786 403 et
816 357 852 402 se
873 340 966 401 radiis
989 339 1180 404 ferventibus
1202 341 1313 421 objicit

128 447 217 519 solis,
239 455 271 509 et
292 447 360 509 illos
382 447 607 526 resplendenti:
630 463 799 524 penuamm
812 446 992 526 multiplicat
1013 454 1046 507 et
1064 447 1181 508 alarum
1198 449 1309 526 plausu

127 551 330 615 voluntarium
351 551 408 611 sibi
431 552 524 610 nutrit
554 546 729 610 incendium
757 555 790 608 et
812 549 946 609 incensis
968 549 1057 628 lignis
1080 568 1115 612 se
1139 570 1213 614 cum
1237 551 1307 612 nido

127 658 275 719 incinerat
303 655 409 734 sicque
432 657 542 716 iterum
564 654 602 717 de
625 654 778 714 cineribus
799 655 864 714 suis
893 657 1033 733 resurgit.
1077 656 1114 718 Et
1138 657 1198 718 boc
1223 677 1305 718 com·

127 763 259 824 munitor
280 762 311 821 in
332 759 441 822 Arabia
462 759 550 830 iacit,
573 760 710 838 quamvis
725 760 803 819 etin
817 757 970 839 Aegypto,
994 768 1028 821 ut
1042 759 1168 833 dicium,
1190 761 1305 821 iactum

128 869 178 928 sit.
223 867 352 945 Denuo
376 866 467 926 etiam
488 863 646 934 Albertus,
667 862 720 922 ubi
742 879 843 941 supra,
867 866 1054 925 mentionem
1072 863 1154 936 iacit,
1178 871 1211 925 et
1233 863 1301 924 isid.

128 978 161 1034 et
174 971 260 1033 Amb.
278 977 309 1032 et
324 969 448 1031 Manus.
479 966 582 1028 Tradit
598 967 756 1028 Cornelius
772 967 912 1029 Valerius
926 975 1063 1047 ternpore
1080 967 1198 1029 Claudii
1221 972 1301 1050 prin-

129 1078 229 1156 cipem
244 1075 426 1154 phoenicem
441 1072 559 1134 volasse
569 1072 601 1133 in
613 1070 795 1162 Aegyptum,
811 1072 843 1133 et
857 1073 898 1133 ibi
915 1080 1036 1152 captum
1052 1069 1108 1154 (lb)
1120 1074 1218 1135 inisse
1231 1077 1303 1134 etin

126 1183 235 1243 urbem
249 1180 377 1241 Romam
388 1176 511 1264 allatum
526 1176 709 1256 imperatori.
741 1173 902 1255 Templum
912 1193 985 1255 ergo
994 1177 1301 1256 phoenicisinlielio-

125 1289 186 1369 poli
209 1307 269 1349 non
285 1289 412 1358 corruit,
436 1287 506 1364 quia
520 1291 668 1346 sanctum.
707 1280 846 1344 Creditur
864 1287 973 1357 etiam,
995 1282 1077 1363 quod
1102 1285 1191 1345 beata
1208 1283 1300 1360 Virgo

126 1394 240 1473 degens
256 1394 287 1453 in
304 1389 442 1471 Aegypto
458 1406 553 1468 prope
563 1388 711 1466 templum
725 1388 783 1447 hoc
798 1387 1012 1450 habitationem
1026 1387 1166 1448 habuerit
1181 1394 1300 1466 septem

125 1501 220 1561 annis.
266 1496 343 1557 Sunt
374 1497 455 1557 enim
486 1511 544 1554 uua
576 1495 681 1554 civitas
714 1492 898 1571 Heliopolis,
928 1490 1141 1573 Hermopolis,
1173 1490 1299 1561 Busiris,

126 1603 273 1681 Caymm,
296 1599 473 1679 Babylonia,
496 1597 634 1669 Thebea,
657 1595 811 1669 Massora,
826 1595 994 1678 Memphis,
1017 1604 1050 1659 nt
1072 1595 1192 1675 plenius
1209 1609 1300 1673 snpra

124 1702 471 1770 mfflwfflm

213 1808 321 1869 Omnia
343 1825 416 1886 ergo
438 1805 519 1868 idola
541 1822 596 1885 per
613 1803 722 1865 Christi
745 1805 918 1882 ingressum
940 1801 1062 1865 luerunt
1083 1812 1246 1885 prostrata,
1270 1812 1301 1866 et

123 1914 297 1975 successive
332 1912 431 1972 omnis
453 1908 643 1971 immunditia
666 1909 702 1969 ab
723 1906 862 1986 Aegypto
886 1908 1055 1981 eliminata,
1087 1912 1142 1981 ita,
1166 1911 1298 1973 utillud

123 2016 328 2080 Romanorum
349 2015 386 2076 V.
410 2014 569 2094 impletum
591 2015 646 2085 sit,
669 2012 720 2072 ubi
742 2010 995 2090 superabundavit
1015 2002 1180 2087 delictum,
1206 2032 1298 2093 supe·

122 2120 299 2183 rabundavit
322 2124 352 2182 et
375 2121 478 2198 gratia.
523 2116 619 2179 Terra
641 2118 722 2176 enim
754 2114 805 2174 illa
834 2132 906 2193 prae
938 2115 1004 2176 aliis
1027 2117 1187 2180 abundavit
1209 2120 1298 2180 terris

122 2229 153 2290 in
176 2228 375 2308 martyribus,
398 2226 429 2287 in
452 2224 643 2297 doctoribus,
666 2224 698 2284 in
721 2221 960 2294 confessoribus,
995 2223 1150 2285 monachis
1184 2228 1223 2284 et·
1238 2225 1298 2285 vir·

123 2335 249 2415 ginibns.
413 2317 416 2323 Δ

208 2438 308 2500 Primo
324 2437 483 2500 abundavit
505 2439 536 2499 in
558 2435 754 2516 martyribus,
778 2432 819 2494 ibi
843 2433 923 2494 enim
941 2433 1092 2494 innumeri
1108 2434 1195 2512 pueri
1211 2434 1298 2494 inno-

122 2550 227 2607 centes
251 2545 350 2605 necati
371 2542 493 2604 luerunt
516 2558 533 2601 a
555 2541 709 2602 Pharaone
735 2536 887 2609 chencre,
912 2539 978 2616 qni,
1001 2543 1035 2597 ut
1057 2539 1247 2616 opprimeret
1269 2543 1299 2598 et

122 2647 295 2710 humiliaret
318 2647 455 2706 seniores
476 2644 553 2706 filios
571 2640 680 2716 lsrael,
703 2642 865 2704 infantulos
888 2643 918 2702 in
942 2639 1055 2703 flumen
1071 2639 1164 2719 jussit
1179 2644 1298 2724 projici,

122 2750 216 2814 Exodi
238 2749 260 2810 l.
284 2756 316 2809 et
337 2747 372 2808 ll.
407 2747 443 2808 Et
465 2753 586 2825 praeter
615 2745 672 2806 hoe
701 2748 777 2807 mira
800 2745 986 2823 malignitate
1010 2744 1157 2807 desaeviit
1188 2749 1220 2807 in
1243 2767 1297 2827 po-

121 2855 241 2935 pulum,
274 2868 332 2913 neo
360 2852 458 2929 potnit
481 2848 547 2926 ejus
571 2851 694 2912 saevitia
724 2851 853 2928 mitigari
882 2851 1019 2910 maximis
1052 2850 1207 2912 miraculis
1240 2870 1298 2914 nec

123 2955 292 3020 durissimis
315 2955 427 3034 plagis,
449 2959 483 3015 ut
503 2960 588 3031 patet
610 2953 703 3015 Erod.
726 2959 781 3033 per
804 2961 910 3015 toturn.
954 2953 989 3014 ln
1010 2952 1149 3034 Aegypto
1174 2955 1233 3016 tuit
1255 2957 1297 3017 la-

121 3060 242 3142 pidatus
271 3057 419 3119 ieremias
451 3059 597 3137 propheta
628 3076 645 3120 a
674 3061 736 3119 suis
770 3058 984 3120 contribulibus
1013 3057 1136 3121 ludaeis
1171 3067 1298 3140 propter

120 3166 256 3228 veritatis
279 3165 529 3236 annullationem,
562 3181 652 3242 quem
682 3164 811 3243 gentiles
835 3164 975 3244 Aegyptii
1004 3164 1168 3226 honorifice
1204 3182 1297 3245 sepe-

121 3270 232 3331 lierunt
250 3267 335 3347 juxto
350 3267 481 3329 tumulos
509 3285 614 3346 regum
637 3284 696 3329 una
714 3266 798 3346 juxta
814 3267 1004 3347 pyramides,
1029 3267 1065 3328 de
1082 3269 1190 3346 quibus
1205 3287 1297 3348 supra

122 3372 173 3434 iol.
198 3369 249 3437 79.
274 3372 387 3437 dietum
410 3381 466 3435 est.
513 3373 657 3436 Oratione
682 3375 762 3436 enim
784 3392 839 3435 sua
854 3373 1009 3453 fugaverat
1032 3391 1048 3434 a
1070 3380 1150 3435 terra
1173 3375 1297 3453 aspides

122 3483 153 3538 et
169 3475 359 3550 cocodrillus,
376 3481 427 3556 qui
444 3479 533 3539 nimis
549 3469 739 3542 increverant
762 3486 796 3567 et
809 3479 954 3557 populum
971 3479 1131 3557 gravabant
1145 3481 1295 3551 marime;

123 3589 154 3643 et
176 3582 244 3643 ideo
267 3583 396 3662 populus
420 3603 537 3646 mernor
558 3585 696 3646 beneficii
721 3602 791 3646 eum
813 3585 968 3664 sepelivit,
1002 3600 1093 3661 quem
1115 3588 1217 3642 terrun
1240 3601 1295 3661 po-

120 3692 187 3747 stea
208 3686 377 3749 Alexander
399 3685 526 3767 Magnus
559 3688 755 3750 extumulavit
783 3695 814 3749 et
836 3690 867 3748 iu
897 3685 1107 3747 Alexandriani
1131 3686 1295 3746 transtulit.

121 3789 239 3851 Dicitur
261 3801 379 3864 autem,
404 3791 483 3870 quod
506 3791 597 3854 bodie
620 3791 720 3871 pulvis
742 3799 841 3854 terrae
864 3792 937 3861 loci,
962 3790 1013 3850 ubi
1028 3789 1175 3869 propheta
1190 3789 1295 3867 sepul-

120 3900 170 3955 tus
193 3894 306 3967 iuerat,
336 3903 422 3957 sanet
455 3914 574 3958 morsus
608 3901 784 3975 serpentum
807 3901 837 3956 et
860 3894 981 3973 aspidis.
1016 3893 1069 3955 'De
1092 3894 1138 3955 his
1160 3891 1305 3970 loquitur·

120 3993 266 4078 Magister
287 3999 317 4061 in
341 3998 474 4080 Speculo
496 4000 602 4061 histor.
625 4000 656 4060 in
679 3999 737 4059 line
760 3998 882 4061 Tobiae.

208 4101 324 4164 Deinde
358 4110 429 4182 post
450 4102 561 4164 Christi
589 4109 718 4163 mortem
740 4105 807 4181 quis
836 4119 996 4166 numerare
1019 4109 1124 4183 posset
1146 4109 1294 4182 martyres

119 4207 240 4272 oodsos
266 4208 300 4272 io
319 4205 480 4289 Aegypto,
503 4221 632 4288 qoomm
653 4207 845 4287 primicerius
866 4207 982 4269 arsuth
1002 4206 1035 4268 S.
1056 4204 1180 4270 Marcus
1200 4223 1295 4272 evan·
