<?xml version="1.0" encoding="UTF-8"?>
<!DOCTYPE html PUBLIC "-//W3C//DTD XHTML 1.0 Transitional//EN"
    "http://www.w3.org/TR/xhtml1/DTD/xhtml1-transitional.dtd">
<html xmlns="http://www.w3.org/1999/xhtml" xml:lang="en" lang="en">
 <head>
  <title>
</title>
<meta http-equiv="Content-Type" content="text/html;charset=utf-8" />
  <meta name='ocr-system' content='tesseract 3.04.00' />
  <meta name='ocr-capabilities' content='ocr_page ocr_carea ocr_par ocr_line ocrx_word'/>
</head>
<body>
  <div class='ocr_page' id='page_1' title='image "./fratrisfelicisf00fabrgoog_0065.png"; bbox 0 0 2874 4770; ppageno 0'>
   <div class='ocr_carea' id='block_1_1' title="bbox 682 162 730 235">
    <p class='ocr_par' dir='ltr' id='par_1_1' title="bbox 682 162 730 235">
     <span class='ocr_line' id='line_1_1' title="bbox 682 162 730 235; baseline 0 0"><span class='ocrx_word' id='word_1_1' title='bbox 682 162 730 235; x_wconf 80' lang='lat' dir='ltr'><strong>dil</strong></span> 
     </span>
    </p>
   </div>
   <div class='ocr_carea' id='block_1_2' title="bbox 123 340 1310 2078">
    <p class='ocr_par' dir='ltr' id='par_1_2' title="bbox 123 340 1310 2078">
     <span class='ocr_line' id='line_1_2' title="bbox 123 340 1310 414; baseline -0.002 -9"><span class='ocrx_word' id='word_1_2' title='bbox 123 350 266 405; x_wconf 84' lang='lat' dir='ltr'><strong>nentem:</strong></span> <span class='ocrx_word' id='word_1_3' title='bbox 296 342 360 406; x_wconf 87' lang='lat' dir='ltr'><strong>Iler</strong></span> <span class='ocrx_word' id='word_1_4' title='bbox 382 342 519 406; x_wconf 81' lang='lat' dir='ltr'><strong>Accaron</strong></span> <span class='ocrx_word' id='word_1_5' title='bbox 542 343 618 405; x_wconf 87' lang='lat' dir='ltr'><strong>Duci</strong></span> <span class='ocrx_word' id='word_1_6' title='bbox 647 359 789 405; x_wconf 89' lang='lat' dir='ltr'><strong>caesareo</strong></span> <span class='ocrx_word' id='word_1_7' title='bbox 821 343 966 414; x_wconf 88' lang='lat' dir='ltr'><strong>salntcm;</strong></span> <span class='ocrx_word' id='word_1_8' title='bbox 1000 340 1172 403; x_wconf 86' lang='lat' dir='ltr'><strong>Generatio</strong></span> <span class='ocrx_word' id='word_1_9' title='bbox 1207 344 1310 403; x_wconf 89' lang='lat' dir='ltr'><strong>canina</strong></span> 
     </span>
     <span class='ocr_line' id='line_1_3' title="bbox 123 430 1307 529; baseline 0.003 -26"><span class='ocrx_word' id='word_1_10' title='bbox 123 445 214 515; x_wconf 82' lang='lat' dir='ltr'><strong>venit,</strong></span> <span class='ocrx_word' id='word_1_11' title='bbox 239 464 312 524; x_wconf 85' lang='lat' dir='ltr'><strong>gens</strong></span> <span class='ocrx_word' id='word_1_12' title='bbox 336 449 533 517; x_wconf 80' lang='lat' dir='ltr'><strong>contentiosa,</strong></span> <span class='ocrx_word' id='word_1_13' title='bbox 557 452 661 506; x_wconf 87' lang='lat' dir='ltr'><strong>contra</strong></span> <span class='ocrx_word' id='word_1_14' title='bbox 684 430 775 529; x_wconf 53' lang='grc' dir='ltr'><strong>ψη</strong></span> <span class='ocrx_word' id='word_1_15' title='bbox 797 463 852 524; x_wconf 91' lang='lat' dir='ltr'><strong>per</strong></span> <span class='ocrx_word' id='word_1_16' title='bbox 874 453 905 506; x_wconf 90' lang='lat' dir='ltr'><strong>le</strong></span> <span class='ocrx_word' id='word_1_17' title='bbox 929 452 961 506; x_wconf 89' lang='lat' dir='ltr'><strong>et</strong></span> <span class='ocrx_word' id='word_1_18' title='bbox 982 463 1039 524; x_wconf 90' lang='lat' dir='ltr'><strong>per</strong></span> <span class='ocrx_word' id='word_1_19' title='bbox 1061 446 1139 506; x_wconf 88' lang='lat' dir='ltr'><strong>alios</strong></span> <span class='ocrx_word' id='word_1_20' title='bbox 1158 445 1307 507; x_wconf 73' lang='lat' dir='ltr'><strong>defendas</strong></span> 
     </span>
     <span class='ocr_line' id='line_1_4' title="bbox 124 530 1307 628; baseline 0.002 -22"><span class='ocrx_word' id='word_1_21' title='bbox 124 552 207 607; x_wconf 90' lang='lat' dir='ltr'><strong>tuam</strong></span> <span class='ocrx_word' id='word_1_22' title='bbox 229 547 337 626; x_wconf 84' lang='lat' dir='ltr'><strong>legem,</strong></span> <span class='ocrx_word' id='word_1_23' title='bbox 360 549 463 611; x_wconf 80' lang='lat' dir='ltr'><strong>indice</strong></span> <span class='ocrx_word' id='word_1_24' title='bbox 482 548 562 609; x_wconf 90' lang='lat' dir='ltr'><strong>idem</strong></span> <span class='ocrx_word' id='word_1_25' title='bbox 581 548 710 628; x_wconf 87' lang='lat' dir='ltr'><strong>urbibus</strong></span> <span class='ocrx_word' id='word_1_26' title='bbox 726 530 808 609; x_wconf 83' lang='lat' dir='ltr'><strong>aliis.</strong></span> <span class='ocrx_word' id='word_1_27' title='bbox 847 549 914 609; x_wconf 91' lang='lat' dir='ltr'><strong>Non</strong></span> <span class='ocrx_word' id='word_1_28' title='bbox 937 547 1037 609; x_wconf 89' lang='lat' dir='ltr'><strong>solum</strong></span> <span class='ocrx_word' id='word_1_29' title='bbox 1062 554 1168 608; x_wconf 90' lang='lat' dir='ltr'><strong>autem</strong></span> <span class='ocrx_word' id='word_1_30' title='bbox 1198 548 1307 608; x_wconf 92' lang='lat' dir='ltr'><strong>hocin</strong></span> 
     </span>
     <span class='ocr_line' id='line_1_5' title="bbox 124 649 1306 733; baseline 0.001 -22"><span class='ocrx_word' id='word_1_31' title='bbox 124 654 331 712; x_wconf 82' lang='lat' dir='ltr'><strong>transmarinis</strong></span> <span class='ocrx_word' id='word_1_32' title='bbox 347 655 480 733; x_wconf 87' lang='lat' dir='ltr'><strong>partibus</strong></span> <span class='ocrx_word' id='word_1_33' title='bbox 495 671 550 731; x_wconf 90' lang='lat' dir='ltr'><strong>per</strong></span> <span class='ocrx_word' id='word_1_34' title='bbox 565 653 728 733; x_wconf 80' lang='lat' dir='ltr'><strong>columbas</strong></span> <span class='ocrx_word' id='word_1_35' title='bbox 743 653 784 724; x_wconf 86' lang='lat' dir='ltr'><strong>lit,</strong></span> <span class='ocrx_word' id='word_1_36' title='bbox 807 652 864 713; x_wconf 91' lang='lat' dir='ltr'><strong>sed</strong></span> <span class='ocrx_word' id='word_1_37' title='bbox 887 653 978 712; x_wconf 91' lang='lat' dir='ltr'><strong>etiam</strong></span> <span class='ocrx_word' id='word_1_38' title='bbox 1000 652 1031 710; x_wconf 93' lang='lat' dir='ltr'><strong>in</strong></span> <span class='ocrx_word' id='word_1_39' title='bbox 1057 649 1146 711; x_wconf 90' lang='lat' dir='ltr'><strong>ltalia</strong></span> <span class='ocrx_word' id='word_1_40' title='bbox 1172 651 1306 729; x_wconf 86' lang='lat' dir='ltr'><strong>quando-</strong></span> 
     </span>
     <span class='ocr_line' id='line_1_6' title="bbox 126 736 1306 837; baseline 0.003 -24"><span class='ocrx_word' id='word_1_41' title='bbox 126 770 187 832; x_wconf 85' lang='lat' dir='ltr'><strong>que</strong></span> <span class='ocrx_word' id='word_1_42' title='bbox 209 754 321 815; x_wconf 87' lang='lat' dir='ltr'><strong>lactum</strong></span> <span class='ocrx_word' id='word_1_43' title='bbox 342 757 436 819; x_wconf 84' lang='lat' dir='ltr'><strong>luisse</strong></span> <span class='ocrx_word' id='word_1_44' title='bbox 460 736 599 837; x_wconf 81' lang='lat' dir='ltr'><strong>legimus.</strong></span> <span class='ocrx_word' id='word_1_45' title='bbox 636 748 849 818; x_wconf 71' lang='lat' dir='ltr'><strong>Nam³’l)ecius</strong></span> <span class='ocrx_word' id='word_1_46' title='bbox 869 756 981 817; x_wconf 89' lang='lat' dir='ltr'><strong>Brutus</strong></span> <span class='ocrx_word' id='word_1_47' title='bbox 1012 755 1146 818; x_wconf 81' lang='lat' dir='ltr'><strong>adnexas</strong></span> <span class='ocrx_word' id='word_1_48' title='bbox 1179 757 1306 836; x_wconf 87' lang='lat' dir='ltr'><strong>pedibus</strong></span> 
     </span>
     <span class='ocr_line' id='line_1_7' title="bbox 128 859 1305 940; baseline 0 -20"><span class='ocrx_word' id='word_1_49' title='bbox 128 859 284 921; x_wconf 88' lang='lat' dir='ltr'><strong>columbae</strong></span> <span class='ocrx_word' id='word_1_50' title='bbox 308 863 451 940; x_wconf 77' lang='lat' dir='ltr'><strong>epistolas</strong></span> <span class='ocrx_word' id='word_1_51' title='bbox 474 861 630 923; x_wconf 85' lang='lat' dir='ltr'><strong>obsidione</strong></span> <span class='ocrx_word' id='word_1_52' title='bbox 652 859 819 932; x_wconf 80' lang='lat' dir='ltr'><strong>Mutinensi</strong></span> <span class='ocrx_word' id='word_1_53' title='bbox 840 863 871 921; x_wconf 93' lang='lat' dir='ltr'><strong>in</strong></span> <span class='ocrx_word' id='word_1_54' title='bbox 895 866 993 921; x_wconf 87' lang='lat' dir='ltr'><strong>castra</strong></span> <span class='ocrx_word' id='word_1_55' title='bbox 1016 861 1181 921; x_wconf 86' lang='lat' dir='ltr'><strong>consulum</strong></span> <span class='ocrx_word' id='word_1_56' title='bbox 1216 862 1305 930; x_wconf 89' lang='lat' dir='ltr'><strong>misit,</strong></span> 
     </span>
     <span class='ocr_line' id='line_1_8' title="bbox 127 961 1304 1043; baseline -0.001 -19"><span class='ocrx_word' id='word_1_57' title='bbox 127 961 207 1024; x_wconf 90' lang='lat' dir='ltr'><strong>uude</strong></span> <span class='ocrx_word' id='word_1_58' title='bbox 231 965 423 1043; x_wconf 86' lang='lat' dir='ltr'><strong>proverbium</strong></span> <span class='ocrx_word' id='word_1_59' title='bbox 445 971 546 1026; x_wconf 92' lang='lat' dir='ltr'><strong>ortum</strong></span> <span class='ocrx_word' id='word_1_60' title='bbox 569 963 625 1024; x_wconf 86' lang='lat' dir='ltr'><strong>luit</strong></span> <span class='ocrx_word' id='word_1_61' title='bbox 647 964 737 1024; x_wconf 92' lang='lat' dir='ltr'><strong>illud:</strong></span> <span class='ocrx_word' id='word_1_62' title='bbox 761 963 842 1036; x_wconf 85' lang='lat' dir='ltr'><strong>Quid</strong></span> <span class='ocrx_word' id='word_1_63' title='bbox 855 963 967 1025; x_wconf 85' lang='lat' dir='ltr'><strong>vallum</strong></span> <span class='ocrx_word' id='word_1_64' title='bbox 981 971 1012 1024; x_wconf 91' lang='lat' dir='ltr'><strong>et</strong></span> <span class='ocrx_word' id='word_1_65' title='bbox 1029 964 1155 1043; x_wconf 84' lang='lat' dir='ltr'><strong>vigilum</strong></span> <span class='ocrx_word' id='word_1_66' title='bbox 1178 964 1304 1034; x_wconf 91' lang='lat' dir='ltr'><strong>obsidia,</strong></span> 
     </span>
     <span class='ocr_line' id='line_1_9' title="bbox 128 1064 1301 1147; baseline 0.001 -21"><span class='ocrx_word' id='word_1_67' title='bbox 128 1071 218 1145; x_wconf 84' lang='lat' dir='ltr'><strong>etque</strong></span> <span class='ocrx_word' id='word_1_68' title='bbox 242 1069 333 1128; x_wconf 87' lang='lat' dir='ltr'><strong>etiam</strong></span> <span class='ocrx_word' id='word_1_69' title='bbox 356 1071 431 1129; x_wconf 89' lang='lat' dir='ltr'><strong>retia</strong></span> <span class='ocrx_word' id='word_1_70' title='bbox 455 1073 721 1146; x_wconf 88' lang='lat' dir='ltr'><strong>amne-praetenta</strong></span> <span class='ocrx_word' id='word_1_71' title='bbox 751 1066 893 1147; x_wconf 83' lang='lat' dir='ltr'><strong>profuere</strong></span> <span class='ocrx_word' id='word_1_72' title='bbox 915 1064 1066 1138; x_wconf 80' lang='lat' dir='ltr'><strong>Antonio,</strong></span> <span class='ocrx_word' id='word_1_73' title='bbox 1099 1084 1158 1144; x_wconf 92' lang='lat' dir='ltr'><strong>per</strong></span> <span class='ocrx_word' id='word_1_74' title='bbox 1181 1066 1301 1127; x_wconf 90' lang='lat' dir='ltr'><strong>coelum</strong></span> 
     </span>
     <span class='ocr_line' id='line_1_10' title="bbox 128 1166 1303 1251; baseline -0.002 -18"><span class='ocrx_word' id='word_1_75' title='bbox 128 1177 219 1233; x_wconf 88' lang='lat' dir='ltr'><strong>eunte</strong></span> <span class='ocrx_word' id='word_1_76' title='bbox 242 1172 373 1233; x_wconf 81' lang='lat' dir='ltr'><strong>nuntio?</strong></span> <span class='ocrx_word' id='word_1_77' title='bbox 396 1166 478 1233; x_wconf 89' lang='lat' dir='ltr'><strong>llaec</strong></span> <span class='ocrx_word' id='word_1_78' title='bbox 501 1172 678 1232; x_wconf 84' lang='lat' dir='ltr'><strong>Vincentius</strong></span> <span class='ocrx_word' id='word_1_79' title='bbox 701 1173 732 1232; x_wconf 91' lang='lat' dir='ltr'><strong>in</strong></span> <span class='ocrx_word' id='word_1_80' title='bbox 754 1171 844 1251; x_wconf 89' lang='lat' dir='ltr'><strong>Spec.</strong></span> <span class='ocrx_word' id='word_1_81' title='bbox 868 1170 973 1231; x_wconf 82' lang='lat' dir='ltr'><strong>histor.</strong></span> <span class='ocrx_word' id='word_1_82' title='bbox 1000 1170 1072 1249; x_wconf 89' lang='lat' dir='ltr'><strong>Cap.</strong></span> <span class='ocrx_word' id='word_1_83' title='bbox 1085 1168 1139 1234; x_wconf 86' lang='lat'><strong>55.</strong></span> <span class='ocrx_word' id='word_1_84' title='bbox 1165 1171 1215 1231; x_wconf 93' lang='lat' dir='ltr'><strong>lib.</strong></span> <span class='ocrx_word' id='word_1_85' title='bbox 1244 1167 1303 1241; x_wconf 75' lang='lat'><strong>17„</strong></span> 
     </span>
     <span class='ocr_line' id='line_1_11' title="bbox 128 1273 1304 1354; baseline -0.001 -19"><span class='ocrx_word' id='word_1_86' title='bbox 128 1281 160 1335; x_wconf 89' lang='lat' dir='ltr'><strong>et</strong></span> <span class='ocrx_word' id='word_1_87' title='bbox 183 1276 281 1354; x_wconf 90' lang='lat' dir='ltr'><strong>capite</strong></span> <span class='ocrx_word' id='word_1_88' title='bbox 304 1274 499 1353; x_wconf 87' lang='lat' dir='ltr'><strong>praecedenti</strong></span> <span class='ocrx_word' id='word_1_89' title='bbox 522 1274 613 1336; x_wconf 89' lang='lat' dir='ltr'><strong>dicit:</strong></span> <span class='ocrx_word' id='word_1_90' title='bbox 629 1274 822 1337; x_wconf 69' lang='lat' dir='ltr'><strong>&#39;in&#39;tlriente</strong></span> <span class='ocrx_word' id='word_1_91' title='bbox 845 1273 1003 1336; x_wconf 89' lang='lat' dir='ltr'><strong>columbae</strong></span> <span class='ocrx_word' id='word_1_92' title='bbox 1034 1280 1107 1335; x_wconf 87' lang='lat' dir='ltr'><strong>sunt</strong></span> <span class='ocrx_word' id='word_1_93' title='bbox 1131 1275 1304 1334; x_wconf 89' lang='lat' dir='ltr'><strong>nuntiorum</strong></span> 
     </span>
     <span class='ocr_line' id='line_1_12' title="bbox 128 1370 1305 1456; baseline 0.001 -19"><span class='ocrx_word' id='word_1_94' title='bbox 128 1376 289 1455; x_wconf 83' lang='lat' dir='ltr'><strong>iungentes</strong></span> <span class='ocrx_word' id='word_1_95' title='bbox 303 1375 402 1437; x_wconf 83' lang='lat' dir='ltr'><strong>cilicio</strong></span> <span class='ocrx_word' id='word_1_96' title='bbox 418 1377 608 1439; x_wconf 91' lang='lat' dir='ltr'><strong>dominorum</strong></span> <span class='ocrx_word' id='word_1_97' title='bbox 623 1370 748 1439; x_wconf 87' lang='lat' dir='ltr'><strong>suorum</strong></span> <span class='ocrx_word' id='word_1_98' title='bbox 771 1378 827 1439; x_wconf 87' lang='lat' dir='ltr'><strong>sub</strong></span> <span class='ocrx_word' id='word_1_99' title='bbox 842 1378 905 1449; x_wconf 88' lang='lat' dir='ltr'><strong>alis,</strong></span> <span class='ocrx_word' id='word_1_100' title='bbox 928 1379 1013 1439; x_wconf 83' lang='lat' dir='ltr'><strong>brevi</strong></span> <span class='ocrx_word' id='word_1_101' title='bbox 1036 1378 1135 1456; x_wconf 89' lang='lat' dir='ltr'><strong>spatio</strong></span> <span class='ocrx_word' id='word_1_102' title='bbox 1159 1378 1305 1456; x_wconf 86' lang='lat' dir='ltr'><strong>perlonge</strong></span> 
     </span>
     <span class='ocr_line' id='line_1_13' title="bbox 129 1479 1306 1561; baseline 0.001 -20"><span class='ocrx_word' id='word_1_103' title='bbox 129 1479 307 1559; x_wconf 87' lang='lat' dir='ltr'><strong>deportant,</strong></span> <span class='ocrx_word' id='word_1_104' title='bbox 341 1483 469 1542; x_wconf 84' lang='lat' dir='ltr'><strong>maxime</strong></span> <span class='ocrx_word' id='word_1_105' title='bbox 504 1482 623 1559; x_wconf 88' lang='lat' dir='ltr'><strong>quando</strong></span> <span class='ocrx_word' id='word_1_106' title='bbox 657 1482 706 1543; x_wconf 90' lang='lat' dir='ltr'><strong>alii</strong></span> <span class='ocrx_word' id='word_1_107' title='bbox 735 1483 831 1543; x_wconf 90' lang='lat' dir='ltr'><strong>nuntii</strong></span> <span class='ocrx_word' id='word_1_108' title='bbox 862 1484 989 1544; x_wconf 88' lang='lat' dir='ltr'><strong>transire</strong></span> <span class='ocrx_word' id='word_1_109' title='bbox 1022 1489 1188 1561; x_wconf 86' lang='lat' dir='ltr'><strong>nequeunt.</strong></span> <span class='ocrx_word' id='word_1_110' title='bbox 1236 1481 1306 1543; x_wconf 90' lang='lat' dir='ltr'><strong>ldeo</strong></span> 
     </span>
     <span class='ocr_line' id='line_1_14' title="bbox 129 1572 1307 1663; baseline 0.003 -21"><span class='ocrx_word' id='word_1_111' title='bbox 129 1579 376 1644; x_wconf 88' lang='lat' dir='ltr'><strong>Bartholomaeus</strong></span> <span class='ocrx_word' id='word_1_112' title='bbox 408 1582 445 1643; x_wconf 92' lang='lat' dir='ltr'><strong>de</strong></span> <span class='ocrx_word' id='word_1_113' title='bbox 477 1585 710 1662; x_wconf 81' lang='lat' dir='ltr'><strong>pmprietatibus</strong></span> <span class='ocrx_word' id='word_1_114' title='bbox 741 1602 844 1647; x_wconf 93' lang='lat' dir='ltr'><strong>rerum</strong></span> <span class='ocrx_word' id='word_1_115' title='bbox 879 1585 950 1663; x_wconf 86' lang='lat' dir='ltr'><strong>Cap.</strong></span> <span class='ocrx_word' id='word_1_116' title='bbox 975 1585 1014 1646; x_wconf 90' lang='lat' dir='ltr'><strong>de</strong></span> <span class='ocrx_word' id='word_1_117' title='bbox 1044 1572 1194 1645; x_wconf 73' lang='lat' dir='ltr'><strong>columbis</strong></span> <span class='ocrx_word' id='word_1_118' title='bbox 1228 1584 1307 1645; x_wconf 91' lang='lat' dir='ltr'><strong>idem</strong></span> 
     </span>
     <span class='ocr_line' id='line_1_15' title="bbox 130 1683 1306 1783; baseline 0.001 -38"><span class='ocrx_word' id='word_1_119' title='bbox 130 1683 235 1745; x_wconf 87' lang='lat' dir='ltr'><strong>dicens</strong></span> <span class='ocrx_word' id='word_1_120' title='bbox 251 1686 349 1760; x_wconf 81' lang='lat' dir='ltr'><strong>infert,</strong></span> <span class='ocrx_word' id='word_1_121' title='bbox 372 1686 454 1764; x_wconf 88' lang='lat' dir='ltr'><strong>quod</strong></span> <span class='ocrx_word' id='word_1_122' title='bbox 466 1685 639 1748; x_wconf 84' lang='lat' dir='ltr'><strong>Orientales</strong></span> <span class='ocrx_word' id='word_1_123' title='bbox 653 1688 685 1748; x_wconf 90' lang='lat' dir='ltr'><strong>ln</strong></span> <span class='ocrx_word' id='word_1_124' title='bbox 700 1688 785 1767; x_wconf 76' lang='lat' dir='ltr'><strong>Syria</strong></span> <span class='ocrx_word' id='word_1_125' title='bbox 803 1695 833 1748; x_wconf 90' lang='lat' dir='ltr'><strong>et</strong></span> <span class='ocrx_word' id='word_1_126' title='bbox 847 1687 986 1768; x_wconf 78' lang='lat' dir='ltr'><strong>Aegypto</strong></span> <span class='ocrx_word' id='word_1_127' title='bbox 1002 1689 1155 1783; x_wconf 81' lang='lat' dir='ltr'><strong>bellprum</strong></span> <span class='ocrx_word' id='word_1_128' title='bbox 1169 1693 1306 1766; x_wconf 91' lang='lat' dir='ltr'><strong>tempore</strong></span> 
     </span>
     <span class='ocr_line' id='line_1_16' title="bbox 132 1778 1307 1870; baseline 0.001 -22"><span class='ocrx_word' id='word_1_129' title='bbox 132 1787 210 1848; x_wconf 88' lang='lat' dir='ltr'><strong>aeris</strong></span> <span class='ocrx_word' id='word_1_130' title='bbox 232 1789 339 1849; x_wconf 91' lang='lat' dir='ltr'><strong>itinera</strong></span> <span class='ocrx_word' id='word_1_131' title='bbox 361 1792 529 1861; x_wconf 89' lang='lat' dir='ltr'><strong>observant,</strong></span> <span class='ocrx_word' id='word_1_132' title='bbox 553 1797 583 1850; x_wconf 92' lang='lat' dir='ltr'><strong>et</strong></span> <span class='ocrx_word' id='word_1_133' title='bbox 607 1788 761 1851; x_wconf 90' lang='lat' dir='ltr'><strong>columbas</strong></span> <span class='ocrx_word' id='word_1_134' title='bbox 785 1792 920 1852; x_wconf 85' lang='lat' dir='ltr'><strong>volantes</strong></span> <span class='ocrx_word' id='word_1_135' title='bbox 950 1792 1020 1852; x_wconf 88' lang='lat' dir='ltr'><strong>telis</strong></span> <span class='ocrx_word' id='word_1_136' title='bbox 1043 1778 1238 1870; x_wconf 72' lang='lat' dir='ltr'><strong>perordinat,</strong></span> <span class='ocrx_word' id='word_1_137' title='bbox 1272 1808 1307 1850; x_wconf 90' lang='lat' dir='ltr'><strong>ne</strong></span> 
     </span>
     <span class='ocr_line' id='line_1_17' title="bbox 132 1890 1308 1970; baseline 0.002 -20"><span class='ocrx_word' id='word_1_138' title='bbox 132 1893 260 1970; x_wconf 87' lang='lat' dir='ltr'><strong>patriam</strong></span> <span class='ocrx_word' id='word_1_139' title='bbox 291 1894 426 1970; x_wconf 90' lang='lat' dir='ltr'><strong>prodant.</strong></span> <span class='ocrx_word' id='word_1_140' title='bbox 473 1890 558 1954; x_wconf 89' lang='lat' dir='ltr'><strong>Unde</strong></span> <span class='ocrx_word' id='word_1_141' title='bbox 592 1895 684 1954; x_wconf 89' lang='lat' dir='ltr'><strong>etiam</strong></span> <span class='ocrx_word' id='word_1_142' title='bbox 716 1893 766 1955; x_wconf 92' lang='lat' dir='ltr'><strong>illa</strong></span> <span class='ocrx_word' id='word_1_143' title='bbox 799 1893 957 1956; x_wconf 91' lang='lat' dir='ltr'><strong>libidinosa</strong></span> <span class='ocrx_word' id='word_1_144' title='bbox 986 1893 1091 1956; x_wconf 90' lang='lat' dir='ltr'><strong>Venus</strong></span> <span class='ocrx_word' id='word_1_145' title='bbox 1126 1891 1308 1953; x_wconf 86' lang='lat' dir='ltr'><strong>Peristeram</strong></span> 
     </span>
     <span class='ocr_line' id='line_1_18' title="bbox 131 1994 1309 2078; baseline -0.001 -22"><span class='ocrx_word' id='word_1_146' title='bbox 131 1994 295 2073; x_wconf 83' lang='lat' dir='ltr'><strong>nympham</strong></span> <span class='ocrx_word' id='word_1_147' title='bbox 325 2015 381 2075; x_wconf 90' lang='lat' dir='ltr'><strong>per</strong></span> <span class='ocrx_word' id='word_1_148' title='bbox 410 1998 582 2078; x_wconf 84' lang='lat' dir='ltr'><strong>cupidinem</strong></span> <span class='ocrx_word' id='word_1_149' title='bbox 615 2000 721 2058; x_wconf 88' lang='lat' dir='ltr'><strong>iratam</strong></span> <span class='ocrx_word' id='word_1_150' title='bbox 751 2000 784 2059; x_wconf 91' lang='lat' dir='ltr'><strong>in</strong></span> <span class='ocrx_word' id='word_1_151' title='bbox 807 1999 978 2058; x_wconf 83' lang='lat' dir='ltr'><strong>columbam</strong></span> <span class='ocrx_word' id='word_1_152' title='bbox 1009 2002 1158 2058; x_wconf 87' lang='lat' dir='ltr'><strong>mutatam</strong></span> <span class='ocrx_word' id='word_1_153' title='bbox 1188 2013 1309 2074; x_wconf 90' lang='lat' dir='ltr'><strong>semper</strong></span> 
     </span>
    </p>
   </div>
   <div class='ocr_carea' id='block_1_3' title="bbox 66 2164 1373 4258">
    <p class='ocr_par' dir='ltr' id='par_1_3' title="bbox 130 2164 1311 3015">
     <span class='ocr_line' id='line_1_19' title="bbox 130 2164 1308 2295; baseline -0.001 -33"><span class='ocrx_word' id='word_1_154' title='bbox 130 2201 299 2263; x_wconf 89' lang='lat' dir='ltr'><strong>litterarum</strong></span> <span class='ocrx_word' id='word_1_155' title='bbox 321 2208 540 2268; x_wconf 89' lang='lat' dir='ltr'><strong>amatoriarum.</strong></span> <span class='ocrx_word' id='word_1_156' title='bbox 581 2206 644 2269; x_wconf 90' lang='lat' dir='ltr'><strong>Sed</strong></span> <span class='ocrx_word' id='word_1_157' title='bbox 667 2214 698 2268; x_wconf 89' lang='lat' dir='ltr'><strong>et</strong></span> <span class='ocrx_word' id='word_1_158' title='bbox 720 2205 941 2278; x_wconf 86' lang='lat' dir='ltr'><strong>Machometus,</strong></span> <span class='ocrx_word' id='word_1_159' title='bbox 964 2167 1144 2295; x_wconf 87' lang='lat' dir='ltr'><strong>propheta</strong></span> <span class='ocrx_word' id='word_1_160' title='bbox 1135 2164 1308 2271; x_wconf 80' lang='lat' dir='ltr'><strong>diabolicus,</strong></span> 
     </span>
     <span class='ocr_line' id='line_1_20' title="bbox 132 2276 1309 2384; baseline -0.003 -16"><span class='ocrx_word' id='word_1_161' title='bbox 132 2306 304 2381; x_wconf 66' lang='lat' dir='ltr'><strong>columbam</strong></span> <span class='ocrx_word' id='word_1_162' title='bbox 323 2309 421 2370; x_wconf 91' lang='lat' dir='ltr'><strong>albam</strong></span> <span class='ocrx_word' id='word_1_163' title='bbox 443 2310 583 2372; x_wconf 85' lang='lat' dir='ltr'><strong>habuisse</strong></span> <span class='ocrx_word' id='word_1_164' title='bbox 607 2311 704 2372; x_wconf 81' lang='lat' dir='ltr'><strong>fertur</strong></span> <span class='ocrx_word' id='word_1_165' title='bbox 727 2311 977 2379; x_wconf 88' lang='lat' dir='ltr'><strong>domesticatam,</strong></span> <span class='ocrx_word' id='word_1_166' title='bbox 1002 2321 1078 2384; x_wconf 88' lang='lat' dir='ltr'><strong>quae</strong></span> <span class='ocrx_word' id='word_1_167' title='bbox 1102 2276 1144 2365; x_wconf 85' lang='lat' dir='ltr'><strong>ad</strong></span> <span class='ocrx_word' id='word_1_168' title='bbox 1165 2322 1240 2365; x_wconf 90' lang='lat' dir='ltr'><strong>eum</strong></span> <span class='ocrx_word' id='word_1_169' title='bbox 1262 2304 1309 2365; x_wconf 89' lang='lat' dir='ltr'><strong>ad·</strong></span> 
     </span>
     <span class='ocr_line' id='line_1_21' title="bbox 130 2407 1311 2493; baseline -0.005 -20"><span class='ocrx_word' id='word_1_170' title='bbox 130 2411 240 2473; x_wconf 87' lang='lat' dir='ltr'><strong>volavit</strong></span> <span class='ocrx_word' id='word_1_171' title='bbox 264 2413 417 2486; x_wconf 90' lang='lat' dir='ltr'><strong>crebrius,</strong></span> <span class='ocrx_word' id='word_1_172' title='bbox 440 2420 472 2474; x_wconf 90' lang='lat' dir='ltr'><strong>et</strong></span> <span class='ocrx_word' id='word_1_173' title='bbox 502 2432 594 2493; x_wconf 85' lang='lat' dir='ltr'><strong>grana</strong></span> <span class='ocrx_word' id='word_1_174' title='bbox 617 2416 767 2493; x_wconf 85' lang='lat' dir='ltr'><strong>quaedam</strong></span> <span class='ocrx_word' id='word_1_175' title='bbox 790 2414 828 2474; x_wconf 94' lang='lat' dir='ltr'><strong>de</strong></span> <span class='ocrx_word' id='word_1_176' title='bbox 852 2410 971 2473; x_wconf 91' lang='lat' dir='ltr'><strong>auribus</strong></span> <span class='ocrx_word' id='word_1_177' title='bbox 994 2407 1060 2485; x_wconf 85' lang='lat' dir='ltr'><strong>ejus</strong></span> <span class='ocrx_word' id='word_1_178' title='bbox 1084 2408 1171 2480; x_wconf 87' lang='lat' dir='ltr'><strong>tulit,</strong></span> <span class='ocrx_word' id='word_1_179' title='bbox 1205 2414 1257 2471; x_wconf 57' lang='lat' dir='ltr'><strong>&#39;eor</strong></span> <span class='ocrx_word' id='word_1_180' title='bbox 1276 2407 1311 2468; x_wconf 90' lang='lat' dir='ltr'><strong>ad</strong></span> 
     </span>
     <span class='ocr_line' id='line_1_22' title="bbox 132 2502 1310 2605; baseline -0.003 -30"><span class='ocrx_word' id='word_1_181' title='bbox 132 2515 254 2594; x_wconf 88' lang='lat' dir='ltr'><strong>plebem</strong></span> <span class='ocrx_word' id='word_1_182' title='bbox 276 2519 507 2578; x_wconf 91' lang='lat' dir='ltr'><strong>sermocinante.</strong></span> <span class='ocrx_word' id='word_1_183' title='bbox 546 2517 611 2578; x_wconf 91' lang='lat' dir='ltr'><strong>Hoc</strong></span> <span class='ocrx_word' id='word_1_184' title='bbox 635 2517 721 2595; x_wconf 90' lang='lat' dir='ltr'><strong>plebs</strong></span> <span class='ocrx_word' id='word_1_185' title='bbox 749 2515 854 2605; x_wconf 74' lang='lat' dir='ltr'><strong>videns</strong></span> <span class='ocrx_word' id='word_1_186' title='bbox 878 2512 1054 2575; x_wconf 88' lang='lat' dir='ltr'><strong>aestimabat</strong></span> <span class='ocrx_word' id='word_1_187' title='bbox 1077 2529 1146 2572; x_wconf 91' lang='lat' dir='ltr'><strong>esse</strong></span> <span class='ocrx_word' id='word_1_188' title='bbox 1170 2502 1310 2590; x_wconf 77' lang='lat' dir='ltr'><strong>spiritum</strong></span> 
     </span>
     <span class='ocr_line' id='line_1_23' title="bbox 133 2612 1310 2701; baseline -0.006 -20"><span class='ocrx_word' id='word_1_189' title='bbox 133 2614 287 2693; x_wconf 84' lang='lat' dir='ltr'><strong>sanctum,</strong></span> <span class='ocrx_word' id='word_1_190' title='bbox 319 2627 534 2701; x_wconf 82' lang='lat' dir='ltr'><strong>suggerentem</strong></span> <span class='ocrx_word' id='word_1_191' title='bbox 558 2622 663 2692; x_wconf 90' lang='lat' dir='ltr'><strong>verba,</strong></span> <span class='ocrx_word' id='word_1_192' title='bbox 697 2637 774 2699; x_wconf 86' lang='lat' dir='ltr'><strong>quae</strong></span> <span class='ocrx_word' id='word_1_193' title='bbox 805 2619 939 2697; x_wconf 87' lang='lat' dir='ltr'><strong>protulit.</strong></span> <span class='ocrx_word' id='word_1_194' title='bbox 984 2617 1022 2677; x_wconf 90' lang='lat' dir='ltr'><strong>Et</strong></span> <span class='ocrx_word' id='word_1_195' title='bbox 1044 2618 1110 2694; x_wconf 91' lang='lat' dir='ltr'><strong>ipsa</strong></span> <span class='ocrx_word' id='word_1_196' title='bbox 1134 2612 1310 2677; x_wconf 79' lang='lat' dir='ltr'><strong>Sertllramis</strong></span> 
     </span>
     <span class='ocr_line' id='line_1_24' title="bbox 132 2717 1309 2801; baseline -0.005 -18"><span class='ocrx_word' id='word_1_197' title='bbox 132 2725 236 2801; x_wconf 83' lang='lat' dir='ltr'><strong>regina</strong></span> <span class='ocrx_word' id='word_1_198' title='bbox 245 2728 455 2796; x_wconf 65' lang='lat' dir='ltr'><strong>²atrocissima,</strong></span> <span class='ocrx_word' id='word_1_199' title='bbox 481 2743 549 2785; x_wconf 91' lang='lat' dir='ltr'><strong>cum</strong></span> <span class='ocrx_word' id='word_1_200' title='bbox 583 2725 649 2785; x_wconf 88' lang='lat' dir='ltr'><strong>linis</strong></span> <span class='ocrx_word' id='word_1_201' title='bbox 683 2722 749 2800; x_wconf 91' lang='lat' dir='ltr'><strong>ejus</strong></span> <span class='ocrx_word' id='word_1_202' title='bbox 779 2721 969 2790; x_wconf 89' lang='lat' dir='ltr'><strong>advenisset,</strong></span> <span class='ocrx_word' id='word_1_203' title='bbox 994 2735 1061 2779; x_wconf 86' lang='lat' dir='ltr'><strong>eam</strong></span> <span class='ocrx_word' id='word_1_204' title='bbox 1084 2717 1259 2780; x_wconf 85' lang='lat' dir='ltr'><strong>fabulantur</strong></span> <span class='ocrx_word' id='word_1_205' title='bbox 1280 2720 1309 2777; x_wconf 92' lang='lat' dir='ltr'><strong>in</strong></span> 
     </span>
     <span class='ocr_line' id='line_1_25' title="bbox 134 2821 1307 2904; baseline -0.003 -21"><span class='ocrx_word' id='word_1_206' title='bbox 134 2825 302 2889; x_wconf 91' lang='lat' dir='ltr'><strong>columbam</strong></span> <span class='ocrx_word' id='word_1_207' title='bbox 325 2837 469 2891; x_wconf 89' lang='lat' dir='ltr'><strong>mutatam</strong></span> <span class='ocrx_word' id='word_1_208' title='bbox 493 2837 524 2892; x_wconf 88' lang='lat' dir='ltr'><strong>et</strong></span> <span class='ocrx_word' id='word_1_209' title='bbox 546 2828 681 2889; x_wconf 89' lang='lat' dir='ltr'><strong>avolasse</strong></span> <span class='ocrx_word' id='word_1_210' title='bbox 704 2825 884 2886; x_wconf 73' lang='lat' dir='ltr'><strong>iudeorum</strong></span> <span class='ocrx_word' id='word_1_211' title='bbox 904 2824 1116 2904; x_wconf 86' lang='lat' dir='ltr'><strong>consortium,</strong></span> <span class='ocrx_word' id='word_1_212' title='bbox 1150 2827 1185 2882; x_wconf 92' lang='lat' dir='ltr'><strong>ut</strong></span> <span class='ocrx_word' id='word_1_213' title='bbox 1218 2821 1307 2882; x_wconf 90' lang='lat' dir='ltr'><strong>babet</strong></span> 
     </span>
     <span class='ocr_line' id='line_1_26' title="bbox 135 2906 1052 3015; baseline 0 -29"><span class='ocrx_word' id='word_1_214' title='bbox 135 2906 286 2989; x_wconf 82' lang='lat' dir='ltr'><strong>Diodorus</strong></span> <span class='ocrx_word' id='word_1_215' title='bbox 308 2929 342 2992; x_wconf 90' lang='lat' dir='ltr'><strong>L.</strong></span> <span class='ocrx_word' id='word_1_216' title='bbox 366 2932 414 2994; x_wconf 90' lang='lat' dir='ltr'><strong>lll.</strong></span> <span class='ocrx_word' id='word_1_217' title='bbox 440 2935 472 2994; x_wconf 86' lang='lat' dir='ltr'><strong>C.</strong></span> <span class='ocrx_word' id='word_1_218' title='bbox 498 2934 603 2995; x_wconf 92' lang='lat' dir='ltr'><strong>ultimo</strong></span> <span class='ocrx_word' id='word_1_219' title='bbox 626 2928 826 3015; x_wconf 57' lang='lat' dir='ltr'><strong>Antimarum</strong></span> <span class='ocrx_word' id='word_1_220' title='bbox 848 2929 1052 2988; x_wconf 85' lang='lat' dir='ltr'><strong>historiarum.</strong></span> 
     </span>
    </p>

    <p class='ocr_par' dir='ltr' id='par_1_4' title="bbox 66 3027 1373 3629">
     <span class='ocr_line' id='line_1_27' title="bbox 224 3027 1373 3119; baseline -0.008 -23"><span class='ocrx_word' id='word_1_221' title='bbox 224 3027 279 3110; x_wconf 80' lang='lat' dir='ltr'><strong>(b)</strong></span> <span class='ocrx_word' id='word_1_222' title='bbox 303 3032 383 3095; x_wconf 88' lang='lat' dir='ltr'><strong>Talis</strong></span> <span class='ocrx_word' id='word_1_223' title='bbox 407 3039 544 3099; x_wconf 89' lang='lat' dir='ltr'><strong>columba</strong></span> <span class='ocrx_word' id='word_1_224' title='bbox 565 3034 626 3096; x_wconf 83' lang='lat' dir='ltr'><strong>non</strong></span> <span class='ocrx_word' id='word_1_225' title='bbox 650 3032 781 3109; x_wconf 81' lang='lat' dir='ltr'><strong>iuitilh,</strong></span> <span class='ocrx_word' id='word_1_226' title='bbox 806 3048 883 3111; x_wconf 87' lang='lat' dir='ltr'><strong>quae</strong></span> <span class='ocrx_word' id='word_1_227' title='bbox 902 3048 994 3119; x_wconf 90' lang='lat' dir='ltr'><strong>super</strong></span> <span class='ocrx_word' id='word_1_228' title='bbox 1010 3030 1164 3091; x_wconf 88' lang='lat' dir='ltr'><strong>Christum</strong></span> <span class='ocrx_word' id='word_1_229' title='bbox 1176 3028 1310 3107; x_wconf 86' lang='lat' dir='ltr'><strong>baptiza·</strong></span> <span class='ocrx_word' id='word_1_230' title='bbox 1371 3038 1373 3043; x_wconf 86' lang='lat'>&#39;</span> 
     </span>
     <span class='ocr_line' id='line_1_28' title="bbox 66 3131 1315 3217; baseline -0.002 -24"><span class='ocrx_word' id='word_1_231' title='bbox 66 3146 72 3151; x_wconf 86' lang='lat'>·</span> <span class='ocrx_word' id='word_1_232' title='bbox 136 3137 202 3194; x_wconf 92' lang='lat' dir='ltr'><strong>tum</strong></span> <span class='ocrx_word' id='word_1_233' title='bbox 235 3134 407 3209; x_wconf 89' lang='lat' dir='ltr'><strong>descendit,</strong></span> <span class='ocrx_word' id='word_1_234' title='bbox 440 3141 471 3199; x_wconf 93' lang='lat' dir='ltr'><strong>in</strong></span> <span class='ocrx_word' id='word_1_235' title='bbox 503 3157 561 3217; x_wconf 87' lang='lat' dir='ltr'><strong>qua</strong></span> <span class='ocrx_word' id='word_1_236' title='bbox 595 3138 726 3215; x_wconf 85' lang='lat' dir='ltr'><strong>Spiritus</strong></span> <span class='ocrx_word' id='word_1_237' title='bbox 756 3141 878 3195; x_wconf 90' lang='lat' dir='ltr'><strong>sanctus</strong></span> <span class='ocrx_word' id='word_1_238' title='bbox 912 3135 994 3194; x_wconf 93' lang='lat' dir='ltr'><strong>visus</strong></span> <span class='ocrx_word' id='word_1_239' title='bbox 1025 3141 1090 3204; x_wconf 91' lang='lat' dir='ltr'><strong>est;</strong></span> <span class='ocrx_word' id='word_1_240' title='bbox 1125 3139 1161 3196; x_wconf 87' lang='lat' dir='ltr'><strong>ut</strong></span> <span class='ocrx_word' id='word_1_241' title='bbox 1188 3131 1315 3192; x_wconf 90' lang='lat' dir='ltr'><strong>habetur</strong></span> 
     </span>
     <span class='ocr_line' id='line_1_29' title="bbox 136 3231 1315 3311; baseline -0.003 -14"><span class='ocrx_word' id='word_1_242' title='bbox 136 3231 282 3298; x_wconf 84' lang='lat' dir='ltr'><strong>Matthaei</strong></span> <span class='ocrx_word' id='word_1_243' title='bbox 305 3235 335 3302; x_wconf 87' lang='grc'><strong>3.</strong></span> <span class='ocrx_word' id='word_1_244' title='bbox 360 3248 392 3301; x_wconf 91' lang='lat' dir='ltr'><strong>et</strong></span> <span class='ocrx_word' id='word_1_245' title='bbox 413 3239 508 3302; x_wconf 89' lang='lat' dir='ltr'><strong>Marci</strong></span> <span class='ocrx_word' id='word_1_246' title='bbox 533 3240 561 3304; x_wconf 89' lang='lat'><strong>1.</strong></span> <span class='ocrx_word' id='word_1_247' title='bbox 586 3246 616 3304; x_wconf 84' lang='lat' dir='ltr'><strong>et</strong></span> <span class='ocrx_word' id='word_1_248' title='bbox 636 3235 710 3297; x_wconf 89' lang='lat' dir='ltr'><strong>Luc.</strong></span> <span class='ocrx_word' id='word_1_249' title='bbox 735 3234 764 3299; x_wconf 90' lang='lat'><strong>3.</strong></span> <span class='ocrx_word' id='word_1_250' title='bbox 791 3243 822 3297; x_wconf 92' lang='lat' dir='ltr'><strong>et</strong></span> <span class='ocrx_word' id='word_1_251' title='bbox 845 3235 912 3296; x_wconf 77' lang='lat' dir='ltr'><strong>Joh.</strong></span> <span class='ocrx_word' id='word_1_252' title='bbox 938 3232 978 3307; x_wconf 87' lang='grc'><strong>1.,</strong></span> <span class='ocrx_word' id='word_1_253' title='bbox 1001 3235 1056 3297; x_wconf 90' lang='lat' dir='ltr'><strong>sed</strong></span> <span class='ocrx_word' id='word_1_254' title='bbox 1087 3240 1153 3311; x_wconf 84' lang='lat' dir='ltr'><strong>erat</strong></span> <span class='ocrx_word' id='word_1_255' title='bbox 1175 3233 1315 3294; x_wconf 90' lang='lat' dir='ltr'><strong>columba</strong></span> 
     </span>
     <span class='ocr_line' id='line_1_30' title="bbox 137 3337 1312 3417; baseline -0.002 -18"><span class='ocrx_word' id='word_1_256' title='bbox 137 3340 332 3414; x_wconf 91' lang='lat' dir='ltr'><strong>miraculosa,</strong></span> <span class='ocrx_word' id='word_1_257' title='bbox 357 3351 458 3405; x_wconf 89' lang='lat' dir='ltr'><strong>creata</strong></span> <span class='ocrx_word' id='word_1_258' title='bbox 473 3344 511 3405; x_wconf 92' lang='lat' dir='ltr'><strong>de</strong></span> <span class='ocrx_word' id='word_1_259' title='bbox 536 3362 625 3413; x_wconf 89' lang='lat' dir='ltr'><strong>novo,</strong></span> <span class='ocrx_word' id='word_1_260' title='bbox 648 3341 724 3403; x_wconf 93' lang='lat' dir='ltr'><strong>adeo</strong></span> <span class='ocrx_word' id='word_1_261' title='bbox 746 3359 852 3402; x_wconf 90' lang='lat' dir='ltr'><strong>verum</strong></span> <span class='ocrx_word' id='word_1_262' title='bbox 878 3341 1002 3408; x_wconf 80' lang='lat' dir='ltr'><strong>animal,</strong></span> <span class='ocrx_word' id='word_1_263' title='bbox 1020 3355 1111 3417; x_wconf 91' lang='lat' dir='ltr'><strong>quam</strong></span> <span class='ocrx_word' id='word_1_264' title='bbox 1125 3337 1210 3398; x_wconf 88' lang='lat' dir='ltr'><strong>Deus</strong></span> <span class='ocrx_word' id='word_1_265' title='bbox 1228 3354 1312 3398; x_wconf 90' lang='lat' dir='ltr'><strong>crea·</strong></span> 
     </span>
     <span class='ocr_line' id='line_1_31' title="bbox 137 3439 1316 3525; baseline -0.004 -20"><span class='ocrx_word' id='word_1_266' title='bbox 137 3445 179 3525; x_wconf 85' lang='lat' dir='ltr'><strong>vit</strong></span> <span class='ocrx_word' id='word_1_267' title='bbox 209 3447 274 3505; x_wconf 91' lang='lat' dir='ltr'><strong>siue</strong></span> <span class='ocrx_word' id='word_1_268' title='bbox 305 3449 472 3508; x_wconf 88' lang='lat' dir='ltr'><strong>ministerio</strong></span> <span class='ocrx_word' id='word_1_269' title='bbox 505 3447 630 3508; x_wconf 89' lang='lat' dir='ltr'><strong>aliarum</strong></span> <span class='ocrx_word' id='word_1_270' title='bbox 660 3444 882 3515; x_wconf 90' lang='lat' dir='ltr'><strong>columbarum,</strong></span> <span class='ocrx_word' id='word_1_271' title='bbox 915 3450 947 3504; x_wconf 91' lang='lat' dir='ltr'><strong>et</strong></span> <span class='ocrx_word' id='word_1_272' title='bbox 976 3449 1098 3521; x_wconf 88' lang='lat' dir='ltr'><strong>peracto</strong></span> <span class='ocrx_word' id='word_1_273' title='bbox 1133 3441 1254 3512; x_wconf 84' lang='lat' dir='ltr'><strong>officio,</strong></span> <span class='ocrx_word' id='word_1_274' title='bbox 1279 3439 1316 3500; x_wconf 92' lang='lat' dir='ltr'><strong>ad</strong></span> 
     </span>
     <span class='ocr_line' id='line_1_32' title="bbox 139 3544 1137 3629; baseline -0.005 -21"><span class='ocrx_word' id='word_1_275' title='bbox 139 3548 221 3626; x_wconf 87' lang='lat' dir='ltr'><strong>quod</strong></span> <span class='ocrx_word' id='word_1_276' title='bbox 244 3556 343 3608; x_wconf 91' lang='lat' dir='ltr'><strong>creata</strong></span> <span class='ocrx_word' id='word_1_277' title='bbox 366 3549 431 3621; x_wconf 84' lang='lat' dir='ltr'><strong>luit,</strong></span> <span class='ocrx_word' id='word_1_278' title='bbox 454 3552 485 3611; x_wconf 93' lang='lat' dir='ltr'><strong>in</strong></span> <span class='ocrx_word' id='word_1_279' title='bbox 507 3548 731 3629; x_wconf 83' lang='lat' dir='ltr'><strong>praejacentem</strong></span> <span class='ocrx_word' id='word_1_280' title='bbox 754 3550 912 3608; x_wconf 89' lang='lat' dir='ltr'><strong>materiam</strong></span> <span class='ocrx_word' id='word_1_281' title='bbox 935 3544 1057 3606; x_wconf 89' lang='lat' dir='ltr'><strong>redacta</strong></span> <span class='ocrx_word' id='word_1_282' title='bbox 1080 3549 1137 3605; x_wconf 90' lang='lat' dir='ltr'><strong>est.</strong></span> 
     </span>
    </p>

    <p class='ocr_par' dir='ltr' id='par_1_5' title="bbox 139 3646 1320 4258">
     <span class='ocr_line' id='line_1_33' title="bbox 222 3646 1316 3726; baseline -0.005 -14"><span class='ocrx_word' id='word_1_283' title='bbox 222 3651 254 3712; x_wconf 91' lang='lat' dir='ltr'><strong>ln</strong></span> <span class='ocrx_word' id='word_1_284' title='bbox 278 3652 402 3712; x_wconf 89' lang='lat' dir='ltr'><strong>Oriente</strong></span> <span class='ocrx_word' id='word_1_285' title='bbox 426 3654 517 3712; x_wconf 89' lang='lat' dir='ltr'><strong>etiam</strong></span> <span class='ocrx_word' id='word_1_286' title='bbox 539 3655 581 3712; x_wconf 92' lang='lat' dir='ltr'><strong>ita</strong></span> <span class='ocrx_word' id='word_1_287' title='bbox 604 3651 844 3711; x_wconf 88' lang='lat' dir='ltr'><strong>domesticantur</strong></span> <span class='ocrx_word' id='word_1_288' title='bbox 876 3649 1048 3720; x_wconf 91' lang='lat' dir='ltr'><strong>columbae,</strong></span> <span class='ocrx_word' id='word_1_289' title='bbox 1084 3646 1168 3726; x_wconf 90' lang='lat' dir='ltr'><strong>quod</strong></span> <span class='ocrx_word' id='word_1_290' title='bbox 1190 3647 1316 3708; x_wconf 90' lang='lat' dir='ltr'><strong>domino</strong></span> 
     </span>
     <span class='ocr_line' id='line_1_34' title="bbox 139 3751 1317 3822; baseline -0.005 -7"><span class='ocrx_word' id='word_1_291' title='bbox 139 3772 242 3816; x_wconf 87' lang='lat' dir='ltr'><strong>earum</strong></span> <span class='ocrx_word' id='word_1_292' title='bbox 274 3756 433 3816; x_wconf 87' lang='lat' dir='ltr'><strong>emittente</strong></span> <span class='ocrx_word' id='word_1_293' title='bbox 467 3772 573 3815; x_wconf 86' lang='lat' dir='ltr'><strong>vocem</strong></span> <span class='ocrx_word' id='word_1_294' title='bbox 605 3753 707 3815; x_wconf 91' lang='lat' dir='ltr'><strong>volant</strong></span> <span class='ocrx_word' id='word_1_295' title='bbox 730 3751 767 3812; x_wconf 89' lang='lat' dir='ltr'><strong>de</strong></span> <span class='ocrx_word' id='word_1_296' title='bbox 793 3752 992 3822; x_wconf 90' lang='lat' dir='ltr'><strong>columbario,</strong></span> <span class='ocrx_word' id='word_1_297' title='bbox 1025 3758 1055 3810; x_wconf 91' lang='lat' dir='ltr'><strong>et</strong></span> <span class='ocrx_word' id='word_1_298' title='bbox 1087 3751 1244 3811; x_wconf 91' lang='lat' dir='ltr'><strong>dominum</strong></span> <span class='ocrx_word' id='word_1_299' title='bbox 1269 3768 1317 3810; x_wconf 90' lang='lat' dir='ltr'><strong>se-</strong></span> 
     </span>
     <span class='ocr_line' id='line_1_35' title="bbox 140 3841 1318 3938; baseline -0.008 -18"><span class='ocrx_word' id='word_1_300' title='bbox 140 3865 271 3938; x_wconf 87' lang='lat' dir='ltr'><strong>quuntur</strong></span> <span class='ocrx_word' id='word_1_301' title='bbox 293 3876 347 3936; x_wconf 91' lang='lat' dir='ltr'><strong>per</strong></span> <span class='ocrx_word' id='word_1_302' title='bbox 371 3874 493 3935; x_wconf 92' lang='lat' dir='ltr'><strong>campos</strong></span> <span class='ocrx_word' id='word_1_303' title='bbox 515 3841 612 3936; x_wconf 83' lang='lat' dir='ltr'><strong>usque</strong></span> <span class='ocrx_word' id='word_1_304' title='bbox 635 3859 665 3916; x_wconf 95' lang='lat' dir='ltr'><strong>in</strong></span> <span class='ocrx_word' id='word_1_305' title='bbox 690 3856 841 3915; x_wconf 90' lang='lat' dir='ltr'><strong>civitatem</strong></span> <span class='ocrx_word' id='word_1_306' title='bbox 864 3856 912 3915; x_wconf 83' lang='lat' dir='ltr'><strong>vel</strong></span> <span class='ocrx_word' id='word_1_307' title='bbox 941 3854 1059 3925; x_wconf 89' lang='lat' dir='ltr'><strong>villam,</strong></span> <span class='ocrx_word' id='word_1_308' title='bbox 1093 3869 1184 3931; x_wconf 89' lang='lat' dir='ltr'><strong>quam</strong></span> <span class='ocrx_word' id='word_1_309' title='bbox 1216 3853 1318 3930; x_wconf 87' lang='lat' dir='ltr'><strong>ingre·</strong></span> 
     </span>
     <span class='ocr_line' id='line_1_36' title="bbox 140 3957 1320 4033; baseline -0.007 -10"><span class='ocrx_word' id='word_1_310' title='bbox 140 3962 227 4033; x_wconf 89' lang='lat' dir='ltr'><strong>ditur,</strong></span> <span class='ocrx_word' id='word_1_311' title='bbox 253 3968 283 4022; x_wconf 93' lang='lat' dir='ltr'><strong>et</strong></span> <span class='ocrx_word' id='word_1_312' title='bbox 305 3980 342 4022; x_wconf 93' lang='lat' dir='ltr'><strong>eo</strong></span> <span class='ocrx_word' id='word_1_313' title='bbox 365 3964 515 4022; x_wconf 83' lang='lat' dir='ltr'><strong>stanleia</strong></span> <span class='ocrx_word' id='word_1_314' title='bbox 538 3962 604 4022; x_wconf 84' lang='lat' dir='ltr'><strong>loro</strong></span> <span class='ocrx_word' id='word_1_315' title='bbox 628 3960 806 4022; x_wconf 90' lang='lat' dir='ltr'><strong>submittunt</strong></span> <span class='ocrx_word' id='word_1_316' title='bbox 829 3977 862 4018; x_wconf 91' lang='lat' dir='ltr'><strong>se</strong></span> <span class='ocrx_word' id='word_1_317' title='bbox 886 3965 955 4018; x_wconf 91' lang='lat' dir='ltr'><strong>ante</strong></span> <span class='ocrx_word' id='word_1_318' title='bbox 978 3975 1049 4018; x_wconf 92' lang='lat' dir='ltr'><strong>eum</strong></span> <span class='ocrx_word' id='word_1_319' title='bbox 1071 3957 1102 4016; x_wconf 91' lang='lat' dir='ltr'><strong>in</strong></span> <span class='ocrx_word' id='word_1_320' title='bbox 1124 3961 1255 4026; x_wconf 87' lang='lat' dir='ltr'><strong>terram,</strong></span> <span class='ocrx_word' id='word_1_321' title='bbox 1288 3963 1320 4015; x_wconf 92' lang='lat' dir='ltr'><strong>et</strong></span> 
     </span>
     <span class='ocr_line' id='line_1_37' title="bbox 139 4060 1319 4136; baseline -0.008 -9"><span class='ocrx_word' id='word_1_322' title='bbox 139 4067 181 4127; x_wconf 91' lang='lat' dir='ltr'><strong>ibi</strong></span> <span class='ocrx_word' id='word_1_323' title='bbox 203 4083 255 4126; x_wconf 92' lang='lat' dir='ltr'><strong>eos</strong></span> <span class='ocrx_word' id='word_1_324' title='bbox 278 4065 390 4128; x_wconf 85' lang='lat' dir='ltr'><strong>vendit.</strong></span> <span class='ocrx_word' id='word_1_325' title='bbox 427 4063 474 4124; x_wconf 82' lang='lat' dir='ltr'><strong>An</strong></span> <span class='ocrx_word' id='word_1_326' title='bbox 498 4074 598 4127; x_wconf 91' lang='lat' dir='ltr'><strong>autem</strong></span> <span class='ocrx_word' id='word_1_327' title='bbox 622 4065 714 4124; x_wconf 90' lang='lat' dir='ltr'><strong>etiam</strong></span> <span class='ocrx_word' id='word_1_328' title='bbox 736 4080 791 4122; x_wconf 91' lang='lat' dir='ltr'><strong>ova</strong></span> <span class='ocrx_word' id='word_1_329' title='bbox 815 4080 918 4124; x_wconf 90' lang='lat' dir='ltr'><strong>earum</strong></span> <span class='ocrx_word' id='word_1_330' title='bbox 942 4071 1004 4123; x_wconf 88' lang='lat' dir='ltr'><strong>arte</strong></span> <span class='ocrx_word' id='word_1_331' title='bbox 1029 4060 1169 4120; x_wconf 83' lang='lat' dir='ltr'><strong>excubari</strong></span> <span class='ocrx_word' id='word_1_332' title='bbox 1190 4060 1319 4136; x_wconf 88' lang='lat' dir='ltr'><strong>possint,</strong></span> 
     </span>
     <span class='ocr_line' id='line_1_38' title="bbox 140 4159 1320 4258; baseline -0.009 -27"><span class='ocrx_word' id='word_1_333' title='bbox 140 4170 218 4232; x_wconf 89' lang='lat' dir='ltr'><strong>sicut</strong></span> <span class='ocrx_word' id='word_1_334' title='bbox 246 4189 302 4234; x_wconf 84' lang='lat' dir='ltr'><strong>ora</strong></span> <span class='ocrx_word' id='word_1_335' title='bbox 323 4170 516 4258; x_wconf 80' lang='lat' dir='ltr'><strong>gallinarum,</strong></span> <span class='ocrx_word' id='word_1_336' title='bbox 548 4187 609 4230; x_wconf 90' lang='lat' dir='ltr'><strong>nou</strong></span> <span class='ocrx_word' id='word_1_337' title='bbox 631 4166 702 4244; x_wconf 86' lang='lat' dir='ltr'><strong>legi.</strong></span> <span class='ocrx_word' id='word_1_338' title='bbox 747 4164 886 4228; x_wconf 87' lang='lat' dir='ltr'><strong>Faciliter</strong></span> <span class='ocrx_word' id='word_1_339' title='bbox 910 4171 1012 4227; x_wconf 90' lang='lat' dir='ltr'><strong>autem</strong></span> <span class='ocrx_word' id='word_1_340' title='bbox 1036 4169 1067 4224; x_wconf 87' lang='lat' dir='ltr'><strong>et</strong></span> <span class='ocrx_word' id='word_1_341' title='bbox 1090 4161 1192 4222; x_wconf 86' lang='lat' dir='ltr'><strong>multis</strong></span> <span class='ocrx_word' id='word_1_342' title='bbox 1217 4159 1320 4222; x_wconf 92' lang='lat' dir='ltr'><strong>modis</strong></span> 
     </span>
    </p>
   </div>
   <div class='ocr_carea' id='block_1_4' title="bbox 0 0 1463 4770">
    <p class='ocr_par' dir='ltr' id='par_1_6' title="bbox 0 0 1463 4770">
     <span class='ocr_line' id='line_1_39' title="bbox 0 0 1463 4770; baseline 0 0"><span class='ocrx_word' id='word_1_343' title='bbox 0 0 1463 4770; x_wconf 95' lang='lat' dir='ltr'><strong> </strong></span> 
     </span>
    </p>
   </div>
  </div>
 </body>
</html>
