2874 4770
749 150 815 220 298

195 326 363 406 singulares
391 335 548 406 patronos,
583 329 713 389 scilicet·
730 327 872 390 Sanctam
903 327 1079 400 Caeciliam,
1112 328 1143 389 S.
1169 328 1382 401 Clementem,

195 432 226 493 S.
244 430 448 502 catharinam,
471 432 503 493 S.
518 431 685 504 Andream‚
709 433 740 493 S.
757 432 928 504 barbaram,
951 433 983 493 S.
999 434 1165 503 Nicolaum,
1189 433 1220 492 S.
1237 431 1381 503 Luciam,

195 543 227 597 et
245 535 387 597 Sanctam
410 534 536 598 Marium
558 538 764 599 beatissimam
786 537 948 614 Virginem.
994 535 1028 596 ln
1056 537 1166 597 harum
1189 537 1381 598 Sanctorum

194 637 299 700 diebus
322 642 472 701 marinarii
504 660 564 701 non
595 643 693 702 minus
723 659 760 701 er
787 643 1003 719 superstitione
1034 658 1124 718 quarn
1147 659 1184 702 ex
1207 641 1380 709 devotione

194 742 233 804 de
253 744 333 804 bono
356 750 445 804 vento
469 750 500 805 et
522 762 666 824 prospera
682 746 870 822 navigatione
894 743 1071 822 desperant,
1094 746 1120 804 si
1135 763 1194 805 non
1209 744 1380 805 habuerint

193 847 336 926 placitum
359 854 483 908 ventum
505 853 536 907 et
558 848 710 926 placatum
734 864 817 907 mare
840 849 871 907 in
895 847 994 925 aliquo
1017 848 1138 908 illorum
1161 848 1292 908 dierum.
1327 847 1377 907 ln·

193 953 267 1032 cipit
289 954 370 1012 enim
392 969 472 1012 nunc
494 953 525 1012 in
546 951 626 1012 testo
645 950 795 1013 Caeciliae
818 951 868 1012 vel
891 949 1174 1012 Clementisintuta
1196 952 1266 1013 fieri
1289 954 1377 1012 navi-

192 1057 287 1135 gatio,
320 1062 352 1117 et
374 1057 401 1116 si
422 1062 491 1117 ante
514 1054 626 1127 testum
648 1054 892 1125 sanctificationis
915 1055 1021 1116 beatae
1044 1055 1173 1135 Virginis
1197 1074 1260 1115 non
1283 1062 1376 1133 pote-

191 1166 257 1220 rant
291 1161 372 1220 exire
392 1158 536 1237 ,Aegeum
558 1176 658 1229 mare,
692 1175 822 1219 necesse
851 1159 908 1218 erit
936 1160 965 1218 in
990 1159 1153 1238 Cycladum
1183 1158 1292 1223 insulis
1325 1159 1376 1220 vel

89 1243 94 1253 ¹
191 1265 222 1324 in
245 1263 344 1342 aiiquo
368 1271 457 1344 portu
480 1262 571 1325 Asiae
594 1263 752 1324 hiemare..

683 1518 869 1635 Profectio.

274 1782 425 1844 vicesima
440 1779 574 1843 secunda
589 1781 654 1852 die,
678 1797 755 1860 quae
771 1786 819 1841 est
835 1785 957 1840 sanotae
973 1778 1121 1839 Caeciliae
1136 1773 1271 1856 virginis,
1298 1798 1371 1840 con-

185 1887 339 1947 ticuerunt
358 1886 514 1963 paululum
536 1885 675 1946 boreales
698 1885 781 1946 venti
811 1886 842 1945 in
873 1888 964 1943 nocte
991 1881 1204 1961 praecedenti,
1240 1888 1272 1947 et
1295 1900 1370 1962 spes

187 1994 253 2049 erat
274 1989 391 2058 nautis,
416 1989 497 2066 quod
520 1987 558 2048 ad
583 1980 664 2049 diem
679 1987 845 2066 protecturi
859 2003 1008 2046 essemus.
1039 1985 1165 2047 Praeter
1179 1985 1238 2044 hoc
1255 1993 1369 2056 autem,

185 2089 266 2170 quad
296 2091 555 2170 laborabantpar
585 2098 708 2167 noctem
741 2090 872 2170 aptando
914 2107 1036 2162 narem,
1068 2091 1226 2168 inquietati
1258 2107 1367 2150 omnes
1410 2171 1415 2182 Ι

106 2248 115 2265 ,
185 2194 296 2256 luimus
319 2213 373 2274 per
396 2195 546 2274 quendam
569 2196 722 2257 infirmnm
739 2194 888 2275 galeatam
903 2190 1137 2272 agonizantem,
1152 2193 1202 2271 qni
1219 2194 1251 2252 in
1267 2199 1368 2253 extre·

186 2301 243 2360 mis
269 2299 407 2360 laborans
432 2298 593 2370 clamabat,
617 2300 769 2370 cantabat,
793 2300 988 2384 gemebat’et
1011 2301 1152 2359 continue
1175 2297 1367 2375 loquebatur,

186 2406 235 2465 cui
257 2405 333 2464 socii
356 2382 403 2463 sui
433 2421 502 2463 cum
534 2402 668 2464 candelis
692 2403 874 2464 assistebant
889 2466 892 2470 ,
907 2408 1116 2480 exspectantes
1145 2399 1218 2476 ejus,
1241 2403 1366 2471 exitum,

185 2508 367 2568 mirabantur
396 2513 499 2566 autem
531 2523 654 2577 omnes,
690 2505 770 2585 quod
803 2491 899 2569 tant'is.
922 2523 1086 2586 oppressus
1116 2504 1271 2565 doloribus
1305 2523 1365 2565 nan

184 2612 380 2682 moriebatur,
414 2613 482 2689 quia
506 2611 608 2671 multis
631 2609 738 2671 diebus
771 2618 801 2670 et
831 2613 969 2673 noctibus
1002 2616 1084 2670 extra
1107 2614 1242 2668 mentem
1265 2607 1364 2668 iactus

185 2715 374 2793 agonizabat,
408 2716 456 2774 eui
478 2720 510 2774 et
532 2731 588 2793 ego
611 2716 706 2784 astiti,
739 2716 808 2793 quia
831 2732 925 2793 prope
957 2730 1006 2774 me
1029 2713 1187 2782 decubuit,
1223 2718 1254 2772 et
1287 2711 1366 2772 ultra

185 2819 307 2878 solitum
329 2834 401 2878 vere
425 2819 553 2878 mirabar
583 2819 810 2897 agonizantem,
845 2821 924 2879 inter
953 2818 1011 2878 alta
1042 2818 1122 2878 enim
1153 2824 1183 2876 et
1213 2815 1365 2895 protunda

184 2923 312 2999 suspiria
342 2920 475 2993 ridebat,
510 2921 615 2994 flebat,
649 2930 680 2983 et
710 2941 801 2982 nemo
833 2925 991 3001 quiescere
1022 2925 1102 2982 circa
1131 2939 1201 2980 eum
1232 2926 1362 2998 poterat.

184 3023 237 3084 Ilia
261 3031 360 3085 tamen
384 3033 473 3085 nocte
497 3024 652 3086 videbatur
674 3027 759 3087 nabis
784 3044 865 3086 mars
882 3026 998 3086 adesse.
1031 3027 1068 3086 Et
1083 3025 1155 3085 dum
1171 3027 1216 3084 sic
1232 3027 1364 3084 circum·

184 3135 332 3188 staremus
354 3129 577 3204 agonizantem,
601 3131 731 3204 accessit
753 3129 875 3207 quidam
898 3145 1026 3207 graecus
1049 3130 1150 3188 sacius
1174 3105 1365 3195 marinarios,

182 3233 340 3309 increpans
363 3233 463 3292 socios
486 3234 686 3310 agonizantis,
721 3251 867 3293 aureum
899 3235 943 3292 sio
973 3233 1107 3309 torqueri
1136 3231 1362 3310 permitterent.

183 3334 412 3395 Soisoitantibus
435 3337 635 3408 autemillis,
667 3335 740 3415 quid
762 3335 805 3396 illi
829 3333 924 3416 (176
937 3333 980 3414 a)
1003 3336 1119 3396 infirma
1143 3335 1245 3395 lacere
1269 3333 1363 3394 debe·

182 3445 266 3509 rent,
290 3439 377 3508 dixit,
400 3441 459 3500 nisi
483 3442 673 3501 removeritis
698 3457 768 3500 eum
785 3458 801 3500 a
816 3438 944 3512 lectulo,
967 3443 999 3501 in
1022 3457 1081 3517 quo
1097 3437 1260 3506 decumbit,
1285 3437 1364 3496 mori

182 3559 240 3602 non
265 3545 389 3620 poterit3
414 3551 477 3603 erat
502 3546 582 3605 enim
605 3544 735 3605 lectulus
758 3561 864 3605 saccus
888 3546 996 3623 plenus
1020 3544 1128 3623 plumis
1153 3541 1365 3602 columbarum

183 3641 338 3717 cujusdam
371 3649 564 3718 mercatoris,
599 3650 650 3726 qui
674 3656 898 3725 comparaverat
920 3649 985 3709 illas
1009 3649 1127 3728 plumas
1150 3643 1363 3714 Alexandriae,

182 3751 214 3805 et
236 3744 349 3806 dictum
372 3746 428 3806 luit
450 3751 491 3809 ibi
514 3769 531 3811 a
553 3752 670 3823 multis,
705 3752 785 3831 quod
816 3753 908 3814 bomo
937 3755 1098 3832 agonizans
1127 3769 1220 3829 super
1243 3752 1363 3812 colum-

180 3849 286 3910 barum
308 3847 425 3925 plumas
455 3870 516 3912 non
547 3852 585 3914 de
607 3855 689 3915 facili
721 3863 825 3933 posset
848 3859 934 3917 mori.
980 3857 1026 3917 De
1049 3857 1108 3918 hoa
1131 3875 1204 3935 ergo
1229 3859 1365 3922 multum

181 3952 325 4022 mirabar,
359 3953 508 4030 quiahoc
531 3959 676 4036 neclegi,
699 3977 755 4019 nea
778 3961 862 4038 prius
886 3961 994 4022 audivi.
1040 3961 1122 4021 Saeii
1158 3979 1230 4039 ergo
1254 3967 1364 4042 agoni·

180 4057 275 4116 zantis
298 4056 356 4116 hoc
379 4056 556 4129 audientes,
590 4062 743 4123 subtracta
767 4064 823 4123 sibi
845 4082 935 4126 sacco
958 4065 1127 4143 plumarum
1152 4084 1245 4143 super
1268 4085 1365 4129 sacco

181 4156 383 4221 aincibrorum
401 4158 507 4237 jacere
522 4165 751 4238 permittentes,
765 4167 805 4227 sin
828 4184 889 4247 qua
904 4170 1007 4235 statim
1021 4169 1111 4241 obiit,
1134 4176 1166 4229 at
1179 4187 1249 4231 max
1264 4175 1364 4235 semi·
