2874 4770
771 152 839 221 228

214 332 305 393 liliam
328 328 536 409 adoptaverat,
568 346 606 391 er
634 346 695 408 qua
723 327 829 390 habuit
849 328 945 390 filium
971 327 1185 410 posthumum,
1216 328 1272 406 qui
1294 332 1400 387 tamen

215 436 246 495 in
268 432 392 494 infautia
415 434 503 505 obiit,
527 441 558 493 et
581 441 650 512 post
673 451 786 513 paucos
809 451 903 494 annos
923 431 1054 493 lacobus
1077 451 1130 493 rex
1152 435 1184 493 in
1206 431 1325 492 lectum
1349 450 1400 491 er·

215 545 329 598 tramae
362 538 558 617 aegritudiuis
586 536 693 598 incidit
731 546 932 615 senatumque
965 536 1115 598 Venatum
1146 545 1282 598 tutorem
1313 536 1400 613 regni

214 643 342 701 instituit
376 649 408 701 et
438 642 520 702 obiit.
551 642 588 704 Et
610 645 652 704 ita
673 643 763 721 Cypri
785 661 913 721 regnum
935 644 965 703 iu
989 659 1095 702 manus
1118 640 1312 702 Venetorum
1328 639 1398 698 hae·

215 742 357 804 reditario
386 743 456 821 jure
483 744 618 818 devenit;
649 748 785 824 reginam
809 748 888 807 enim
922 749 1117 825 superstitem
1140 748 1172 805 iu
1201 763 1300 824 reguo
1334 743 1399 821 qui·

214 844 285 905 dem
307 845 500 919 dimiserunt,
531 847 587 909 sed
614 850 680 909 sine
711 852 836 910 marito:
873 856 904 909 et
931 851 974 909 ita
1001 849 1090 910 hodie
1123 855 1172 909 est
1200 851 1232 909 in
1254 848 1410 908 Nicosiae.

215 946 344 1027 palatio,
368 967 459 1028 quem
483 968 540 1028 ego
562 951 624 1013 ridi
646 955 677 1014 in
701 972 768 1014 mea
790 955 888 1031 prima
909 954 1162 1030 peregrinatione.

303 1052 340 1112 Et
361 1053 421 1112 iste
444 1060 492 1113 est
512 1054 611 1116 brevis
634 1059 721 1136 regni
737 1056 817 1118 illius
834 1056 979 1117 decursus
1003 1074 1020 1116 a
1042 1055 1229 1134 temporibus
1251 1054 1400 1114 vetustis·

217 1157 301 1215 simis
324 1173 422 1233 usqne
453 1155 490 1216 ad
522 1156 580 1216 hoc
612 1167 750 1219 nostrum
773 1177 892 1220 aevum.
938 1159 1101 1218 Continent
1124 1165 1228 1218 autern
1250 1157 1399 1217 historiae

217 1259 310 1319 multa
340 1258 377 1318 de
400 1259 458 1318 hoc
480 1276 589 1337 reguo,
620 1278 698 1339 quae
726 1264 882 1324 brevitatis
911 1279 1003 1323 causa
1034 1264 1151 1322 omitto.
1196 1260 1265 1320 lloc
1297 1267 1400 1320 autem

217 1360 368 1437 singulare
391 1360 468 1438 legi,
496 1361 577 1438 quod
599 1364 731 1441 quodam
753 1371 892 1442 tempore
914 1372 1015 1425 tantae
1037 1366 1079 1425 ibi
1102 1370 1186 1424 erant
1210 1362 1344 1433 divitiae,
1367 1368 1402 1423 nt

216 1481 309 1524 urnae
332 1470 492 1542 puteorum
515 1471 546 1524 et
569 1474 692 1526 catenae
717 1485 821 1528 earum
844 1474 949 1528 essent
971 1474 1150 1545 argenteae,
1184 1473 1215 1527 et
1244 1469 1277 1525 in
1308 1468 1400 1545 regiis

219 1567 349 1646 palatiiis
372 1584 492 1627 aureae.
538 1569 599 1630 Sed
632 1589 713 1631 nunc
739 1569 830 1649 longe
859 1570 945 1631 aliter
967 1578 1032 1643 est,
1060 1577 1093 1629 et
1120 1569 1269 1629 desolatio
1292 1586 1402 1647 magna

219 1678 250 1730 et
271 1671 440 1731 miseranda
462 1672 503 1732 ibi
535 1690 571 1733 ex
601 1675 681 1734 malo
704 1677 851 1752 regimine
876 1676 1018 1735 cernitur,
1065 1672 1188 1751 Triplici
1212 1675 1297 1732 enim
1319 1672 1401 1733 malo

219 1772 354 1849 subjacet
383 1781 463 1835 terra
494 1775 553 1836 illa.
599 1774 733 1839 Primum
756 1786 819 1848 est,
850 1778 932 1855 quod
955 1780 1019 1837 suis
1041 1780 1122 1839 veris
1144 1776 1330 1837 haeredibus
1355 1782 1402 1836 est

219 1880 348 1955 privata,
382 1886 413 1938 et
444 1879 572 1957 dignitas
602 1884 700 1959 regia,
731 1899 791 1958 qua
814 1899 831 1940 a
854 1889 993 1958 tempore
1016 1879 1083 1940 Beli
1106 1881 1325 1948 vetustissimi,
1351 1881 1401 1956 qul

217 1979 274 2039 luit
289 1988 357 2040 ante
368 1981 479 2041 Christi
492 1982 656 2043 adrentum
669 1980 761 2053 1930,
777 2002 873 2062 usque
891 1984 927 2044 ad
943 1992 1080 2060 tempora
1089 1981 1231 2052 Ludwici,
1245 1979 1401 2061 (1532)

220 2082 370 2143 Carlottae
394 2087 509 2157 mariti,
540 2089 591 2165 qui
614 2086 670 2146 luit
701 2104 779 2145 anno
803 2094 873 2166 post
896 2088 1132 2147 incarnationem
1155 2085 1279 2145 Domini
1306 2082 1401 2155 1463,

218 2204 340 2266 semper
361 2188 418 2249 fuit
440 2190 602 2261 honorata,
624 2191 655 2249 in
679 2196 811 2260 tanturn,
836 2189 917 2267 quod
939 2191 1055 2250 nobiles
1078 2189 1326 2261 Christianitatis
1353 2193 1402 2269 qui

218 2295 248 2353 in
272 2292 423 2353 dominico
447 2293 608 2371 sepulchro
631 2293 769 2353 militiam
793 2292 894 2370 adepti
915 2293 1050 2363 fuerunt,
1076 2310 1135 2351 non
1160 2294 1346 2370 reputabant
1369 2313 1401 2355 se

217 2414 306 2457 veros
330 2396 456 2468 milites,
487 2399 545 2456 nisi
569 2414 638 2456 cum
661 2396 782 2473 regibus
807 2394 897 2473 Cypri
921 2395 1218 2456 confoederationem
1252 2396 1401 2459 fecissent

219 2509 250 2560 et
273 2503 392 2579 signum
415 2501 481 2575 ejus
505 2503 655 2561 amicitiae
677 2501 885 2578 accepissent,
908 2501 987 2559 sicut
1010 2505 1093 2577 patet
1115 2517 1206 2577 supra
1228 2498 1261 2560 P.
1286 2500 1310 2562 l.
1337 2503 1400 2563 Ful.

222 2602 272 2668 16.
295 2605 331 2666 A.
376 2605 413 2667 Et
435 2609 466 2666 in
490 2614 574 2667 tanto
597 2605 713 2665 honore
737 2622 825 2682 reges
850 2603 940 2682 Cypri
962 2603 1162 2673 habebantur,
1197 2606 1277 2664 sicut
1308 2625 1400 2685 reges

218 2710 403 2782 Jerusalem,
444 2712 512 2789 qnia
543 2727 671 2786 regnnrn
700 2716 837 2768 sanctum
864 2705 1170 2785 hierosolymitanum
1200 2709 1231 2766 in
1263 2707 1400 2786 Cyprum

218 2815 275 2874 fuit
298 2814 492 2885 translatum,
521 2823 552 2875 et
575 2815 738 2875 habebatur
762 2813 878 2890 Cyprus
902 2830 918 2871 a
942 2816 1059 2873 cunctis
1081 2812 1219 2873 fidelibus
1244 2811 1345 2872 aditus
1367 2816 1399 2874 in

218 2924 330 2976 terram
354 2925 505 2988 sanctam,
528 2937 584 2998 per
606 2936 699 2997 quem
713 2916 882 2976 Jerusalem
904 2916 1081 2978 redimenda
1103 2923 1213 2987 staret,
1237 2915 1294 2975 sed
1317 2937 1399 2978 nunc

219 3021 368 3079 contraria
391 3023 437 3079 via
465 3030 526 3093 est,
554 3040 626 3082 nam
657 3021 767 3082 t'eneti
797 3028 921 3099 propter
944 3020 1076 3099 Cyprum
1106 3019 1231 3080 loedere
1264 3020 1398 3099 colligati

219 3128 289 3181 sunt
305 3119 421 3191 Turcis,
445 3122 526 3200 qnod
545 3127 590 3183 sic
608 3124 725 3184 accidit.
755 3123 905 3184 Defuncto
923 3126 1005 3183 enim
1020 3123 1131 3184 Jacobo
1147 3127 1267 3202 spurio,
1290 3125 1398 3185 ultimo

219 3241 308 3301 rege,
331 3224 504 3286 Fumandus
528 3246 580 3288 rex
595 3228 717 3289 Siciliae
741 3229 890 3305 aspirabat
912 3224 949 3286 ad
972 3245 1099 3303 regnum
1122 3233 1153 3286 et
1179 3228 1304 3288 l'enetis
1330 3229 1397 3306 plu·

219 3329 311 3388 rimas
340 3330 489 3407 irrogabat
512 3330 634 3407 injurias
667 3329 860 3408 Turcumquc
884 3335 988 3389 contra
1012 3347 1064 3388 eos
1089 3332 1273 3402 concitabat,
1295 3340 1329 3389 ut
1354 3334 1398 3393 sic

218 3428 320 3491 fractis
343 3435 408 3511 ipsc
431 3434 462 3491 in
486 3433 618 3511 Cyprum
641 3434 770 3493 liberum
792 3436 964 3510 ingressum
987 3432 1097 3492 habere
1122 3441 1236 3510 posset.
1282 3434 1398 3495 l'lden·

218 3538 266 3591 tes
290 3543 391 3595 autem
413 3536 540 3608 Veneti,
569 3556 604 3597 se
626 3536 760 3616 undique
784 3545 937 3615 gravatos,
961 3554 1030 3596 curn
1053 3534 1159 3596 Turcis
1182 3555 1290 3615 pacem
1312 3539 1398 3599 lecc-

218 3645 289 3696 runt
314 3656 390 3698 anno
410 3638 507 3711 1456,
532 3657 609 3717 qrrae
625 3657 674 3698 res
691 3641 808 3712 effecit,
830 3648 864 3700 ut
881 3639 971 3700 Turci
995 3641 1108 3699 relictis
1124 3641 1248 3701 Venetis
1273 3661 1400 3706 omnem

217 3738 289 3798 bclli
312 3744 371 3800 vim
396 3745 426 3801 in
449 3743 640 3803 chandum
663 3751 890 3815 converterent,
923 3750 1012 3820 atque
1037 3746 1078 3804 ita
1100 3744 1290 3815 Hidruntum,
1313 3748 1399 3825 Apu·

219 3841 277 3901 liae
302 3845 453 3903 civitatem
477 3848 638 3921 optimam,
663 3851 760 3925 cepit,
784 3856 814 3908 et
837 3849 895 3907 nisi
914 3847 996 3907 Deus
1020 3867 1073 3910 sua
1097 3849 1302 3910 misericordia
1326 3869 1398 3911 suc·

220 3947 381 4016 currisset,
411 3947 544 4007 tollendo
568 3948 605 4008 de
628 3948 730 4010 medio
752 3949 979 4013 Machometum
1002 3951 1134 4013 Turcum
1155 3972 1313 4029 magnum,
1332 3956 1400 4032 jam

218 4054 313 4108 totam
335 4048 451 4110 ltaliam
474 4048 565 4111 Turci
586 4049 788 4131 possiderent
821 4054 920 4129 Ecce,
943 4054 1093 4135 quomodo
1108 4054 1223 4133 Cyprus
1244 4055 1325 4119 facta
1350 4068 1401 4121 est

219 4151 368 4214 ecclesiae
391 4152 537 4232 laqueusl
