2874 4770
689 165 754 235 aul

135 343 276 425 sepelivit
298 350 387 413 caute
407 345 440 404 in
455 341 644 413 Jerusalem,
666 340 774 403 nolens
797 345 944 420 utxcapnt
965 357 1034 402 cum
1057 357 1185 419 corpore
1209 357 1311 402 mane-

136 441 209 520 ret,
231 466 270 508 ue
301 446 499 526 resurgeret(
531 446 680 525 Discipuli
713 451 814 507 autem
845 442 912 520 ejus
938 444 1081 506 tollentes
1105 463 1215 524 corpus
1238 443 1312 536 illud

137 552 324 632 sepelierunt
340 553 371 611 in
387 550 513 612 Sebaste
528 550 727 620 Palaestinae,
750 567 827 628 quae
846 555 892 609 est
908 548 1050 621 Samaria,
1066 551 1145 610 inter
1159 548 1312 620 Elisaeum

137 661 168 716 ct
190 654 315 716 Abdiarn
338 654 510 733 prophetas.
550 654 630 715 Dum
653 659 755 714 autern
777 652 815 712 ad
838 651 903 728 ejus
934 652 1083 741 tumulum
1106 652 1199 713 multa
1220 655 1310 715 mira·

135 759 203 820 cula
226 759 333 820 flerent
354 758 449 818 multo
473 762 611 836 tempore
634 774 734 835 usque
757 763 895 834 tempora
917 755 1026 816 iuliani
1055 762 1226 835 apostatae,
1260 758 1312 836 qni

136 862 191 923 tuit
207 880 285 923 anno
301 862 423 922 Domini
440 857 524 932 363,
547 879 609 922 non
631 859 733 920 ferens
757 865 902 938 apostata,
925 857 1043 920 invidus
1060 859 1170 937 gloriae
1185 859 1252 931 Dei,
1274 858 1312 921 ad

135 964 237 1027 locum
261 965 413 1045 sepulchri
444 967 541 1047 uenit,
572 963 792 1042 sarcophagum
826 963 944 1040 aperuit
977 968 1009 1021 et
1031 979 1101 1023 ossa
1127 979 1213 1023 sacra
1235 968 1311 1023 tarn-

136 1087 226 1155 quam
247 1069 363 1131 inutilia
385 1066 473 1146 abjici
496 1073 526 1128 et
548 1085 604 1146 per
636 1085 778 1145 campum
802 1066 934 1145 dispergi
964 1066 1125 1128 mandarit.
1162 1064 1218 1127 Ubi
1241 1065 1312 1128 dum

134 1171 249 1250 majora
264 1171 407 1233 miracula
424 1171 546 1243 tierent,
565 1169 657 1248 jussit
672 1177 815 1250 tyrannus
840 1187 910 1230 ossa
925 1187 1011 1231 sacra
1026 1171 1116 1230 latius
1132 1170 1167 1230 ab
1183 1171 1312 1231 invicem

135 1276 280 1356 dispergi;
315 1276 370 1339 sed
391 1295 451 1338 nec
474 1278 519 1337 sic
542 1277 731 1336 cessantibus
755 1275 907 1336 miraculis
932 1273 1026 1350 jussit
1048 1292 1119 1336 ossa
1141 1277 1242 1336 omnia
1264 1293 1311 1336 re·

135 1383 236 1464 colligi
259 1391 290 1446 et
312 1382 459 1445 comburi.
506 1382 583 1442 Cum
607 1388 709 1443 autern
732 1399 803 1442 ossa
825 1380 862 1440 ad
881 1381 1098 1441 combustionis
1115 1379 1216 1439 locum
1240 1398 1311 1441 con·

135 1493 349 1565 gregarentur,
373 1486 495 1566 quidam
518 1485 681 1546 Christiani
704 1502 738 1544 se
760 1485 921 1563 gentilibus
944 1485 1153 1545 immiscentes
1177 1478 1339 1544 collectis·

136 1591 285 1668 aliquibus
302 1576 445 1650 membris
469 1595 500 1649 et
523 1584 863 1667 ossibuspraecursoris
888 1588 1035 1648 abierunt.
1065 1587 1158 1647 Porro
1175 1587 1312 1648 deutrum

134 1692 306 1763 brachium,
340 1692 411 1757 dum
434 1710 504 1753 curn
527 1692 591 1752 aliis
616 1692 737 1752 ossibus
759 1691 867 1752 luisset
895 1693 958 1768 igni
980 1691 1143 1762 iniectum,
1178 1691 1312 1753 comburi

136 1815 197 1859 non
220 1799 333 1876 potuit,
365 1795 420 1857 sed
448 1798 599 1874 integrum
631 1815 701 1857 curn
723 1815 813 1858 manu
845 1803 877 1857 et
907 1804 1028 1858 extento
1058 1797 1150 1876 digito
1185 1798 1311 1867 mansit;

135 1899 216 1962 uude
240 1902 449 1962 combustione
472 1907 594 1982 peracta
608 1900 747 1961 monachi
765 1900 802 1961 ad
817 1901 917 1962 locum
933 1907 1145 1974 accesserunt,
1167 1903 1312 1962 intactum

136 2022 255 2066 sacrum
277 2001 431 2068 brachium
455 2022 523 2065 cnm
548 2003 656 2083 digito,
680 2005 762 2084 quod
777 2004 970 2085 postmodum
993 2005 1096 2067 datum
1118 2006 1174 2067 fuit
1189 2011 1339 2066 sanotae·

135 2109 242 2187 virgini
259 2107 370 2169 Teclae
387 2106 594 2190 (auferentes),
619 2126 696 2186 quae
718 2108 792 2169 illud
809 2109 846 2170 ad
859 2113 1081 2187 ‚transmarinas
1097 2119 1199 2189 partes
1215 2124 1311 2188 usque

133 2213 165 2272 in
186 2211 401 2273 Norrnanniam
424 2211 547 2283 detulit,
570 2211 620 2282 ubi
642 2211 737 2273 multo
761 2218 902 2292 ternpore.
920 2215 951 2274 iu
967 2213 1080 2274 honore
1095 2213 1230 2274 habiturn
1254 2219 1310 2274 est.

134 2314 265 2388 Quidam
288 2317 576 2393 autem'imperator
607 2333 663 2393 pro
694 2317 793 2376 causis
814 2304 1030 2378 Normanniam
1063 2320 1212 2378 transiens
1242 2319 1310 2380 bra·

134 2419 235 2480 chium
267 2421 384 2500 accepit
413 2424 444 2480 et
466 2418 541 2480 illud
563 2420 594 2479 in
614 2417 891 2499 Constantinopolin
915 2424 1045 2500 portavit
1081 2427 1113 2482 et
1146 2423 1177 2483 iu
1211 2422 1310 2483 eccle·

136 2525 213 2585 siam
236 2523 266 2584 S.
283 2520 414 2602 Sophiae
437 2523 556 2584 locavit.
589 2521 682 2585 Por'ro
706 2541 784 2585 anno
806 2525 928 2586 Domini
946 2524 1028 2591 1452
1052 2534 1197 2609 ceperunt
1221 2525 1311 2588 anci

136 2627 441 2707 Constantinopolim,
473 2634 517 2697 et¹
533 2627 604 2689 dnm
638 2627 784 2690 ecclesias
816 2629 1009 2709 profanarent
1037 2639 1069 2703 et
1091 2630 1194 2693 alteria
1216 2629 1309 2692 sulio·

135 2730 243 2794 dorent
265 2739 296 2793 ct
318 2731 459 2810 reliquias
483 2731 693 2811 dispergerent
716 2738 747 2793 et
768 2734 997 2808 conculcarent,
1020 2737 1204 2808 ,invenerunt
1219 2737 1311 2797 etiam

130 2835 363 2915 saepedictum
390 2835 548 2896 brachium
580 2851 650 2896 oum
680 2854 735 2897 suo
763 2838 876 2915 scripto
909 2839 1012 2910 titulo,
1044 2839 1126 2919 quod
1156 2842 1309 2920 accipiens

133 2937 309 3021 Maohumet
330 2958 385 3020 pro
408 2958 443 3002 se
474 2928 662 3009 conservarit
684 2959 837 3020 reponens
860 2943 892 3003 in
914 2961 987 3005 snos
1010 2945 1185 3018 thesauros;
1214 2947 1308 3025 siqui·

133 3045 204 3108 dem
218 3053 258 3108 et
280 3048 439 3110 Sarraceni
461 3053 500 3108 et.
515 3047 644 3126 gentiles
668 3050 780 3110 caeteri
809 3049 958 3112 honorant
981 3048 1012 3109 S.
1035 3047 1204 3110 iohannem
1233 3051 1306 3130 bap·

133 3152 244 3212 tistam.
289 3152 421 3213 Demum
450 3169 528 3213 anno
557 3152 679 3214 Domini
709 3149 793 3217 1480
824 3153 906 3215 idem
928 3154 1139 3217 Machametus
1168 3153 1309 3215 Rhodum

126 3253 255 3317 obsedit
283 3256 376 3336 (1⁷3
399 3253 459 3334 α),
501 3255 558 3318 sed
594 3259 691 3319 victus
722 3265 754 3319 et
786 3257 930 3319 confusus
961 3258 1125 3330 abscessit,
1157 3263 1191 3317 ut
1219 3275 1309 3336 supra

124 3365 216 3438 patet
237 3358 301 3420 Fol.
313 3358 395 3432 153,
418 3368 449 3423 et
463 3379 550 3446 *anno
563 3363 672 3424 eodern
688 3364 769 3435 obiit,
794 3366 842 3424 cui
857 3374 934 3431 unus
949 3363 1078 3425 filiorum
1101 3381 1224 3424 snorum
1238 3381 1307 3423 suc·

134 3465 243 3535 cessit,
279 3463 355 3525 alter
377 3467 413 3526 ab
435 3483 473 3526 eo
497 3466 536 3528 de
566 3474 646 3530 terra
679 3468 855 3549 profugatus
885 3470 965 3529 iuter
995 3468 1180 3529 Christianos
1197 3483 1308 3545 vusque

132 3565 225 3627 hodie
253 3574 365 3629 manet.
411 3567 465 3630 Ille
488 3588 560 3650 ergo
582 3589 743 3634 successor
765 3573 867 3650 regni,
891 3589 961 3632 curn
983 3571 1125 3650 paternos
1148 3571 1309 3632 lustrasset

132 3671 189 3732 eibi
212 3669 375 3734 derelictos
397 3675 571 3748 thesauros,
603 3677 760 3738 inveniens
784 3677 882 3736 sancti
904 3672 1048 3736 lobannis
1070 3677 1218 3755 baptistae
1240 3676 1307 3737 bra·

133 3774 234 3837 chium
258 3783 290 3838 ct
313 3794 433 3839 manum
456 3774 594 3858 produxit
631 3785 661 3840 et
684 3780 770 3858 quasi
795 3797 849 3858 pro
865 3778 958 3840 nihilo
974 3779 1096 3851 habuit,
1115 3798 1189 3842 uuor
1205 3785 1308 3842 autem

132 3877 315 3971 ejus-,quae
331 3881 498 3945 Christiana
515 3901 625 3963 graeca
651 3891 697 3945 est
700 3929 713 3971 ,
736 3885 831 3945 suasit
853 3885 898 3954 ei,
921 3889 954 3945 ut
981 3883 1039 3943 hoc
1054 3882 1210 3945 brachium
1225 3883 1307 3945 libo·

133 3981 229 4046 dianis
251 3988 471 4067 transmitteret·
497 3990 590 4050 etita
612 3988 664 4050 illo
687 4005 813 4051 munere
836 4005 889 4049 eos
915 3988 1050 4067 placaret
1073 4006 1166 4067 super
1194 3987 1308 4049 malurn

133 4101 151 4147 a
171 4095 256 4166 patre
278 4092 325 4152 eis
347 4092 463 4153 illatum
497 4108 613 4171 eosque
646 4093 703 4154 sibi
726 4093 873 4172 propitios
902 4098 933 4154 et
962 4093 1076 4153 amicos
1099 4093 1306 4153 constitueret.

126 4189 291 4270 -Siquidem
312 4202 381 4276 post
410 4201 532 4283 turpem
563 4195 664 4275 lugam
686 4193 856 4258 'lurcorum
878 4212 895 4257 a
918 4195 1027 4257 Rhodo
1054 4195 1204 4270 terribiles
1236 4193 1307 4255 iacti

1067 4313 1100 4365 19
