2874 4770
388 1605 655 1729 rnlcrlms
680 1605 839 1702 nonus.
862 1606 1059 1727 ucuu,

137 1821 315 1904 continens
342 1821 422 1904 acto
455 1828 717 1919 peregrinorum
744 1850 808 1921 per
834 1846 985 1904 mensem
1013 1832 1241 1904 Nouembrem
1276 1837 1312 1904 et

312 1945 462 2025 reditum
490 1973 609 2025 eorum
637 1954 682 2024 ad
710 1955 984 2026 Christianorum
1011 1960 1131 2027 terras.

219 2163 393 2235 November
415 2175 535 2233 tristem
558 2171 640 2232 diem
661 2174 791 2253 primam
814 2173 899 2233 nobis
923 2173 1036 2247 attulit,
1060 2179 1183 2254 propter
1206 2192 1310 2236 casum

133 2277 198 2354 jam
226 2276 422 2336 recitandum.
475 2274 511 2347 ln
541 2276 640 2352 vigilia
671 2277 805 2335 omnium
838 2276 1021 2336 Sanctorum
1055 2280 1134 2337 cirea
1165 2295 1310 2356 vesperas

138 2382 268 2457 graviter
290 2378 413 2440 invaluit
434 2378 590 2438 iufirmitas
614 2377 726 2437 domiui
749 2376 906 2453 lobannis,
937 2383 1056 2441 comitis
1080 2380 1117 2440 de
1139 2380 1256 2452 Soltns‚
1280 2389 1311 2442 et

136 2483 305 2545 advocatus
322 2480 459 2541 medicus
483 2481 674 2541 dominorum
690 2482 804 2553 classis,
829 2501 927 2562 eoque
950 2487 1015 2546 viso
1032 2484 1114 2554 dixit,
1138 2501 1207 2543 eum
1221 2486 1311 2545 morti

135 2587 200 2647 iore
225 2588 440 2665 propinquum3
465 2585 523 2645 hoe
539 2585 704 2646 ,audientes
728 2603 848 2673 omnem
864 2587 1098 2649 sollicitudiuem
1115 2587 1254 2659 fecimus,
1276 2595 1310 2648 ut

134 2709 205 2750 eum
229 2689 427 2750 eucharistiae
461 2690 571 2751 viatico
604 2692 808 2763 muniremus,
843 2698 874 2750 et
897 2693 1035 2751 misimus
1068 2691 1105 2751 ad
1130 2709 1236 2751 omnes
1260 2709 1309 2751 ca-

132 2795 226 2874 pellas
244 2794 475 2867 catholicorum,
499 2794 554 2854 sed
569 2801 708 2856 sanctum
723 2801 961 2867 sacramentum,
983 2795 1061 2856 heu!
1083 2795 1186 2857 nullibi
1210 2814 1307 2856 reser-

129 2906 231 2960 vatum
262 2900 448 2970 invenimus,
483 2917 541 2959 nec
573 2899 675 2960 oleum
704 2904 857 2960 extremae
887 2901 1047 2959 unctionis.
1101 2898 1136 2959 ln
1170 2899 1307 2959 ecclesiis

130 3011 231 3064 autem
254 3003 516 3063 schismaticorum
538 3004 615 3064 lorte
632 3005 867 3082 reperissemus,
891 3002 947 3063 sed
962 3005 1186 3064 communicare
1209 3007 1252 3064 eis
1275 3006 1307 3064 in

129 3109 326 3167 sacramentis
348 3106 515 3177 noluimus,
546 3108 615 3184 quio
637 3104 790 3166 etiamde
813 3098 933 3166 haeresi
956 3107 1041 3167 nobis
1064 3108 1199 3187 suspecti
1223 3115 1308 3168 erant

128 3211 171 3271 illi
196 3211 368 3271 orientales.
402 3209 567 3270 confessor
589 3214 695 3282 autemv
715 3226 797 3281 suus,
820 3216 907 3287 pater
929 3209 1047 3282 Paulus,
1071 3211 1185 3271 ordinis
1207 3210 1305 3272 Mino-

128 3333 210 3385 rum,
245 3314 361 3374 auditax
375 3312 440 3389 ejus
464 3311 654 3372 confessione
690 3314 890 3392 impensaque
929 3314 1117 3374 absolutione
1155 3315 1306 3393 plenariae

127 3419 316 3480 remissionis
339 3419 370 3476 in
395 3419 560 3477 crastinum
583 3419 639 3478 sub
662 3421 753 3478 missa
777 3419 915 3497 promisit
940 3419 1054 3494 petenti
1069 3417 1186 3478 infirmo
1202 3436 1306 3480 sacrae

128 3523 331 3583 eucharistiae
366 3524 620 3581 communionem.
676 3522 809 3583 Instante
848 3528 951 3582 autem
981 3519 1081 3609 media
1114 3529 1203 3582 nocte
1238 3528 1306 3599 post

126 3627 298 3687 luctuosam
322 3628 460 3703 agoniam
476 3625 513 3686 ad
530 3633 695 3687 extremam
710 3627 815 3687 horam
831 3627 911 3687 vitae
928 3622 1074 3684 deductus
1101 3631 1149 3684 est
1172 3630 1202 3684 et
1218 3624 1307 3702 plena

126 3731 243 3789 ratione
279 3729 457 3806 sinceraque
489 3729 650 3808 devotione
682 3731 713 3789 in
736 3730 874 3790 manibus
898 3729 946 3788 sui
969 3727 1153 3788 confessoris
1177 3730 1305 3788 circum·

126 3833 275 3893 stantibus
298 3833 466 3910 peregrinis
497 3838 528 3893 et
551 3832 705 3915 orantibus
728 3835 802 3894 obiit
835 3835 871 3894 ab
895 3833 951 3893 hac
982 3833 1051 3892 luce
1079 3830 1233 3891 decedens
1268 3829 1306 3891 ad

127 3935 216 3997 sedes
246 3953 336 4014 spero
366 3935 478 3996 beatas.
527 3935 604 3996 Cum
634 3941 736 3997 autem
762 3937 943 3999 vidissemus
971 3953 1040 3996 eum
1063 3934 1241 3995 defunctum
1262 3933 1304 4009 la·

128 4040 280 4101 mentabili
302 4039 386 4101 luctu
409 4047 441 4101 et
463 4038 537 4099 lletu
554 4037 708 4101 domiuum
731 4047 762 4103 et
784 4041 911 4102 fratrem
935 4047 1072 4100 nostmm
1095 4038 1304 4116 deplanximus

128 4160 259 4220 moxque
291 4158 403 4224 corpus
422 4142 647 4205 linteaminibus
669 4144 866 4212 involvimus
885 4149 916 4204 et
933 4142 1045 4204 feretro
1074 4141 1251 4220 impositum
1272 4142 1305 4200 iu
