2902 4710
737 173 781 242 42

171 351 254 412 enim
286 349 323 410 ad
354 349 451 429 lyram
473 347 612 428 Apolline
640 349 779 428 pulsante
802 353 913 410 canunt
936 354 966 410 et
989 343 1106 409 saltant.
1152 347 1222 411 slve
1246 356 1348 412 autern

172 453 212 512 sit
233 450 406 524 Musarum,
438 454 500 514 sive
523 451 730 531 Nympharum
750 450 876 522 domus,
907 436 1011 530 utique
1041 457 1181 531 potenter
1204 470 1271 512 eam
1294 455 1346 515 ob·

170 555 284 626 tinent3
319 555 374 615 sed
396 574 435 615 ne
457 556 562 626 bomo,
595 553 681 631 cujus
712 562 759 615 est
790 555 948 626 habitatio,
972 560 1202 646 nocumentum
1217 568 1272 635 per
1294 574 1346 617 eas
1408 566 1413 573 '

171 656 297 728 habeat,
319 658 444 736 singulis
467 657 621 718 mensibus
643 658 672 717 in
697 656 745 717 die
760 656 882 719 litorum
899 655 1102 736 (calendarum
1112 653 1139 735 l)
1163 657 1254 720 domu
1285 728 1322 743 ,.,
1374 659 1377 676 '

172 758 310 838 grediens
333 761 446 821 invenit
469 777 561 838 super
582 776 719 820 mensam
741 759 902 837 panniculo
925 758 1071 837 illigatum
1094 662 1344 838 pecuniam&-

169 867 248 933 tam‚
271 870 411 940 quantam
433 867 612 942 accepturus
635 870 700 924 erat
723 862 759 922 ab
783 878 836 932 eo,
860 863 909 921 cui
932 859 1055 922 domum
1077 859 1219 922 locasset.
1266 862 1344 936 Quid

85 990 93 998 ·
170 971 271 1026 autem
294 967 351 1026 boc
374 972 485 1035 totum,
510 963 590 1042 quod
615 964 729 1026 dictum
751 971 799 1024 est
815 963 852 1024 de
868 963 976 1034 domo,
1000 965 1135 1025 veritatis
1157 964 1276 1037 babeat,
1295 965 1345 1042 ju·

169 1067 247 1130 dicio
270 1069 399 1147 legentis
423 1067 615 1146 derelinquo,
640 1066 767 1146 gentiles
791 1067 849 1126 hoc
871 1068 956 1127 nobis
979 1066 1116 1127 dixerunt
1131 1083 1239 1144 magno
1256 1070 1346 1140 serio,

167 1170 237 1232 ideo
259 1172 415 1250 gentilium
438 1170 518 1231 dicta
541 1169 579 1230 de
602 1170 750 1249 Nymphis
773 1175 803 1231 et
825 1167 922 1230 Musis
945 1171 1136 1230 insemimus.
1184 1169 1229 1229 De
1252 1169 1345 1248 Nym·

167 1273 236 1353 phis
258 1275 326 1353 plus
349 1273 419 1335 vide
442 1273 494 1334 lol.
519 1269 592 1336 325.

252 1376 370 1437 Deinde
393 1378 549 1456 progressi
572 1393 695 1447 sumus‚‘
727 1382 758 1436 et
781 1376 819 1437 ad
840 1377 1095 1439 unumvenimus
1126 1375 1247 1436 bortum
1281 1393 1344 1436 ma-

166 1480 248 1540 ceria
271 1478 499 1539 circumdatum.
542 1477 578 1539 ln
592 1478 643 1538 illo
658 1477 746 1539 borto
761 1480 845 1539 stetit
860 1477 1011 1556 quondam
1027 1477 1114 1538 arbor
1128 1478 1343 1547 vetustissima,

167 1598 258 1660 quam
280 1581 388 1659 vulgus
412 1587 541 1658 uterque
564 1581 798 1642 sarracenorum
821 1588 852 1642 et
875 1580 1113 1641 Christianorum
1136 1581 1343 1650 venerabatur,

167 1684 236 1761 quia
259 1700 275 1742 a
298 1684 448 1761 prioribus
472 1691 667 1763 acceperant,
698 1685 754 1750 sub
787 1670 852 1760 ejus
885 1684 990 1744 umbra
1012 1684 1164 1760 quievisse
1187 1682 1343 1760 Virginem
1436 1696 1441 1705 ¹

165 1782 292 1846 Man'am
314 1803 384 1846 cum
405 1803 500 1865 puem
523 1803 579 1847 suo
603 1785 691 1857 Jesu;
725 1784 796 1846 ideo
820 1784 968 1864 quottidie
991 1785 1048 1846 iuit
1070 1803 1214 1846 accessus
1237 1783 1272 1844 ad
1297 1803 1350 1849 ara

165 1888 288 1957 borem,
313 1892 344 1947 et
366 1889 421 1948 sub
445 1905 480 1948 ea
504 1889 628 1968 genibus
650 1887 736 1948 flexis
759 1887 927 1948 salutabant
950 1889 1106 1966 Virginem
1130 1883 1185 1968 (1))
1207 1894 1237 1948 et
1252 1887 1345 1949 lilium

169 1989 389 2051 benedicebant
410 2009 467 2071 per
488 1991 562 2053 Ave.
609 1991 740 2069 Contigit
774 1997 874 2074 autem
897 1994 927 2051 in
950 1995 1092 2070 proximis
1116 1992 1201 2071 annis
1222 1995 1342 2069 praetee

120 2157 121 2160 ,
167 2094 250 2164 ritis,
273 2093 355 2172 quod
378 2084 510 2173 quinque
533 2095 589 2155 viri
612 2093 796 2155 seditionem
817 2081 956 2172 magnam
971 2096 1001 2153 in
1017 2095 1091 2155 urbe
1108 2095 1343 2164 concitaverunt,

166 2201 198 2257 et
220 2195 322 2275 plures
345 2198 375 2256 in
400 2196 550 2258 seditione
573 2198 701 2275 peremti
726 2205 796 2258 sunt
818 2198 971 2267 homines,
1003 2196 1105 2276 iugam
1136 2204 1247 2257 autem·
1269 2198 1341 2258 arri-

163 2301 281 2379 pientes
305 2306 444 2361 auctores
470 2300 681 2380 comprehensi
705 2307 776 2362 sunt
797 2319 852 2379 per
875 2299 999 2360 Soldani
1024 2300 1162 2360 'famulos
1193 2301 1225 2359 in
1249 2299 1342 2360 borlo

162 2401 229 2473 illo,
253 2409 284 2463 et
306 2405 407 2464 statim
422 2404 453 2463 in
473 2402 550 2464 iuria
573 2405 713 2483 suspensi
736 2402 772 2464 ad
797 2421 896 2464 ramos
920 2403 1034 2468 arboris
1057 2410 1209 2474 sacratae,
1232 2400 1342 2462 eadem

163 2510 263 2564 autem
286 2504 360 2565 bora
381 2506 469 2566 arbor
490 2506 623 2568 funditus
647 2508 777 2578 exaruit3
801 2514 832 2567 et
855 2508 885 2566 in
910 2523 946 2567 ea
968 2507 1077 2566 litteris
1101 2506 1275 2566 Sarracenis
1296 2505 1341 2565 eis

162 2605 356 2687 sculpserunt
372 2607 539 2686 angelicam
554 2608 780 2680 salutationem,
797 2616 829 2670 et
844 2609 1013 2688 praelatum
1028 2609 1157 2680 iactum,
1182 2614 1213 2669 et
1229 2626 1265 2669 ex
1281 2609 1341 2669 boc

160 2709 248 2770 locus
270 2709 321 2770 ille
344 2726 442 2789 usque
465 2711 496 2770 in
518 2692 602 2770 banc
619 2710 724 2772 horam
739 2710 920 2774 venerabilis
935 2711 1078 2783 babetur,
1103 2720 1133 2773 et
1146 2714 1229 2790 virgo
1244 2709 1340 2780 Maria

161 2811 326 2873 bonoratur
348 2813 439 2874 etiam
463 2813 499 2872 ab
522 2811 701 2875 infidelibus.

251 2914 481 2993 Consequenter
503 2933 559 2994 per
579 2917 640 2976 Nili
663 2935 731 2977 oras
765 2917 970 2991 ascendimus,
994 2925 1037 2994 et
1064 2921 1094 2979 in
1122 2918 1221 2980 iorum
1249 2935 1342 2997 super

161 3017 223 3079 Nili
254 3019 323 3078 litus
346 3021 484 3080 venimus
507 3036 664 3097 magnum,
694 3021 744 3082 ubi
768 3028 833 3081 erat
855 3021 968 3083 infinita
990 3012 1155 3083 bominum
1169 3019 1339 3089 multitudo,

163 3123 354 3200 negotiantes
373 3121 459 3198 juxta
482 3139 589 3193 naves,
603 3106 606 3108 V
622 3137 699 3201 quae
722 3124 763 3183 ibi
785 3132 911 3186 onustae
935 3125 1054 3185 stabant
1075 3127 1105 3185 in
1127 3141 1235 3203 magna
1258 3141 1339 3184 com-

161 3226 330 3306 pressione.
377 3225 535 3303 Siquidem
563 3243 655 3288 naves
685 3243 811 3305 magnae
833 3234 864 3287 et
895 3228 1007 3313 multae
1040 3234 1182 3289 oneratae
1213 3226 1340 3287 diversis

162 3327 200 3389 ad
221 3345 311 3389 usum
339 3329 504 3389 humanum
537 3335 568 3389 et
601 3334 724 3390 ornatae
752 3331 881 3408 picturis
911 3332 951 3402 ibi
982 3333 1012 3391 in
1034 3331 1103 3391 Nilo
1133 3329 1250 3391 stabant
1269 3346 1339 3407 pro*-

161 3433 258 3492 tensis
293 3434 398 3492 rostris
432 3449 588 3510 prorarum
619 3433 652 3492 in
684 3437 804 3493 terram.
834 3432 892 3494 'lbi
926 3435 1017 3494 etiam
1044 3434 1173 3495 vidimus
1207 3431 1339 3492 camelos

161 3533 274 3594 multos
312 3533 415 3605 valde,
447 3534 499 3614 qui
530 3534 567 3594 ad
596 3534 668 3595 litus
699 3532 832 3596 fluminis
863 3536 1065 3596 onerabantur
1096 3535 1210 3598 utribus
1234 3552 1339 3613 aquae,

160 3653 252 3716 quam
274 3654 328 3714 per
344 3638 501 3698 civitatem
524 3633 790 3698 circumducebant
815 3645 846 3698 et
867 3640 950 3701 vicos
973 3638 1192 3717 periundebant
1214 3638 1252 3711 ad
1267 3656 1338 3717 sup·

159 3739 350 3818 primendum
373 3741 513 3820 pulveres
539 3741 684 3802 excitatos
707 3758 763 3819 per
785 3742 956 3802 discursum
979 3742 1135 3803 bominum
1169 3748 1205 3806 et,
1227 3741 1338 3802 bestia-

158 3860 241 3914 rum;
266 3844 324 3903 nisi
339 3845 420 3903 enim
424 3843 493 3904 boc
509 3843 614 3913 lieret,
637 3841 821 3904 suffocarent
809 3851 856 3905 tur
871 3845 1025 3916 homines,
1050 3853 1084 3906 ut
1100 3847 1214 3925 patebit
1230 3847 1339 3907 clarius

159 3946 192 4006 in
215 3947 344 4006 civitatis
369 3944 572 4026 descriptione
596 3945 731 4007 inferius.
801 3980 803 3986 ·

245 4048 363 4110 Deinde
397 4056 480 4110 extra
512 4049 619 4110 urbem
655 4051 859 4128 processimus
895 4057 999 4112 contra
1033 4051 1188 4114 desertum
1218 4051 1339 4115 Alrioae

158 4149 197 4214 sd
211 4149 414 4214 admirabiles
417 4151 588 4234 pyramides
604 4158 636 4213 et
649 4151 753 4214 titulos
768 4153 997 4232 sepulchrorum
1017 4158 1211 4234 antIquorum
1231 4173 1339 4236 regum
