2874 4770
686 173 748 242 109

124 355 193 437 ¹toto
216 353 296 412 enim
320 352 369 412 die
394 349 597 424 dormiebant,
630 357 663 409 ut
696 354 815 413 noctem
840 349 1011 408 insomnem
1033 347 1145 408 ducere
1169 349 1302 425 possent,

128 472 213 514 more
237 457 282 515 sui
301 451 420 531 jejunii.
467 453 541 513 Cum
575 461 677 513 autem
710 452 756 512 sol
788 452 953 512 occidisset
976 457 1007 510 et
1030 468 1085 510 nos
1110 448 1145 509 ad
1170 450 1303 527 quietern

127 575 326 636 poneremus,
350 563 545 618 surrexerunt
568 558 725 617 Sarraceni
750 562 780 615 et
802 555 900 616 Halliu
925 555 1227 624 Trutscbelmannus,
1257 554 1303 613 in-

129 662 274 739 cipientes
298 667 437 733 cantare,
461 661 590 734 ululare,
615 662 811 731 manducare,
836 663 914 720 sicut
937 662 968 719 in
991 661 1121 720 turribus
1145 659 1302 719 moschea-

130 780 197 825 rum
218 763 284 825 lieri
307 765 404 836 solet,
426 780 484 824 nec
506 765 592 825 nobis
616 765 747 842 aliquam
770 765 904 841 quietem
928 763 1112 834 tribuebant,
1143 762 1223 823 unde
1246 778 1303 840 ego

131 872 163 927 et
184 862 275 946 aliqui
297 867 389 928 etiam
412 867 596 927 surreximus
621 867 658 927 de
682 868 798 927 cumbis
822 867 933 925 nostris
957 871 988 924 et
1010 884 1079 925 eum
1103 867 1147 924 eis
1169 865 1303 942 vigilavi·

130 987 213 1040 mus,
245 972 524 1050 circumspicientes
559 977 670 1030 terram
701 977 731 1030 et
761 987 878 1046 aquam.
924 967 1036 1028 Eadem
1060 976 1150 1027 nocte
1174 967 1303 1027 vidimus
1388 1044 1391 1053 Ι

131 1072 327 1146 cocodrillos,
350 1075 490 1152 ingentes
512 1074 626 1134 bestias
650 1073 688 1133 de
711 1074 812 1133 littore
835 1090 869 1131 se
893 1074 923 1132 in
947 1088 1055 1149 aquam
1071 1073 1303 1149 praecipitantes

131 1193 224 1254 seque
246 1179 278 1237 in
300 1195 377 1256 aqua
400 1177 604 1249 revolventes,
622 1185 668 1258 ‚et
701 1175 869 1236 audivimus
893 1192 945 1234 eos
970 1175 1023 1235 sub
1048 1193 1124 1252 aqua
1147 1181 1303 1252 gementes

131 1286 162 1340 et
184 1287 400 1370 eructuantes..
432 1281 485 1341 De·
500 1281 546 1342 his
561 1281 666 1341 bestiis
683 1286 714 1340 et
729 1279 795 1338 aliis
810 1278 869 1359 Nili
885 1280 1027 1338 monstris
1045 1281 1126 1339 venit
1141 1277 1304 1339 dicendum

131 1377 316 1445 in=lluminis
340 1383 553 1464 descriptione.
573 1398 583 1415 ⁰
600 1384 776 1454 Sarraceni,
810 1384 880 1460 quia
909 1378 1036 1454 assueti,
1069 1402 1130 1443 non
1161 1384 1304 1443 curabant

131 1505 187 1547 nec
210 1487 355 1549 timebant
379 1485 573 1558 cocodrillus,
607 1487 661 1547 sed
695 1487 926 1565 hippopotamos
955 1487 1014 1546 Nili
1046 1504 1140 1563 equos
1176 1489 1303 1548 maxime

132 1589 344 1658 formidabant,
375 1589 426 1666 qui
458 1591 613 1650 nocturnis
643 1590 879 1669 navigationibus
913 1589 1015 1650 infesti
1047 1597 1117 1651 sunt
1150 1604 1302 1669 navesque

134 1699 283 1754 evertunt.
358 1725 364 1735 ·

219 1795 275 1855 Die
298 1792 388 1864 xxi,
421 1801 497 1871 q‘uae
522 1801 568 1855 est
591 1793 630 1854 Xl
653 1795 777 1856 millium
801 1796 973 1875 Virginum,
1007 1797 1165 1858 illuseente
1182 1811 1303 1878 ¹aurora

132 1906 328 1959 cessaverunt
344 1898 499 1958 sarraceni
523 1901 622 1959 asnis
647 1898 827 1969 clamoribus
851 1907 881 1961 et
904 1902 999 1978 quieti
1024 1918 1058 1960 ac
1083 1901 1253 1961 dormitioni
1269 1915 1303 1960 se

131 2001 280 2063 dederunt
301 2021 423 2075 omnes,
458 1984 642 2064 dimittentes
674 2021 783 2063 navem
814 2004 913 2062 solum
943 2007 973 2065 in
998 2021 1089 2065 manu
1111 2006 1301 2065 temonistae.

128 2105 190 2167 Sed
214 2108 330 2166 cunctis
354 2125 462 2185 sopore
485 2106 639 2185 depressis
662 2107 754 2166 etiarn
778 2106 970 2184 gubernaculi
993 2115 1095 2167 rector
1114 2089 1303 2181 obdormivit,
1397 2103 1406 2108 ’

127 2210 288 2270 reclinatus
320 2229 412 2288 snper
441 2212 572 2270 temonis
604 2209 736 2278 clavum,
772 2210 970 2287 currebatque
1002 2214 1086 2272 navis
1117 2212 1154 2272 ad
1189 2218 1303 2272 sortem

128 2311 279 2374 deorsum.
326 2314 403 2374 Steti
416 2319 517 2373 autem
533 2311 672 2388 superius
689 2309 725 2370 ad
740 2307 905 2388 legendum
920 2312 1010 2372 horas
1026 2330 1109 2372 meas
1127 2321 1157 2373 et
1174 2314 1304 2373 mirabar

128 2415 165 2475 de
188 2419 270 2477 navis
293 2413 577 2487 circumvolutione,
609 2429 686 2489 quae
717 2415 745 2472 in
777 2430 854 2489 aqua
876 2415 989 2490 passim
1013 2415 1183 2487 rotabatur,
1214 2419 1302 2478 time·

126 2520 256 2598 bamque
287 2520 354 2598 ejus
385 2516 603 2594 impletionem.
656 2514 728 2575 Post
759 2516 912 2594 paululum
949 2525 1064 2584 autem,
1099 2519 1170 2580 dum
1203 2522 1302 2581 minus

128 2623 365 2693 considerarem,
390 2623 472 2686 navis
498 2636 567 2678 cum
590 2636 679 2706 prora
701 2620 871 2696 impetuose
895 2621 926 2680 in
946 2616 1031 2683 littus
1053 2625 1193 2701 impegit,
1217 2625 1303 2698 adeo,

54 2805 61 2819 .
127 2726 206 2803 quod
223 2745 328 2788 omnes
345 2726 529 2787 dormientes
546 2723 685 2783 excitavit
700 2728 730 2782 et
747 2740 852 2783 omnes
868 2729 1046 2802 perterruit,
1058 2728 1184 2788 ‘nullum
1199 2735 1302 2789 tamen
1386 2775 1397 2793 t

126 2833 294 2909 periculum
317 2830 443 2899 accidit,
467 2829 536 2906 qula
560 2827 659 2888 mollis
683 2836 747 2888 erat
771 2836 866 2901 terra,
891 2832 938 2890 cui
954 2830 1058 2892 incidit
1073 2835 1171 2904 navis,
1195 2833 1250 2894 sed
1276 2834 1302 2893 si

125 2934 235 2995 fuisset
256 2928 375 3006 saxosa,
406 2934 589 2993 comminuta
621 2931 729 2992 luisset
753 2935 788 2993 ‘in
819 2936 915 3012 petias
951 2940 983 2995 ct
1013 2954 1067 2995 nos
1097 2938 1246 2997 submersi
1271 2941 1302 2997 et

127 3056 144 3098 a
168 3038 336 3099 cocodrillis
360 3037 502 3099 devorati.
547 3034 665 3097 lnterea
688 3038 717 3096 in
741 3037 843 3098 locum
865 3039 1019 3110 venimus,
1044 3027 1093 3100 ubi
1110 3040 1167 3100 Nili
1194 3039 1301 3101 iluvius

127 3141 267 3204 dividitur
289 3145 319 3202 in
343 3142 416 3202 duas
440 3148 540 3219 partes
571 3146 602 3199 et
631 3143 672 3200 ita
702 3139 816 3202 divisus
848 3141 1037 3205 descendunt
1065 3146 1169 3205 ambae
1200 3151 1301 3221 partes

125 3244 214 3323 longe
238 3262 255 3304 a
277 3263 326 3316 se,
350 3246 440 3322 quasi·
458 3261 512 3321 per
535 3242 594 3303 duo
611 3244 762 3316 milliaria,
788 3251 819 3304 et
841 3251 913 3305 tnnc
934 3248 1045 3305 iterum
1068 3249 1251 3308 conveniunt
1271 3253 1302 3307 et

44 3402 46 3406 ,
125 3348 158 3409 lit
180 3367 256 3410 unus
279 3348 396 3411 lluvius.
442 3345 578 3408 Medium
608 3354 710 3407 autem
739 3346 813 3407 illud
842 3350 921 3408 inter
953 3347 1012 3408 duo
1040 3349 1090 3410 illa
1111 3352 1232 3410 brachia
1255 3356 1303 3412 est

125 3453 224 3513 insula
255 3471 312 3514 una
343 3454 562 3531 pretiosissima
598 3449 688 3528 (113
705 3447 747 3527 a)
779 3453 810 3510 et
845 3453 1074 3525 amoenissima,
1108 3471 1191 3532 quae.
1213 3453 1302 3516 Delta

126 3555 251 3628 dicitnr,
276 3558 344 3634 qnia
368 3556 496 3615 formam
518 3553 625 3613 Deltae
648 3553 765 3614 litterae
789 3554 875 3625 iaeit;
911 3554 1115 3616 alias-'autem
1146 3560 1303 3618 nominant

125 3660 253 3721 insulam
269 3677 336 3720 eam
354 3677 474 3720 auream
490 3664 614 3736 propter
638 3655 704 3732 ejus
728 3657 914 3718 fertilitatem
935 3662 965 3719 in
989 3659 1153 3732 frumento,
1177 3656 1301 3735 hordeo,

126 3764 195 3824 oleo
221 3772 251 3825 et
273 3764 381 3842 palmis
404 3771 435 3823 et
458 3763 601 3830 caeteris,
636 3760 691 3820 sed
721 3769 753 3822 et
786 3762 888 3822 vinum
917 3761 1009 3822 ferret
1038 3765 1301 3842 pretiosissimum,

126 3869 152 3926 si
175 3868 218 3928 rili
242 3867 394 3928 maledieti
419 3868 553 3927 colerent
576 3865 690 3925 vineas.
736 3865 797 3926 Sed
820 3864 967 3926 Dominus
990 3868 1048 3927 hoc
1071 3875 1145 3947 potu
1168 3870 1301 3948 eos-pri-

125 3971 203 4031 vavit
227 3989 262 4031 er
286 3970 449 4031 demeritis.

211 4056 302 4137 Ηεεό
316 4077 414 4137 insula
437 4090 560 4153 semper
584 4070 663 4131 cedit
685 4076 715 4133 in
739 4073 841 4134 dotem
864 4075 1020 4153 principali
1037 4076 1121 4134 uxori
1136 4076 1217 4152 regis
1233 4073 1301 4134 Sol·

126 4175 210 4249 dani,
234 4178 272 4239 de
296 4195 354 4255 qua
376 4163 467 4241 habet
490 4194 621 4239 annuum
646 4193 770 4237 censum
793 4177 870 4237 ultra
892 4175 974 4236 Lxx
999 4178 1091 4237 millia
1114 4178 1299 4246 ducatorum,
