2874 4770
680 166 745 237 144

125 359 234 421 magna
256 360 311 421 pro
327 347 413 423 parte
428 344 565 416 cinctam,
589 363 644 422 pro
670 345 728 406 alia
750 352 835 426 parte
858 345 955 409 hortis
979 353 1010 409 ot
1031 351 1178 429 pomeriis
1203 367 1311 412 amoe-

126 446 260 506 nissimis
292 444 525 519 circumdatam,
564 448 594 507 in
632 448 740 525 quibus
773 450 892 511 stabant
928 457 991 512 tarn
1027 453 1104 514 altae
1137 452 1312 532 palmarum

128 550 249 613 arbores
272 556 304 611 et
325 551 438 611 multae
461 569 497 612 ac
519 553 546 612 si
570 556 653 611 esset
675 570 784 613 nemus
799 555 941 615 arborum
956 557 1114 634 pinorum,
1137 575 1210 617 nam
1225 563 1311 620 terra

122 651 208 730 juxta
229 650 440 714 Alexandriam
463 653 621 732 singularis
650 653 866 716 foecunditatis
890 665 937 718 est
960 677 997 720 er
1017 660 1078 720 Nili
1100 660 1253 721 beneficio
1279 667 1311 722 et

128 757 308 833 abundantia
330 761 465 820 omnium
491 776 607 831 rerum,
639 760 746 837 quibus
776 761 906 822 hnmana
935 763 995 849 vita
1025 769 1227 836 sustentatur,
1262 769 1311 825 est

123 862 169 925 :ibi
201 865 233 923 in
265 865 369 948 copia,
399 869 433 923 ut
461 863 583 942 patebit.
627 860 662 923 ln
690 862 866 942 processu,
890 877 960 924 cum
990 863 1054 940 jam
1087 865 1310 945 urbipronimi

128 983 281 1040 essemus,
305 967 445 1028 conversi
467 966 619 1027 camelarii
642 973 673 1027 et
696 969 818 1028 asinarii
841 974 911 1029 cum'
926 966 1132 1046 indignatione
1148 973 1308 1031 traxerunt

125 1088 183 1131 nos
212 1069 250 1130 de
281 1068 405 1130 camelis
436 1074 467 1129 et
490 1070 582 1130 asinis
610 1070 763 1143 dicentes,
794 1089 863 1133 esse
894 1079 998 1134 contra
1016 1071 1067 1149 jus
1090 1071 1172 1133 illius
1196 1073 1309 1134 nobilis

127 1176 227 1246 urbis,
251 1173 332 1252 quod
356 1172 543 1234 Christianus
567 1191 635 1234 earn
653 1173 840 1253 ingrediatur
854 1177 885 1235 in
901 1176 1034 1248 camelo,
1059 1193 1137 1255 equo
1153 1183 1205 1238 aut
1221 1180 1309 1238 asino

30 1333 37 1347 ,
126 1279 249 1340 sedens.
296 1276 512 1339 Gradiebamur
543 1294 615 1356 ergo
648 1295 716 1339 eam
746 1280 852 1340 bestiis
883 1277 921 1339 ad
951 1285 1069 1357 portam
1101 1279 1182 1339 urbis
1217 1281 1307 1340 nobis

131 1383 304 1462 oppositam
326 1386 358 1440 et
380 1380 642 1459 propinquiorem,
666 1379 721 1441 sed
745 1399 815 1441 curn
837 1384 962 1460 portarii
982 1400 1038 1442 nos
1053 1381 1211 1454 vidissent,
1236 1401 1309 1443 cum

127 1486 243 1547 baculis
267 1491 298 1546 et
319 1483 450 1545 fustibus
474 1484 560 1544 nobis
584 1490 799 1556 occurrerunt,
829 1483 1005 1546 claudentes
1034 1494 1155 1564 ¹portam
1178 1504 1195 1547 a
1218 1494 1307 1567 tergo

129 1607 203 1662 suo,
228 1589 379 1658 dicentes,
409 1593 527 1666 portam
550 1588 641 1647 istam
664 1606 733 1649 esse
757 1594 892 1667 apertam
913 1580 1021 1649 incolis
1045 1594 1076 1649 et
1098 1593 1177 1651 notis
1201 1591 1306 1651 Sarra·

128 1694 212 1753 cenis
236 1689 267 1751 et
282 1687 465 1751 Machometi
487 1691 633 1752 ministris
658 1700 688 1752 et
710 1691 899 1753 nullomodo
916 1693 1040 1754 canibus
1057 1700 1088 1754 et
1104 1693 1306 1755 Christicolis.

127 1794 275 1856 Dixeruot
297 1811 370 1872 ergo
394 1793 562 1854 camelariis
579 1797 705 1868 nostris,
729 1802 763 1857 ut
777 1795 925 1878 ducerent
940 1815 995 1857 nos
1009 1816 1065 1877 per
1088 1816 1196 1877 gyrum
1211 1816 1321 1876 super.

128 1898 242 1958 fossata
264 1896 302 1957 ad
326 1897 414 1958 aliam
438 1899 566 1959 civitatis
589 1904 723 1977 portam,
755 1899 785 1957 in
817 1917 876 1977 qua
909 1900 998 1961 alieni
1030 1900 1170 1961 homines
1191 1904 1307 1962 exami-

129 2006 239 2062 nantur
261 2005 292 2060 et
313 2001 493 2078 probantur,
516 2018 554 2061 an
577 2000 658 2080 digni
681 2007 752 2062 sunt
772 2003 931 2064 intromitti
952 2004 1001 2065 vel
1023 2023 1093 2065 non.
1127 2003 1308 2083 Gyravimus

133 2123 205 2183 ergo
229 2123 284 2184 per
306 2105 430 2183 longum
451 2106 510 2165 iter
531 2106 637 2166 urbem
654 2122 724 2165 cum
739 2106 888 2166 anxietate
905 2112 936 2166 et
950 2109 1078 2179 tristitia,
1102 2110 1235 2170 scientes
1250 2129 1309 2171 nos

130 2211 241 2271 iterum
263 2207 413 2271 vexandos
437 2206 482 2269 ets
491 2208 686 2270 tribulandos.
732 2205 980 2279 Quidam‘aotem
991 2209 1120 2286 juvenes
1136 2211 1308 2287 Sarraceni,

130 2315 273 2394 quiante
306 2316 434 2393 primam
464 2320 583 2394 portam
614 2312 704 2388 simul
734 2310 823 2372 ludos
854 2313 987 2390 pueriles
1016 2315 1209 2391 habuerunt,
1232 2321 1309 2381 visis

128 2419 215 2480 nobis
239 2419 419 2481 dimiserunt
434 2419 540 2481 ludum
562 2438 651 2482 suurn
675 2424 706 2479 et
727 2423 797 2496 post
818 2434 874 2476 nos
899 2424 1056 2479 currentes
1080 2437 1150 2480 cum
1173 2422 1308 2485 clamore
1338 2422 1342 2425 ’

129 2525 248 2585 irrisivo
270 2523 385 2602 lapidos
409 2530 513 2585 contra
528 2543 584 2585 nos
605 2526 761 2594 miserunt,
784 2539 860 2598 qnos
884 2518 956 2583 dum
979 2524 1070 2584 etiam
1092 2523 1241 2615 lapidibus
1257 2545 1307 2588 re·

129 2627 328 2709 pelleremus,
360 2644 430 2687 curn
457 2626 621 2688 fundibulis
645 2634 748 2689 contra
770 2643 825 2685 nos
848 2624 1014 2688 fortissime
1034 2627 1188 2704 jactabant
1211 2632 1309 2692 etita

129 2751 185 2794 nos
207 2733 369 2800 vexabant,
404 2729 486 2808 quod
515 2749 577 2790 non
606 2728 643 2790 ad
671 2729 767 2808 pedes
800 2737 975 2808 poteramus
1010 2733 1162 2811 aspicere,
1196 2732 1308 2795 sedin

130 2838 248 2906 adrem,
273 2834 310 2894 ad
332 2832 499 2895 cavendum
521 2831 654 2910 lapidum
676 2834 765 2893 ictus.
795 2832 922 2914 lnsoper
937 2835 1059 2914 quidam
1081 2852 1173 2916 super
1186 2839 1309 2900 moenia

131 2939 260 3001 civitatis
284 2942 440 2997 currentes
456 2934 494 2995 de
510 2952 595 2995 muro
613 2934 777 2998 clamabant
793 2946 896 3000 contra
910 2957 982 3012 noa,
1005 2942 1160 3002 mittentes
1183 2941 1308 3002 crebros

128 3039 255 3119 lapides.
301 3039 472 3118 Numquam
495 3035 550 3118 (iv)
574 3040 615 3100 ita
639 3040 716 3101 male
749 3039 861 3102 fuimus
893 3042 1024 3122 hospitio
1061 3047 1191 3125 recepti,
1226 3047 1308 3106 sicut

129 3142 337 3206 Alexandriae.
390 3142 587 3204 circuivimus
620 3162 674 3222 per
704 3145 829 3225 longum
858 3158 928 3212 oum
957 3167 1070 3228 magna
1093 3148 1185 3228 fatiga
1214 3155 1245 3210 et
1275 3152 1307 3211 in

129 3254 213 3310 tanta
243 3240 413 3308 deiectione
442 3245 569 3319 fuimus,
609 3249 691 3327 qnod
717 3253 765 3312 viu
795 3253 923 3330 amplius
957 3256 1112 3332 potuimus
1144 3254 1306 3327 ambulare,

131 3351 263 3414 coniecti
284 3349 391 3412 inedia
408 3357 439 3411 et
462 3350 670 3437 multipliciter
691 3355 832 3424 tribulati.
863 3354 1001 3416 Tandem
1018 3363 1119 3418 autern
1136 3357 1173 3418 ad
1188 3364 1307 3436 portam

129 3460 268 3521 venimus
292 3473 444 3535 magnam,
469 3457 569 3529 altam,
592 3459 722 3519 turribus
738 3464 769 3518 et
783 3457 935 3520 fortalitiis
950 3463 1027 3522 miro
1043 3461 1133 3522 modo
1149 3464 1306 3535 munitam,

130 3563 247 3651 terreos
269 3561 431 3624 habentem
452 3569 555 3633 vectes
581 3570 611 3624 et
634 3563 903 3643 quadruplicatum·
927 3565 1083 3627 introitum
1106 3564 1143 3625 de
1158 3567 1244 3625 *ostio
1269 3563 1307 3626 ad

131 3649 255 3738 ostium,
280 3671 394 3726 ettam
418 3668 551 3727 anterior
572 3674 658 3745 porta
682 3685 772 3746 quarn
794 3669 921 3729 interior
945 3676 1010 3728 erat
1031 3667 1145 3738 ferrea,
1176 3674 1206 3728 et
1229 3687 1306 3746 pons

130 3775 209 3834 intra
232 3771 305 3832 duas
322 3778 423 3851 portas
439 3789 529 3852 supra
545 3770 658 3831 fossam
674 3770 811 3842 mobilis,
836 3773 885 3849 qui
901 3777 1020 3851 poterat
1035 3771 1177 3832 subtrahi.
1212 3769 1305 3832 Porro

19 3929 23 3935 .
131 3882 201 3938 ante
224 3884 341 3956 portam
364 3876 460 3936 stabat
482 3890 560 3935 unus
584 3878 705 3933 exactor
727 3891 796 3933 curn
819 3873 912 3945 iuste,
944 3877 996 3951 qui
1018 3875 1117 3945 solum
1140 3874 1177 3934 de
1199 3873 1306 3936 bestiis

130 3981 242 4043 nostris
267 3980 366 4059 exegit
387 3978 563 4040 theloneum
579 3993 711 4055 parvum,
737 3978 803 4038 sine
827 3978 993 4049 atrocitate,
1019 3985 1050 4039 et
1066 3977 1139 4038 nihil
1156 3976 1194 4038 de
1210 3977 1306 4050 nobis,

131 4100 290 4147 reservans
313 4102 368 4154 nos
392 4076 469 4144 aliis.
500 4082 606 4143 Soluto
621 4079 765 4142 theloneo
780 4082 909 4161 ingressi
924 4098 1028 4143 sumus
1043 4084 1172 4161 primam
1188 4087 1307 4159 portam

132 4206 187 4268 por
209 4170 342 4268 pontem
361 4205 438 4253 ,oum
468 4182 752 4268 quadamjlacttua,
783 4189 923 4264 putantes
955 4203 1010 4247 nos
1041 4187 1176 4249 evasisse
1198 4200 1306 4246 manus
