2874 4770
679 146 745 218 aba

125 320 249 404 regione
272 321 420 384 montium
442 321 586 392 situatas,
621 327 653 382 et
676 323 772 400 aquae
803 320 845 382 ibi
868 319 1047 383 ebullientes
1073 317 1113 382 de
1136 319 1202 382 solo
1225 317 1300 382 divi·-

127 425 239 488 duntnr
260 427 291 486 in
313 423 448 486 dicerem
470 422 575 484 mnndi
597 423 710 502 plagas.
755 422 833 484 Nam
847 424 980 501 undique
1002 423 1044 484 ibi
1066 423 1105 485 de
1126 422 1192 485 sole
1217 441 1299 486 cma·

126 536 201 591 nant
231 545 327 607 aquae
359 533 390 589 et
413 533 596 589 concurrunt
626 533 658 587 et
685 528 717 587 iu
744 524 868 588 flumina
897 527 1029 605 ingentia
1061 534 1212 590 creseunt.
1257 526 1301 588 lbi

128 631 234 693 ebullit
262 631 331 691 lons
355 630 431 692 Sans
463 629 561 692 dictus
596 635 626 690 et
649 631 680 690 in
703 629 832 690 rivulum
855 646 996 690 crescens
1027 635 1131 690 contra
1152 632 1303 693 orientem

128 733 224 821 tendit
246 752 301 813 per
329 733 519 812 longissimas
543 734 684 811 regiones
707 738 739 794 et
762 733 858 793 multa
880 730 1004 793 flumina
1031 734 1063 795 in
1085 749 1120 793 se
1142 734 1251 811 recipit
1271 738 1303 794 et

127 839 235 917 ingens
259 836 386 900 effectus
401 836 588 908 Pannonias,
611 835 786 897 inferiorem
803 841 834 896 et
848 836 1053 915 superiorem,
1076 840 1107 896 et
1120 834 1304 914 Hungariam

128 946 222 1008 totam
239 943 432 1013 transcurrit,
456 940 579 1002 demum
595 940 675 1020 apud
691 938 855 1002 Taurinum
871 939 1008 1001 Danubio
1030 945 1134 1001 nostro
1157 942 1305 1002 miscetur

129 1060 259 1123 eumque
281 1044 369 1109 valde
391 1047 515 1108 roborat
536 1052 569 1107 et
590 1051 772 1125 augmentat.
818 1043 876 1106 Per
898 1045 978 1105 hunc
1002 1041 1126 1106 fluvium
1149 1043 1226 1104 Saus
1250 1061 1304 1105 ro·

128 1146 194 1218 lunt
215 1146 306 1227 aliqui
327 1147 429 1228 Argon
456 1150 584 1210 traxisse
613 1166 722 1210 navem
753 1146 872 1209 Jasonis
903 1154 992 1228 capto
1024 1163 1116 1210 aureo
1148 1146 1260 1209 vellere
1288 1163 1306 1208 a

129 1249 265 1326 Colchis,
301 1258 332 1313 et
355 1269 425 1313 cum
455 1268 553 1331 usque
577 1251 615 1312 ad
636 1252 704 1314 loca
736 1254 885 1313 montium
906 1250 1027 1312 illorum
1048 1253 1222 1322 venissent,
1255 1251 1306 1312 ubi

128 1351 236 1417 fluvius
259 1354 465 1435 innavigabffis
489 1362 553 1427 est,
582 1356 680 1435 ipsam
700 1372 809 1417 navem
830 1330 964 1416 humeris
987 1357 1019 1418 iu
1040 1338 1235 1417 Adriaticum
1252 1351 1305 1414 de·

129 1466 288 1536 portavere
312 1477 410 1532 mare,
433 1458 482 1522 rel
505 1459 623 1520 abhoc
646 1458 715 1520 loco
736 1460 834 1538 ipsam
856 1476 965 1521 navem
988 1461 1019 1519 in
1036 1457 1160 1520 Plebem
1182 1457 1308 1519 fluvium

129 1562 350 1633 submiserunt,
372 1579 428 1641 per
450 1579 542 1640 quem
562 1563 592 1621 in
609 1559 793 1623 Adriaticum
814 1568 972 1624 venerunt.
1018 1561 1064 1622 De
1086 1561 1136 1623 illa
1150 1560 1307 1640 Argonau-

129 1669 228 1726 tarum
243 1667 432 1743 navigatione
447 1664 565 1726 diversa
580 1666 774 1743 reperiuntur
794 1681 885 1743 supra
898 1664 962 1728 Fol.
982 1661 1043 1730 192
1058 1667 1087 1727 b.
1107 1672 1138 1727 et
1152 1664 1216 1726 Fal.
1235 1661 1306 1729 150.

130 1765 168 1827 Et
200 1769 241 1829 ibi
275 1768 348 1847 quid
379 1770 419 1830 sit
450 1785 573 1829 aureum
601 1766 675 1828 illud
705 1767 801 1828 vellus
831 1770 928 1845 posui.
974 1769 1010 1830 Et
1032 1771 1063 1829 in
1097 1769 1222 1848 speculo
1246 1776 1306 1829 nat.

129 1869 210 1933 Libr.
232 1871 281 1934 vl.
306 1890 370 1952 cap.
396 1867 447 1936 78.
478 1871 550 1933 dicit
570 1870 765 1943 Vmeentius,
790 1870 872 1950 quod
903 1889 1028 1934 aureum
1058 1873 1155 1935 vellus
1186 1874 1226 1933 sit
1258 1889 1308 1933 res

132 1975 280 2056 quaedam
315 1995 351 2037 cx
379 1978 459 2053 mari
502 1982 659 2054 generata,
697 1975 885 2037 nobilissima
920 1978 1142 2055 pretiosissimo
1184 1977 1307 2039 vellere.

129 2080 253 2161 Antiqui
288 2082 369 2142 enim
397 2082 490 2142 maria
520 2085 551 2140 et
581 2078 704 2141 flumina
737 2085 855 2140 sacrata
886 2081 1085 2143 aestimabant
1117 2081 1308 2161 navigatione

129 2184 249 2249 Jasonis
273 2193 305 2247 et
326 2185 583 2264 Argonautarum;
617 2181 748 2246 tendunt
770 2184 862 2244 etiam
884 2183 943 2244 hoc
966 2185 1034 2245 loco
1058 2184 1156 2264 aliqua
1185 2184 1309 2246 flumina

131 2294 163 2353 in
185 2292 450 2373 septemtrionem,
475 2290 574 2366 aliqua
597 2287 634 2348 ad
657 2293 810 2358 austrum,
834 2286 934 2365 aliqua
955 2287 994 2348 ad
1017 2288 1218 2348 occidentem.

217 2394 332 2456 Verum
355 2395 432 2455 hanc
454 2392 572 2454 Jasonis
596 2399 628 2452 et
641 2389 882 2470 Argonautarum
904 2391 1126 2470 navigationem
1149 2392 1236 2452 aliter
1258 2407 1308 2451 er.

130 2499 224 2578 plicat
254 2496 406 2559 Diodorus
429 2496 550 2557 Siculus
583 2492 616 2555 L.
648 2493 683 2555 V.
708 2491 906 2572 Antiquarum
936 2494 1145 2565 historiarum,
1180 2511 1309 2572 eamque

131 2621 187 2682 per
202 2602 296 2664 multa
311 2608 461 2662 terrarum
478 2607 508 2661 et
522 2600 648 2660 marium
664 2597 864 2659 circumducit
879 2599 984 2677 spatia,
1001 2597 1106 2660 dicens
1122 2604 1155 2658 ut
1166 2594 1195 2659 3.
1220 2614 1311 2676 supra
1389 2658 1400 2669 ,

132 2705 220 2767 lolio:
255 2703 445 2784 Argonautae
470 2722 540 2765 cum
562 2701 670 2765 Oetam
695 2702 851 2774 vicissent,
875 2700 1052 2763 Colchidem
1075 2702 1258 2782 spoliassent
1281 2707 1312 2763 et

134 2827 258 2870 aureum
289 2810 386 2870 vellus
418 2810 605 2888 rapuissent,
640 2825 710 2868 cnm
741 2813 843 2885 optato
874 2806 1016 2867 thesauro
1049 2807 1263 2885 navigaverunt
1294 2820 1311 2865 a

132 2912 229 2976 Ponto
251 2917 282 2976 in
304 2911 449 2976 Maeotim
479 2912 636 2993 paludem,
671 2929 727 2990 per
760 2909 826 2988 ejus
855 2909 1074 2991 profunditates
1103 2909 1257 2971 trahentes
1279 2910 1311 2970 in

133 3017 242 3081 Tanais
266 3018 348 3079 fluvii
364 3019 454 3090 ostia,
478 3034 534 3097 per
556 3033 632 3096 qnae
649 3014 752 3095 paludi
767 3015 915 3087 illabitur,
937 3019 1102 3086 venerunt,
1126 3013 1176 3074 nbi
1198 3014 1311 3075 viribus

137 3125 271 3184 excitatis
295 3129 403 3184 conatu
426 3139 536 3200 magno
559 3126 665 3182 contra
695 3137 804 3198 aquam
835 3136 945 3180 navem
974 3122 1129 3180 traxerunt
1160 3118 1312 3197 usquein

136 3225 202 3304 ejus
235 3226 355 3300 fontes,
387 3227 439 3304 qui
471 3229 502 3286 in
533 3225 612 3305 pede
634 3224 762 3303 Riphaei
791 3225 902 3284 montis
932 3220 1072 3284 emanant
1104 3212 1312 3300 grandemque

136 3327 261 3391 fluvium
285 3329 434 3400 alliciunt,
465 3329 517 3407 qui
539 3327 644 3389 dividit
664 3326 768 3387 Asiam
791 3327 826 3386 ab
849 3326 978 3403 Europa.
1024 3325 1161 3402 Cumque
1185 3323 1312 3402 amplius

136 3431 293 3512 navigandi
315 3432 399 3492 locus
414 3448 475 3492 non
498 3438 595 3502 essct,
618 3433 756 3510 gigantes
771 3430 816 3491 illi
832 3429 987 3490 tortissimi
1002 3446 1109 3490 navem
1124 3445 1209 3489 suam
1225 3443 1313 3506 gran·

138 3535 225 3608 dem,
260 3535 381 3613 longam
410 3540 441 3595 et
472 3541 612 3594 onustam
638 3533 809 3604 thesauris,
839 3532 975 3593 levantes
1003 3529 1041 3592 de
1070 3529 1211 3600 tlnmiue,
1245 3545 1313 3589 eam

137 3658 192 3720 per
214 3637 410 3700 arduissimos
434 3638 796 3718 aseensusRiphaeornm
819 3638 966 3697 montium
989 3643 1183 3717 portaverunt
1205 3639 1234 3698 in
1257 3637 1313 3699 hu·

138 3747 247 3816 meris,
272 3749 303 3804 et
325 3760 469 3821 percurso
492 3742 582 3822 longo
606 3743 754 3802 montium
776 3743 884 3802 itinere
909 3758 946 3802 en
969 3740 1025 3801 alia
1045 3748 1131 3819 parte
1147 3743 1177 3801 in
1193 3741 1312 3804 Sarma·

138 3851 209 3909 tiam
226 3848 363 3926 Europae
387 3846 588 3917 devenerunt,
613 3861 690 3924 quae
708 3850 756 3906 est
771 3843 892 3924 Scythia
906 3843 1077 3924 Europaeo,
1101 3846 1132 3905 in
1155 3862 1213 3924 qua
1233 3846 1312 3907 lero·

138 3954 278 4014 cissimae
301 3957 372 4013 sunt
394 3957 517 4032 gentes,
541 3949 576 4010 ab
601 3967 751 4011 armorum
773 3966 830 4009 usu
845 3947 1000 4010 Sarmatae
1023 3948 1132 4011 dictae.
1177 3948 1236 4010 Per
1257 3949 1313 4010 hos

139 4073 214 4118 nare
228 4062 430 4136 transportata
445 4071 512 4117 eam
528 4055 559 4114 in
573 4051 699 4115 fluvium
713 4049 896 4113 Thersinum
914 4051 1134 4132 deposuerunt,
1152 4072 1209 4135 per
1223 4069 1314 4132 quem

139 4159 361 4225 descendentes
383 4178 481 4242 usque
511 4161 543 4222 in
566 4157 633 4237 ejus
655 4157 759 4261 lauces
781 4158 812 4220 iu
836 4173 984 4220 oceanum
999 4157 1199 4220 Sarmaticum
1221 4174 1312 4220 rene-

1042 4271 1105 4330 29⁸¹
