<?xml version="1.0" encoding="UTF-8"?>
<!DOCTYPE html PUBLIC "-//W3C//DTD XHTML 1.0 Transitional//EN"
    "http://www.w3.org/TR/xhtml1/DTD/xhtml1-transitional.dtd">
<html xmlns="http://www.w3.org/1999/xhtml" xml:lang="en" lang="en">
 <head>
  <title>
</title>
<meta http-equiv="Content-Type" content="text/html;charset=utf-8" />
  <meta name='ocr-system' content='tesseract 3.04.00' />
  <meta name='ocr-capabilities' content='ocr_page ocr_carea ocr_par ocr_line ocrx_word'/>
</head>
<body>
  <div class='ocr_page' id='page_1' title='image "./fratrisfelicisf00fabrgoog_0332.png"; bbox 0 0 2874 4770; ppageno 0'>
   <div class='ocr_carea' id='block_1_1' title="bbox 679 193 745 263">
    <p class='ocr_par' dir='ltr' id='par_1_1' title="bbox 679 193 745 263">
     <span class='ocr_line' id='line_1_1' title="bbox 679 193 745 263; baseline 0.015 -1"><span class='ocrx_word' id='word_1_1' title='bbox 679 193 745 263; x_wconf 76' lang='grc'>329</span> 
     </span>
    </p>
   </div>
   <div class='ocr_carea' id='block_1_2' title="bbox 98 364 1309 4313">
    <p class='ocr_par' dir='ltr' id='par_1_2' title="bbox 98 364 1308 976">
     <span class='ocr_line' id='line_1_2' title="bbox 220 364 1306 454; baseline -0.008 -14"><span class='ocrx_word' id='word_1_2' title='bbox 220 378 335 441; x_wconf 87' lang='lat' dir='ltr'>Octavo</span> <span class='ocrx_word' id='word_1_3' title='bbox 367 364 432 449; x_wconf 88' lang='lat' dir='ltr'>die,</span> <span class='ocrx_word' id='word_1_4' title='bbox 465 375 517 454; x_wconf 88' lang='lat' dir='ltr'>qui</span> <span class='ocrx_word' id='word_1_5' title='bbox 544 379 593 434; x_wconf 83' lang='lat' dir='ltr'>est</span> <span class='ocrx_word' id='word_1_6' title='bbox 616 371 823 452; x_wconf 73' lang='lat' dir='ltr'><strong>conceptionis</strong></span> <span class='ocrx_word' id='word_1_7' title='bbox 854 375 887 431; x_wconf 90' lang='lat' dir='ltr'>et</span> <span class='ocrx_word' id='word_1_8' title='bbox 917 368 1160 432; x_wconf 77' lang='lat' dir='ltr'>sanctificationis</span> <span class='ocrx_word' id='word_1_9' title='bbox 1190 368 1306 433; x_wconf 82' lang='lat' dir='ltr'>Mariae</span> 
     </span>
     <span class='ocr_line' id='line_1_3' title="bbox 132 473 1307 562; baseline -0.01 -17"><span class='ocrx_word' id='word_1_10' title='bbox 132 484 265 562; x_wconf 85' lang='lat' dir='ltr'>Virginis</span> <span class='ocrx_word' id='word_1_11' title='bbox 288 484 403 552; x_wconf 88' lang='lat' dir='ltr'>beatae,</span> <span class='ocrx_word' id='word_1_12' title='bbox 426 481 539 541; x_wconf 91' lang='lat' dir='ltr'>bonurn</span> <span class='ocrx_word' id='word_1_13' title='bbox 563 484 594 537; x_wconf 91' lang='lat' dir='ltr'>et</span> <span class='ocrx_word' id='word_1_14' title='bbox 616 476 727 537; x_wconf 89' lang='lat' dir='ltr'>lortem</span> <span class='ocrx_word' id='word_1_15' title='bbox 743 479 865 536; x_wconf 85' lang='lat' dir='ltr'>rentum</span> <span class='ocrx_word' id='word_1_16' title='bbox 883 473 1057 546; x_wconf 76' lang='lat' dir='ltr'>habuimus,</span> <span class='ocrx_word' id='word_1_17' title='bbox 1079 476 1130 553; x_wconf 88' lang='lat' dir='ltr'>qui</span> <span class='ocrx_word' id='word_1_18' title='bbox 1153 476 1184 535; x_wconf 91' lang='lat' dir='ltr'>iu</span> <span class='ocrx_word' id='word_1_19' title='bbox 1206 476 1307 534; x_wconf 88' lang='lat' dir='ltr'>sinum</span> 
     </span>
     <span class='ocr_line' id='line_1_4' title="bbox 133 577 1307 658; baseline -0.009 -10"><span class='ocrx_word' id='word_1_20' title='bbox 133 587 319 649; x_wconf 87' lang='lat' dir='ltr'>Laconicum</span> <span class='ocrx_word' id='word_1_21' title='bbox 340 604 396 647; x_wconf 91' lang='lat' dir='ltr'>nos</span> <span class='ocrx_word' id='word_1_22' title='bbox 420 582 542 655; x_wconf 89' lang='lat' dir='ltr'>detulit,</span> <span class='ocrx_word' id='word_1_23' title='bbox 576 581 627 641; x_wconf 93' lang='lat' dir='ltr'>ubi</span> <span class='ocrx_word' id='word_1_24' title='bbox 649 586 719 658; x_wconf 92' lang='lat' dir='ltr'>post</span> <span class='ocrx_word' id='word_1_25' title='bbox 741 577 899 638; x_wconf 81' lang='lat' dir='ltr'>meridiem</span> <span class='ocrx_word' id='word_1_26' title='bbox 920 577 1048 639; x_wconf 85' lang='lat' dir='ltr'>vidimus</span> <span class='ocrx_word' id='word_1_27' title='bbox 1070 580 1307 657; x_wconf 91' lang='lat' dir='ltr'>promontorium</span> 
     </span>
     <span class='ocr_line' id='line_1_5' title="bbox 133 681 1308 763; baseline -0.011 -9"><span class='ocrx_word' id='word_1_28' title='bbox 133 691 276 763; x_wconf 90' lang='lat' dir='ltr'>Maleum,</span> <span class='ocrx_word' id='word_1_29' title='bbox 302 691 348 752; x_wconf 85' lang='lat' dir='ltr'>vel</span> <span class='ocrx_word' id='word_1_30' title='bbox 370 687 501 750; x_wconf 83' lang='lat' dir='ltr'>Maleam</span> <span class='ocrx_word' id='word_1_31' title='bbox 524 691 634 747; x_wconf 91' lang='lat' dir='ltr'>iterum</span> <span class='ocrx_word' id='word_1_32' title='bbox 657 683 804 755; x_wconf 81' lang='lat' dir='ltr'>uidimus,</span> <span class='ocrx_word' id='word_1_33' title='bbox 838 684 867 742; x_wconf 91' lang='lat' dir='ltr'>in</span> <span class='ocrx_word' id='word_1_34' title='bbox 891 681 978 759; x_wconf 86' lang='lat' dir='ltr'>cujus</span> <span class='ocrx_word' id='word_1_35' title='bbox 999 689 1124 760; x_wconf 85' lang='lat' dir='ltr'>aspectu</span> <span class='ocrx_word' id='word_1_36' title='bbox 1154 682 1308 742; x_wconf 75' lang='lat' dir='ltr'>conterriti</span> 
     </span>
     <span class='ocr_line' id='line_1_6' title="bbox 133 787 1308 867; baseline -0.007 -10"><span class='ocrx_word' id='word_1_37' title='bbox 133 814 255 867; x_wconf 92' lang='lat' dir='ltr'>sumus,</span> <span class='ocrx_word' id='word_1_38' title='bbox 279 796 358 855; x_wconf 90' lang='lat' dir='ltr'>sicut</span> <span class='ocrx_word' id='word_1_39' title='bbox 379 793 430 853; x_wconf 90' lang='lat' dir='ltr'>ille</span> <span class='ocrx_word' id='word_1_40' title='bbox 445 790 585 851; x_wconf 81' lang='lat' dir='ltr'>formidat</span> <span class='ocrx_word' id='word_1_41' title='bbox 602 795 633 849; x_wconf 90' lang='lat' dir='ltr'>et</span> <span class='ocrx_word' id='word_1_42' title='bbox 647 787 798 867; x_wconf 90' lang='lat' dir='ltr'>trepidat,</span> <span class='ocrx_word' id='word_1_43' title='bbox 821 789 872 864; x_wconf 86' lang='lat' dir='ltr'>qui</span> <span class='ocrx_word' id='word_1_44' title='bbox 887 788 985 846; x_wconf 84' lang='lat' dir='ltr'>aciem</span> <span class='ocrx_word' id='word_1_45' title='bbox 999 789 1190 850; x_wconf 87' lang='lat' dir='ltr'>inimicorum</span> <span class='ocrx_word' id='word_1_46' title='bbox 1205 795 1308 849; x_wconf 82' lang='lat' dir='ltr'>eontra</span> 
     </span>
     <span class='ocr_line' id='line_1_7' title="bbox 98 888 1308 976; baseline -0.007 -16"><span class='ocrx_word' id='word_1_47' title='bbox 98 888 165 960; x_wconf 66' lang='lat' dir='ltr'>‘se</span> <span class='ocrx_word' id='word_1_48' title='bbox 189 907 268 959; x_wconf 89' lang='lat' dir='ltr'>stare</span> <span class='ocrx_word' id='word_1_49' title='bbox 293 899 416 976; x_wconf 85' lang='lat' dir='ltr'>aspicit,</span> <span class='ocrx_word' id='word_1_50' title='bbox 440 896 597 956; x_wconf 89' lang='lat' dir='ltr'>timuimus</span> <span class='ocrx_word' id='word_1_51' title='bbox 620 894 701 952; x_wconf 89' lang='lat' dir='ltr'>enim</span> <span class='ocrx_word' id='word_1_52' title='bbox 724 893 835 952; x_wconf 90' lang='lat' dir='ltr'>iterum</span> <span class='ocrx_word' id='word_1_53' title='bbox 856 893 918 969; x_wconf 91' lang='lat' dir='ltr'>pati</span> <span class='ocrx_word' id='word_1_54' title='bbox 940 890 1109 969; x_wconf 83' lang='lat' dir='ltr'>repulsam3</span> <span class='ocrx_word' id='word_1_55' title='bbox 1139 893 1219 952; x_wconf 88' lang='lat' dir='ltr'>circa</span> <span class='ocrx_word' id='word_1_56' title='bbox 1240 909 1308 952; x_wconf 81' lang='lat' dir='ltr'>res·</span> 
     </span>
    </p>

    <p class='ocr_par' dir='ltr' id='par_1_3' title="bbox 106 995 1309 4313">
     <span class='ocr_line' id='line_1_8' title="bbox 131 995 1307 1083; baseline -0.005 -21"><span class='ocrx_word' id='word_1_57' title='bbox 131 1021 220 1083; x_wconf 90' lang='lat' dir='ltr'>peras</span> <span class='ocrx_word' id='word_1_58' title='bbox 244 1007 344 1062; x_wconf 89' lang='lat' dir='ltr'>autem</span> <span class='ocrx_word' id='word_1_59' title='bbox 367 999 492 1061; x_wconf 83' lang='lat' dir='ltr'>invaluit</span> <span class='ocrx_word' id='word_1_60' title='bbox 514 1005 623 1059; x_wconf 83' lang='lat' dir='ltr'>ventus</span> <span class='ocrx_word' id='word_1_61' title='bbox 645 1002 750 1057; x_wconf 90' lang='lat' dir='ltr'>noster</span> <span class='ocrx_word' id='word_1_62' title='bbox 771 1013 914 1074; x_wconf 85' lang='lat' dir='ltr'>prosper,</span> <span class='ocrx_word' id='word_1_63' title='bbox 950 1001 980 1054; x_wconf 91' lang='lat' dir='ltr'>et</span> <span class='ocrx_word' id='word_1_64' title='bbox 1010 995 1070 1057; x_wconf 86' lang='lat' dir='ltr'>leri</span> <span class='ocrx_word' id='word_1_65' title='bbox 1100 998 1206 1075; x_wconf 89' lang='lat' dir='ltr'>spiritu</span> <span class='ocrx_word' id='word_1_66' title='bbox 1236 996 1307 1056; x_wconf 89' lang='lat' dir='ltr'>sub·</span> 
     </span>
     <span class='ocr_line' id='line_1_9' title="bbox 130 1097 1307 1182; baseline -0.004 -15"><span class='ocrx_word' id='word_1_67' title='bbox 130 1106 227 1167; x_wconf 91' lang='lat' dir='ltr'>sulani</span> <span class='ocrx_word' id='word_1_68' title='bbox 250 1105 372 1167; x_wconf 88' lang='lat' dir='ltr'>deducti</span> <span class='ocrx_word' id='word_1_69' title='bbox 389 1121 484 1182; x_wconf 89' lang='lat' dir='ltr'>usque</span> <span class='ocrx_word' id='word_1_70' title='bbox 501 1120 593 1162; x_wconf 84' lang='lat' dir='ltr'>cornu</span> <span class='ocrx_word' id='word_1_71' title='bbox 608 1099 728 1162; x_wconf 88' lang='lat' dir='ltr'>Maleae</span> <span class='ocrx_word' id='word_1_72' title='bbox 754 1101 892 1161; x_wconf 85' lang='lat' dir='ltr'>venimus</span> <span class='ocrx_word' id='word_1_73' title='bbox 915 1099 1016 1178; x_wconf 86' lang='lat' dir='ltr'>ibique</span> <span class='ocrx_word' id='word_1_74' title='bbox 1039 1102 1136 1160; x_wconf 86' lang='lat' dir='ltr'>sancti</span> <span class='ocrx_word' id='word_1_75' title='bbox 1150 1097 1307 1162; x_wconf 84' lang='lat' dir='ltr'>Michaelis</span> 
     </span>
     <span class='ocr_line' id='line_1_10' title="bbox 130 1206 1305 1289; baseline -0.005 -18"><span class='ocrx_word' id='word_1_76' title='bbox 130 1212 208 1272; x_wconf 89' lang='lat' dir='ltr'>alam</span> <span class='ocrx_word' id='word_1_77' title='bbox 231 1229 291 1271; x_wconf 93' lang='lat' dir='ltr'>uon</span> <span class='ocrx_word' id='word_1_78' title='bbox 314 1207 514 1289; x_wconf 89' lang='lat' dir='ltr'>repellentem</span> <span class='ocrx_word' id='word_1_79' title='bbox 536 1206 592 1267; x_wconf 91' lang='lat' dir='ltr'>sed</span> <span class='ocrx_word' id='word_1_80' title='bbox 615 1210 843 1284; x_wconf 82' lang='lat' dir='ltr'>promoventem</span> <span class='ocrx_word' id='word_1_81' title='bbox 865 1211 897 1264; x_wconf 90' lang='lat' dir='ltr'>et</span> <span class='ocrx_word' id='word_1_82' title='bbox 911 1210 1123 1282; x_wconf 79' lang='lat' dir='ltr'>protegentem</span> <span class='ocrx_word' id='word_1_83' title='bbox 1138 1208 1305 1276; x_wconf 80' lang='lat' dir='ltr'>sensimus3</span> 
     </span>
     <span class='ocr_line' id='line_1_11' title="bbox 129 1307 1308 1391; baseline -0.007 -15"><span class='ocrx_word' id='word_1_84' title='bbox 129 1332 200 1375; x_wconf 90' lang='lat' dir='ltr'>narn</span> <span class='ocrx_word' id='word_1_85' title='bbox 223 1316 288 1375; x_wconf 87' lang='lat' dir='ltr'>sine</span> <span class='ocrx_word' id='word_1_86' title='bbox 312 1316 391 1374; x_wconf 91' lang='lat' dir='ltr'>omni</span> <span class='ocrx_word' id='word_1_87' title='bbox 415 1311 634 1391; x_wconf 90' lang='lat' dir='ltr'>impedimento</span> <span class='ocrx_word' id='word_1_88' title='bbox 657 1308 728 1369; x_wconf 86' lang='lat' dir='ltr'>forti</span> <span class='ocrx_word' id='word_1_89' title='bbox 758 1309 924 1369; x_wconf 86' lang='lat' dir='ltr'>sulcatione</span> <span class='ocrx_word' id='word_1_90' title='bbox 952 1309 1145 1369; x_wconf 77' lang='lat' dir='ltr'>transivimus</span> <span class='ocrx_word' id='word_1_91' title='bbox 1167 1307 1308 1383; x_wconf 85' lang='lat' dir='ltr'>Maleam,</span> 
     </span>
     <span class='ocr_line' id='line_1_12' title="bbox 130 1412 1307 1497; baseline -0.002 -18"><span class='ocrx_word' id='word_1_92' title='bbox 130 1421 191 1497; x_wconf 88' lang='lat' dir='ltr'>quo</span> <span class='ocrx_word' id='word_1_93' title='bbox 212 1418 291 1479; x_wconf 87' lang='lat' dir='ltr'>iacto</span> <span class='ocrx_word' id='word_1_94' title='bbox 314 1419 493 1495; x_wconf 88' lang='lat' dir='ltr'>inceperunt</span> <span class='ocrx_word' id='word_1_95' title='bbox 523 1415 620 1475; x_wconf 88' lang='lat' dir='ltr'>nostri</span> <span class='ocrx_word' id='word_1_96' title='bbox 634 1428 637 1432; x_wconf 83' lang='lat'>·</span> <span class='ocrx_word' id='word_1_97' title='bbox 648 1412 833 1490; x_wconf 88' lang='lat' dir='ltr'>joculatores</span> <span class='ocrx_word' id='word_1_98' title='bbox 855 1414 934 1473; x_wconf 86' lang='lat' dir='ltr'>tubis</span> <span class='ocrx_word' id='word_1_99' title='bbox 965 1430 1075 1473; x_wconf 87' lang='lat' dir='ltr'>canere</span> <span class='ocrx_word' id='word_1_100' title='bbox 1107 1422 1139 1474; x_wconf 90' lang='lat' dir='ltr'>et</span> <span class='ocrx_word' id='word_1_101' title='bbox 1170 1415 1307 1491; x_wconf 79' lang='lat' dir='ltr'>galaulas</span> 
     </span>
     <span class='ocr_line' id='line_1_13' title="bbox 130 1516 1308 1596; baseline -0.003 -12"><span class='ocrx_word' id='word_1_102' title='bbox 130 1525 254 1584; x_wconf 86' lang='lat' dir='ltr'>vocihus</span> <span class='ocrx_word' id='word_1_103' title='bbox 289 1522 418 1584; x_wconf 87' lang='lat' dir='ltr'>clamare</span> <span class='ocrx_word' id='word_1_104' title='bbox 450 1527 481 1581; x_wconf 88' lang='lat' dir='ltr'>et</span> <span class='ocrx_word' id='word_1_105' title='bbox 515 1520 652 1579; x_wconf 89' lang='lat' dir='ltr'>manibus</span> <span class='ocrx_word' id='word_1_106' title='bbox 685 1516 828 1595; x_wconf 88' lang='lat' dir='ltr'>plaudere</span> <span class='ocrx_word' id='word_1_107' title='bbox 860 1524 890 1576; x_wconf 89' lang='lat' dir='ltr'>et</span> <span class='ocrx_word' id='word_1_108' title='bbox 921 1517 1031 1596; x_wconf 89' lang='lat' dir='ltr'>singuli</span> <span class='ocrx_word' id='word_1_109' title='bbox 1063 1520 1093 1577; x_wconf 88' lang='lat' dir='ltr'>in</span> <span class='ocrx_word' id='word_1_110' title='bbox 1115 1517 1172 1579; x_wconf 85' lang='lat' dir='ltr'>Dei</span> <span class='ocrx_word' id='word_1_111' title='bbox 1202 1517 1308 1580; x_wconf 84' lang='lat' dir='ltr'>laudes</span> 
     </span>
     <span class='ocr_line' id='line_1_14' title="bbox 135 1618 1307 1704; baseline -0.006 -16"><span class='ocrx_word' id='word_1_112' title='bbox 135 1643 336 1704; x_wconf 82' lang='lat' dir='ltr'>consurgere,</span> <span class='ocrx_word' id='word_1_113' title='bbox 368 1626 560 1687; x_wconf 86' lang='lat' dir='ltr'>beatissimae</span> <span class='ocrx_word' id='word_1_114' title='bbox 583 1620 697 1684; x_wconf 91' lang='lat' dir='ltr'>Mariae</span> <span class='ocrx_word' id='word_1_115' title='bbox 720 1621 837 1698; x_wconf 85' lang='lat' dir='ltr'>Virgini</span> <span class='ocrx_word' id='word_1_116' title='bbox 870 1619 975 1682; x_wconf 86' lang='lat' dir='ltr'>laudes</span> <span class='ocrx_word' id='word_1_117' title='bbox 997 1639 1107 1682; x_wconf 84' lang='lat' dir='ltr'>canere</span> <span class='ocrx_word' id='word_1_118' title='bbox 1139 1630 1172 1682; x_wconf 87' lang='lat' dir='ltr'>et</span> <span class='ocrx_word' id='word_1_119' title='bbox 1193 1622 1225 1682; x_wconf 91' lang='lat' dir='ltr'>S.</span> <span class='ocrx_word' id='word_1_120' title='bbox 1248 1618 1307 1681; x_wconf 92' lang='lat' dir='ltr'>Mi·</span> 
     </span>
     <span class='ocr_line' id='line_1_15' title="bbox 134 1723 1308 1809; baseline -0.001 -19"><span class='ocrx_word' id='word_1_121' title='bbox 134 1730 231 1790; x_wconf 91' lang='lat' dir='ltr'>chaeli</span> <span class='ocrx_word' id='word_1_122' title='bbox 249 1732 362 1807; x_wconf 76' lang='lat' dir='ltr'>&#39;gratias</span> <span class='ocrx_word' id='word_1_123' title='bbox 394 1746 501 1809; x_wconf 90' lang='lat' dir='ltr'>agere,</span> <span class='ocrx_word' id='word_1_124' title='bbox 530 1729 635 1804; x_wconf 86' lang='lat' dir='ltr'>sicque</span> <span class='ocrx_word' id='word_1_125' title='bbox 665 1724 801 1786; x_wconf 84' lang='lat' dir='ltr'>damari</span> <span class='ocrx_word' id='word_1_126' title='bbox 830 1723 935 1804; x_wconf 83' lang='lat' dir='ltr'>Aegeo</span> <span class='ocrx_word' id='word_1_127' title='bbox 964 1727 995 1785; x_wconf 90' lang='lat' dir='ltr'>iu</span> <span class='ocrx_word' id='word_1_128' title='bbox 1018 1743 1101 1786; x_wconf 86' lang='lat' dir='ltr'>mare</span> <span class='ocrx_word' id='word_1_129' title='bbox 1123 1725 1308 1789; x_wconf 82' lang='lat' dir='ltr'>Adriaticum</span> 
     </span>
     <span class='ocr_line' id='line_1_16' title="bbox 133 1830 973 1910; baseline -0.006 -15"><span class='ocrx_word' id='word_1_130' title='bbox 133 1833 311 1895; x_wconf 85' lang='lat' dir='ltr'>devenimus</span> <span class='ocrx_word' id='word_1_131' title='bbox 334 1840 364 1894; x_wconf 90' lang='lat' dir='ltr'>et</span> <span class='ocrx_word' id='word_1_132' title='bbox 386 1851 443 1896; x_wconf 91' lang='lat' dir='ltr'>uos</span> <span class='ocrx_word' id='word_1_133' title='bbox 467 1833 608 1893; x_wconf 89' lang='lat' dir='ltr'>liberatos</span> <span class='ocrx_word' id='word_1_134' title='bbox 640 1847 710 1891; x_wconf 89' lang='lat' dir='ltr'>esse</span> <span class='ocrx_word' id='word_1_135' title='bbox 743 1830 973 1910; x_wconf 85' lang='lat' dir='ltr'>gratulabamur.</span> 
     </span>
     <span class='ocr_line' id='line_1_17' title="bbox 219 1935 1306 2016; baseline 0 -19"><span class='ocrx_word' id='word_1_136' title='bbox 219 1938 318 1999; x_wconf 87' lang='lat' dir='ltr'>Delati</span> <span class='ocrx_word' id='word_1_137' title='bbox 342 1956 413 2016; x_wconf 92' lang='lat' dir='ltr'>ergo</span> <span class='ocrx_word' id='word_1_138' title='bbox 436 1954 541 1997; x_wconf 91' lang='lat' dir='ltr'>sumus</span> <span class='ocrx_word' id='word_1_139' title='bbox 563 1953 619 2014; x_wconf 89' lang='lat' dir='ltr'>per</span> <span class='ocrx_word' id='word_1_140' title='bbox 640 1943 764 1995; x_wconf 88' lang='lat' dir='ltr'>ventum</span> <span class='ocrx_word' id='word_1_141' title='bbox 786 1936 817 1994; x_wconf 90' lang='lat' dir='ltr'>in</span> <span class='ocrx_word' id='word_1_142' title='bbox 841 1935 941 1995; x_wconf 92' lang='lat' dir='ltr'>sinum</span> <span class='ocrx_word' id='word_1_143' title='bbox 964 1935 1127 2013; x_wconf 83' lang='lat' dir='ltr'>quendum,</span> <span class='ocrx_word' id='word_1_144' title='bbox 1150 1935 1306 2000; x_wconf 83' lang='lat' dir='ltr'>Messenio</span> 
     </span>
     <span class='ocr_line' id='line_1_18' title="bbox 131 2030 1306 2122; baseline -0.001 -18"><span class='ocrx_word' id='word_1_145' title='bbox 131 2043 263 2114; x_wconf 87' lang='lat' dir='ltr'>dictum,</span> <span class='ocrx_word' id='word_1_146' title='bbox 296 2046 328 2103; x_wconf 94' lang='lat' dir='ltr'>in</span> <span class='ocrx_word' id='word_1_147' title='bbox 351 2061 410 2122; x_wconf 91' lang='lat' dir='ltr'>quo</span> <span class='ocrx_word' id='word_1_148' title='bbox 433 2059 556 2102; x_wconf 87' lang='lat' dir='ltr'>cursum</span> <span class='ocrx_word' id='word_1_149' title='bbox 579 2039 731 2120; x_wconf 90' lang='lat' dir='ltr'>galearum</span> <span class='ocrx_word' id='word_1_150' title='bbox 753 2030 988 2118; x_wconf 84' lang='lat' dir='ltr'>intercepimus,</span> <span class='ocrx_word' id='word_1_151' title='bbox 1021 2044 1091 2120; x_wconf 87' lang='lat' dir='ltr'>quia</span> <span class='ocrx_word' id='word_1_152' title='bbox 1120 2059 1203 2103; x_wconf 89' lang='lat' dir='ltr'>mare</span> <span class='ocrx_word' id='word_1_153' title='bbox 1234 2041 1306 2103; x_wconf 92' lang='lat' dir='ltr'>illud</span> 
     </span>
     <span class='ocr_line' id='line_1_19' title="bbox 106 2143 1307 2228; baseline 0 -20"><span class='ocrx_word' id='word_1_154' title='bbox 106 2143 254 2227; x_wconf 70' lang='lat' dir='ltr'>¹plenum</span> <span class='ocrx_word' id='word_1_155' title='bbox 277 2147 421 2226; x_wconf 87' lang='lat' dir='ltr'>periculis</span> <span class='ocrx_word' id='word_1_156' title='bbox 443 2153 524 2218; x_wconf 89' lang='lat' dir='ltr'>erat,</span> <span class='ocrx_word' id='word_1_157' title='bbox 548 2146 681 2224; x_wconf 88' lang='lat' dir='ltr'>scopulis</span> <span class='ocrx_word' id='word_1_158' title='bbox 704 2153 736 2205; x_wconf 89' lang='lat' dir='ltr'>et</span> <span class='ocrx_word' id='word_1_159' title='bbox 758 2146 881 2223; x_wconf 90' lang='lat' dir='ltr'>rupibus</span> <span class='ocrx_word' id='word_1_160' title='bbox 904 2144 1036 2223; x_wconf 90' lang='lat' dir='ltr'>undique</span> <span class='ocrx_word' id='word_1_161' title='bbox 1058 2148 1225 2228; x_wconf 85' lang='lat' dir='ltr'>repletum,</span> <span class='ocrx_word' id='word_1_162' title='bbox 1247 2166 1307 2209; x_wconf 84' lang='lat' dir='ltr'>uox</span> 
     </span>
     <span class='ocr_line' id='line_1_20' title="bbox 128 2249 1307 2330; baseline -0.003 -14"><span class='ocrx_word' id='word_1_163' title='bbox 128 2272 202 2316; x_wconf 84' lang='lat' dir='ltr'>vero</span> <span class='ocrx_word' id='word_1_164' title='bbox 226 2252 326 2324; x_wconf 84' lang='lat' dir='ltr'>affuit,</span> <span class='ocrx_word' id='word_1_165' title='bbox 351 2254 401 2313; x_wconf 89' lang='lat' dir='ltr'>cni</span> <span class='ocrx_word' id='word_1_166' title='bbox 423 2251 576 2312; x_wconf 84' lang='lat' dir='ltr'>confidere</span> <span class='ocrx_word' id='word_1_167' title='bbox 599 2268 690 2312; x_wconf 89' lang='lat' dir='ltr'>ausus</span> <span class='ocrx_word' id='word_1_168' title='bbox 705 2268 795 2310; x_wconf 81' lang='lat' dir='ltr'>nemo</span> <span class='ocrx_word' id='word_1_169' title='bbox 817 2249 889 2322; x_wconf 86' lang='lat' dir='ltr'>fuit,</span> <span class='ocrx_word' id='word_1_170' title='bbox 913 2251 1002 2328; x_wconf 86' lang='lat' dir='ltr'>quia,</span> <span class='ocrx_word' id='word_1_171' title='bbox 1026 2268 1206 2328; x_wconf 87' lang='lat' dir='ltr'>quamquam</span> <span class='ocrx_word' id='word_1_172' title='bbox 1229 2269 1307 2330; x_wconf 86' lang='lat' dir='ltr'>quae</span> 
     </span>
     <span class='ocr_line' id='line_1_21' title="bbox 130 2354 1306 2436; baseline 0.003 -20"><span class='ocrx_word' id='word_1_173' title='bbox 130 2358 300 2436; x_wconf 89' lang='lat' dir='ltr'>propinqua</span> <span class='ocrx_word' id='word_1_174' title='bbox 321 2360 407 2426; x_wconf 87' lang='lat' dir='ltr'>sunt,</span> <span class='ocrx_word' id='word_1_175' title='bbox 430 2357 593 2416; x_wconf 90' lang='lat' dir='ltr'>remotiora</span> <span class='ocrx_word' id='word_1_176' title='bbox 616 2372 686 2416; x_wconf 90' lang='lat' dir='ltr'>esse</span> <span class='ocrx_word' id='word_1_177' title='bbox 710 2354 881 2426; x_wconf 87' lang='lat' dir='ltr'>videantur,</span> <span class='ocrx_word' id='word_1_178' title='bbox 904 2362 936 2414; x_wconf 89' lang='lat' dir='ltr'>et</span> <span class='ocrx_word' id='word_1_179' title='bbox 958 2372 975 2413; x_wconf 85' lang='lat' dir='ltr'>a</span> <span class='ocrx_word' id='word_1_180' title='bbox 999 2357 1151 2416; x_wconf 84' lang='lat' dir='ltr'>contrario</span> <span class='ocrx_word' id='word_1_181' title='bbox 1175 2357 1205 2415; x_wconf 90' lang='lat' dir='ltr'>in</span> <span class='ocrx_word' id='word_1_182' title='bbox 1231 2378 1306 2419; x_wconf 91' lang='lat' dir='ltr'>noc·</span> 
     </span>
     <span class='ocr_line' id='line_1_22' title="bbox 131 2459 1309 2538; baseline 0.002 -18"><span class='ocrx_word' id='word_1_183' title='bbox 131 2460 223 2520; x_wconf 89' lang='lat' dir='ltr'>tibus.</span> <span class='ocrx_word' id='word_1_184' title='bbox 270 2460 321 2520; x_wconf 84' lang='lat' dir='ltr'>Sic</span> <span class='ocrx_word' id='word_1_185' title='bbox 344 2477 415 2538; x_wconf 88' lang='lat' dir='ltr'>ergo</span> <span class='ocrx_word' id='word_1_186' title='bbox 438 2459 589 2521; x_wconf 90' lang='lat' dir='ltr'>reclinatis</span> <span class='ocrx_word' id='word_1_187' title='bbox 612 2459 686 2521; x_wconf 88' lang='lat' dir='ltr'>velis</span> <span class='ocrx_word' id='word_1_188' title='bbox 709 2476 801 2518; x_wconf 83' lang='lat' dir='ltr'>nares</span> <span class='ocrx_word' id='word_1_189' title='bbox 824 2464 1022 2537; x_wconf 86' lang='lat' dir='ltr'>pernoctem</span> <span class='ocrx_word' id='word_1_190' title='bbox 1045 2459 1082 2520; x_wconf 92' lang='lat' dir='ltr'>ad</span> <span class='ocrx_word' id='word_1_191' title='bbox 1105 2467 1218 2521; x_wconf 82' lang='lat' dir='ltr'>sortem</span> <span class='ocrx_word' id='word_1_192' title='bbox 1242 2481 1309 2522; x_wconf 88' lang='lat' dir='ltr'>cnr·</span> 
     </span>
     <span class='ocr_line' id='line_1_23' title="bbox 132 2562 1307 2643; baseline 0.001 -18"><span class='ocrx_word' id='word_1_193' title='bbox 132 2581 202 2625; x_wconf 90' lang='lat' dir='ltr'>rere</span> <span class='ocrx_word' id='word_1_194' title='bbox 225 2566 256 2623; x_wconf 93' lang='lat' dir='ltr'>in</span> <span class='ocrx_word' id='word_1_195' title='bbox 279 2563 431 2624; x_wconf 89' lang='lat' dir='ltr'>latioribus</span> <span class='ocrx_word' id='word_1_196' title='bbox 453 2566 641 2643; x_wconf 88' lang='lat' dir='ltr'>permisere,</span> <span class='ocrx_word' id='word_1_197' title='bbox 663 2566 743 2624; x_wconf 90' lang='lat' dir='ltr'>sicut</span> <span class='ocrx_word' id='word_1_198' title='bbox 764 2581 862 2642; x_wconf 89' lang='lat' dir='ltr'>equus</span> <span class='ocrx_word' id='word_1_199' title='bbox 878 2562 1012 2632; x_wconf 81' lang='lat' dir='ltr'>effrenis,</span> <span class='ocrx_word' id='word_1_200' title='bbox 1035 2570 1066 2625; x_wconf 87' lang='lat' dir='ltr'>et</span> <span class='ocrx_word' id='word_1_201' title='bbox 1080 2562 1168 2625; x_wconf 87' lang='lat' dir='ltr'>ralde</span> <span class='ocrx_word' id='word_1_202' title='bbox 1192 2567 1307 2643; x_wconf 89' lang='lat' dir='ltr'>iuquie-</span> 
     </span>
     <span class='ocr_line' id='line_1_24' title="bbox 131 2668 1309 2746; baseline 0.001 -17"><span class='ocrx_word' id='word_1_203' title='bbox 131 2675 193 2729; x_wconf 90' lang='lat' dir='ltr'>tam</span> <span class='ocrx_word' id='word_1_204' title='bbox 217 2674 337 2728; x_wconf 88' lang='lat' dir='ltr'>noctem</span> <span class='ocrx_word' id='word_1_205' title='bbox 358 2669 571 2731; x_wconf 83' lang='lat' dir='ltr'>habuimuset</span> <span class='ocrx_word' id='word_1_206' title='bbox 592 2668 809 2746; x_wconf 89' lang='lat' dir='ltr'>periculosam,</span> <span class='ocrx_word' id='word_1_207' title='bbox 842 2668 911 2746; x_wconf 88' lang='lat' dir='ltr'>quia</span> <span class='ocrx_word' id='word_1_208' title='bbox 932 2675 1042 2728; x_wconf 88' lang='lat' dir='ltr'>ventus</span> <span class='ocrx_word' id='word_1_209' title='bbox 1065 2669 1255 2737; x_wconf 78' lang='lat' dir='ltr'>eratfortis,</span> <span class='ocrx_word' id='word_1_210' title='bbox 1279 2679 1309 2731; x_wconf 86' lang='lat' dir='ltr'>et</span> 
     </span>
     <span class='ocr_line' id='line_1_25' title="bbox 131 2771 1309 2852; baseline 0.001 -18"><span class='ocrx_word' id='word_1_211' title='bbox 131 2773 319 2852; x_wconf 71' lang='lat' dir='ltr'>agitabantur</span> <span class='ocrx_word' id='word_1_212' title='bbox 340 2789 431 2834; x_wconf 84' lang='lat' dir='ltr'>nares</span> <span class='ocrx_word' id='word_1_213' title='bbox 454 2775 520 2834; x_wconf 86' lang='lat' dir='ltr'>sinc</span> <span class='ocrx_word' id='word_1_214' title='bbox 543 2774 617 2834; x_wconf 81' lang='lat' dir='ltr'>velis</span> <span class='ocrx_word' id='word_1_215' title='bbox 641 2772 724 2833; x_wconf 90' lang='lat' dir='ltr'>duris</span> <span class='ocrx_word' id='word_1_216' title='bbox 747 2779 779 2832; x_wconf 92' lang='lat' dir='ltr'>et</span> <span class='ocrx_word' id='word_1_217' title='bbox 801 2771 978 2833; x_wconf 88' lang='lat' dir='ltr'>inordinatis</span> <span class='ocrx_word' id='word_1_218' title='bbox 1009 2774 1153 2846; x_wconf 87' lang='lat' dir='ltr'>motibus,</span> <span class='ocrx_word' id='word_1_219' title='bbox 1185 2780 1217 2835; x_wconf 83' lang='lat' dir='ltr'>et</span> <span class='ocrx_word' id='word_1_220' title='bbox 1239 2792 1309 2836; x_wconf 89' lang='lat' dir='ltr'>cum</span> 
     </span>
     <span class='ocr_line' id='line_1_26' title="bbox 128 2873 1308 2957; baseline 0.003 -19"><span class='ocrx_word' id='word_1_221' title='bbox 128 2877 238 2956; x_wconf 88' lang='lat' dir='ltr'>majori</span> <span class='ocrx_word' id='word_1_222' title='bbox 260 2879 399 2939; x_wconf 88' lang='lat' dir='ltr'>molestia</span> <span class='ocrx_word' id='word_1_223' title='bbox 423 2885 542 2950; x_wconf 88' lang='lat' dir='ltr'>nostra,</span> <span class='ocrx_word' id='word_1_224' title='bbox 575 2895 665 2957; x_wconf 90' lang='lat' dir='ltr'>quam</span> <span class='ocrx_word' id='word_1_225' title='bbox 696 2881 727 2938; x_wconf 93' lang='lat' dir='ltr'>in</span> <span class='ocrx_word' id='word_1_226' title='bbox 758 2880 857 2939; x_wconf 88' lang='lat' dir='ltr'>saeris</span> <span class='ocrx_word' id='word_1_227' title='bbox 880 2873 936 2957; x_wconf 75' lang='lat' dir='ltr'>(lt)</span> <span class='ocrx_word' id='word_1_228' title='bbox 967 2880 1213 2956; x_wconf 87' lang='lat' dir='ltr'>tempestatibus,</span> <span class='ocrx_word' id='word_1_229' title='bbox 1246 2898 1308 2941; x_wconf 94' lang='lat' dir='ltr'>non</span> 
     </span>
     <span class='ocr_line' id='line_1_27' title="bbox 129 2982 1307 3061; baseline 0.005 -19"><span class='ocrx_word' id='word_1_230' title='bbox 129 2983 211 3043; x_wconf 86' lang='lat' dir='ltr'>enim</span> <span class='ocrx_word' id='word_1_231' title='bbox 234 2984 354 3044; x_wconf 91' lang='lat' dir='ltr'>stabant</span> <span class='ocrx_word' id='word_1_232' title='bbox 375 2999 484 3053; x_wconf 89' lang='lat' dir='ltr'>naves,</span> <span class='ocrx_word' id='word_1_233' title='bbox 508 3000 566 3042; x_wconf 90' lang='lat' dir='ltr'>nec</span> <span class='ocrx_word' id='word_1_234' title='bbox 581 2983 866 3061; x_wconf 86' lang='lat' dir='ltr'>progrediebantur,</span> <span class='ocrx_word' id='word_1_235' title='bbox 889 2982 943 3044; x_wconf 89' lang='lat' dir='ltr'>sed</span> <span class='ocrx_word' id='word_1_236' title='bbox 966 2984 1047 3044; x_wconf 86' lang='lat' dir='ltr'>inter</span> <span class='ocrx_word' id='word_1_237' title='bbox 1068 3001 1174 3045; x_wconf 80' lang='lat' dir='ltr'>saeros</span> <span class='ocrx_word' id='word_1_238' title='bbox 1197 2983 1307 3048; x_wconf 84' lang='lat' dir='ltr'>ductus</span> 
     </span>
     <span class='ocr_line' id='line_1_28' title="bbox 128 3087 1305 3166; baseline 0.005 -19"><span class='ocrx_word' id='word_1_239' title='bbox 128 3087 316 3166; x_wconf 88' lang='lat' dir='ltr'>agitabantur</span> <span class='ocrx_word' id='word_1_240' title='bbox 337 3104 418 3147; x_wconf 87' lang='lat' dir='ltr'>nunc</span> <span class='ocrx_word' id='word_1_241' title='bbox 440 3093 527 3156; x_wconf 90' lang='lat' dir='ltr'>aute,</span> <span class='ocrx_word' id='word_1_242' title='bbox 550 3105 631 3148; x_wconf 92' lang='lat' dir='ltr'>nunc</span> <span class='ocrx_word' id='word_1_243' title='bbox 653 3094 750 3159; x_wconf 89' lang='lat' dir='ltr'>retro,</span> <span class='ocrx_word' id='word_1_244' title='bbox 774 3094 805 3147; x_wconf 87' lang='lat' dir='ltr'>ei</span> <span class='ocrx_word' id='word_1_245' title='bbox 826 3090 858 3147; x_wconf 92' lang='lat' dir='ltr'>in</span> <span class='ocrx_word' id='word_1_246' title='bbox 880 3087 975 3149; x_wconf 84' lang='lat' dir='ltr'>latera</span> <span class='ocrx_word' id='word_1_247' title='bbox 991 3089 1078 3149; x_wconf 90' lang='lat' dir='ltr'>ambo</span> <span class='ocrx_word' id='word_1_248' title='bbox 1094 3090 1228 3151; x_wconf 87' lang='lat' dir='ltr'>crebrius</span> <span class='ocrx_word' id='word_1_249' title='bbox 1250 3095 1305 3153; x_wconf 92' lang='lat' dir='ltr'>im·</span> 
     </span>
     <span class='ocr_line' id='line_1_29' title="bbox 128 3189 1306 3271; baseline 0.007 -20"><span class='ocrx_word' id='word_1_250' title='bbox 128 3193 286 3271; x_wconf 88' lang='lat' dir='ltr'>portunius</span> <span class='ocrx_word' id='word_1_251' title='bbox 315 3189 564 3262; x_wconf 82' lang='lat' dir='ltr'>reflectebantur,</span> <span class='ocrx_word' id='word_1_252' title='bbox 598 3194 677 3252; x_wconf 87' lang='lat' dir='ltr'>sicut</span> <span class='ocrx_word' id='word_1_253' title='bbox 712 3210 808 3270; x_wconf 88' lang='lat' dir='ltr'>equus</span> <span class='ocrx_word' id='word_1_254' title='bbox 830 3195 895 3253; x_wconf 89' lang='lat' dir='ltr'>siue</span> <span class='ocrx_word' id='word_1_255' title='bbox 918 3192 1005 3254; x_wconf 83' lang='lat' dir='ltr'>freno</span> <span class='ocrx_word' id='word_1_256' title='bbox 1038 3203 1069 3255; x_wconf 88' lang='lat' dir='ltr'>et</span> <span class='ocrx_word' id='word_1_257' title='bbox 1090 3195 1211 3257; x_wconf 84' lang='lat' dir='ltr'>volatile</span> <span class='ocrx_word' id='word_1_258' title='bbox 1240 3201 1306 3259; x_wconf 91' lang='lat' dir='ltr'>sine</span> 
     </span>
     <span class='ocr_line' id='line_1_30' title="bbox 128 3295 1308 3378; baseline 0.007 -24"><span class='ocrx_word' id='word_1_259' title='bbox 128 3297 252 3374; x_wconf 91' lang='lat' dir='ltr'>pennis,</span> <span class='ocrx_word' id='word_1_260' title='bbox 276 3295 357 3374; x_wconf 91' lang='lat' dir='ltr'>quod</span> <span class='ocrx_word' id='word_1_261' title='bbox 380 3295 495 3356; x_wconf 90' lang='lat' dir='ltr'>nisibus</span> <span class='ocrx_word' id='word_1_262' title='bbox 516 3295 693 3357; x_wconf 86' lang='lat' dir='ltr'>inordinatis</span> <span class='ocrx_word' id='word_1_263' title='bbox 716 3295 752 3357; x_wconf 91' lang='lat' dir='ltr'>ad</span> <span class='ocrx_word' id='word_1_264' title='bbox 769 3297 901 3356; x_wconf 87' lang='lat' dir='ltr'>volatum</span> <span class='ocrx_word' id='word_1_265' title='bbox 918 3305 1072 3370; x_wconf 85' lang='lat' dir='ltr'>movetur,</span> <span class='ocrx_word' id='word_1_266' title='bbox 1094 3318 1212 3378; x_wconf 90' lang='lat' dir='ltr'>pennae</span> <span class='ocrx_word' id='word_1_267' title='bbox 1228 3305 1308 3362; x_wconf 84' lang='lat' dir='ltr'>enim</span> 
     </span>
     <span class='ocr_line' id='line_1_31' title="bbox 127 3399 1306 3481; baseline 0.007 -23"><span class='ocrx_word' id='word_1_268' title='bbox 127 3401 212 3459; x_wconf 88' lang='lat' dir='ltr'>navis</span> <span class='ocrx_word' id='word_1_269' title='bbox 236 3406 306 3460; x_wconf 91' lang='lat' dir='ltr'>sunt</span> <span class='ocrx_word' id='word_1_270' title='bbox 328 3399 409 3470; x_wconf 88' lang='lat' dir='ltr'>vela,</span> <span class='ocrx_word' id='word_1_271' title='bbox 442 3406 473 3459; x_wconf 90' lang='lat' dir='ltr'>et</span> <span class='ocrx_word' id='word_1_272' title='bbox 495 3399 615 3460; x_wconf 83' lang='lat' dir='ltr'>frenum</span> <span class='ocrx_word' id='word_1_273' title='bbox 638 3407 684 3460; x_wconf 87' lang='lat' dir='ltr'>esi</span> <span class='ocrx_word' id='word_1_274' title='bbox 706 3399 823 3470; x_wconf 84' lang='lat' dir='ltr'>clarus,</span> <span class='ocrx_word' id='word_1_275' title='bbox 853 3417 982 3476; x_wconf 86' lang='lat' dir='ltr'>quorum</span> <span class='ocrx_word' id='word_1_276' title='bbox 1004 3408 1112 3462; x_wconf 90' lang='lat' dir='ltr'>neutro</span> <span class='ocrx_word' id='word_1_277' title='bbox 1135 3405 1306 3481; x_wconf 83' lang='lat' dir='ltr'>regebatur.</span> 
     </span>
     <span class='ocr_line' id='line_1_32' title="bbox 127 3502 1307 3584; baseline 0.005 -19"><span class='ocrx_word' id='word_1_278' title='bbox 127 3503 202 3565; x_wconf 91' lang='lat' dir='ltr'>ldeo</span> <span class='ocrx_word' id='word_1_279' title='bbox 226 3506 440 3575; x_wconf 90' lang='lat' dir='ltr'>communiter,</span> <span class='ocrx_word' id='word_1_280' title='bbox 464 3505 584 3583; x_wconf 89' lang='lat' dir='ltr'>quaudo</span> <span class='ocrx_word' id='word_1_281' title='bbox 608 3510 717 3584; x_wconf 88' lang='lat' dir='ltr'>poetae</span> <span class='ocrx_word' id='word_1_282' title='bbox 741 3506 905 3582; x_wconf 89' lang='lat' dir='ltr'>loquuntur</span> <span class='ocrx_word' id='word_1_283' title='bbox 926 3502 964 3563; x_wconf 90' lang='lat' dir='ltr'>de</span> <span class='ocrx_word' id='word_1_284' title='bbox 987 3505 1074 3580; x_wconf 87' lang='lat' dir='ltr'>equis</span> <span class='ocrx_word' id='word_1_285' title='bbox 1096 3509 1237 3582; x_wconf 89' lang='lat' dir='ltr'>pennatis</span> <span class='ocrx_word' id='word_1_286' title='bbox 1259 3511 1307 3570; x_wconf 89' lang='lat' dir='ltr'>vel</span> 
     </span>
     <span class='ocr_line' id='line_1_33' title="bbox 128 3605 1306 3689; baseline 0.005 -21"><span class='ocrx_word' id='word_1_287' title='bbox 128 3607 231 3679; x_wconf 88' lang='lat' dir='ltr'>alatis,</span> <span class='ocrx_word' id='word_1_288' title='bbox 254 3605 485 3686; x_wconf 87' lang='lat' dir='ltr'>intelligendum</span> <span class='ocrx_word' id='word_1_289' title='bbox 509 3608 547 3670; x_wconf 87' lang='lat' dir='ltr'>de</span> <span class='ocrx_word' id='word_1_290' title='bbox 569 3610 694 3670; x_wconf 89' lang='lat' dir='ltr'>navibus</span> <span class='ocrx_word' id='word_1_291' title='bbox 719 3614 781 3678; x_wconf 88' lang='lat' dir='ltr'>est,</span> <span class='ocrx_word' id='word_1_292' title='bbox 806 3623 883 3685; x_wconf 88' lang='lat' dir='ltr'>quae</span> <span class='ocrx_word' id='word_1_293' title='bbox 907 3606 1050 3667; x_wconf 88' lang='lat' dir='ltr'>dicuntur</span> <span class='ocrx_word' id='word_1_294' title='bbox 1072 3607 1140 3669; x_wconf 90' lang='lat' dir='ltr'>alati</span> <span class='ocrx_word' id='word_1_295' title='bbox 1165 3613 1243 3689; x_wconf 81' lang='lat' dir='ltr'>equi,</span> <span class='ocrx_word' id='word_1_296' title='bbox 1266 3616 1306 3674; x_wconf 91' lang='lat' dir='ltr'>si-</span> 
     </span>
     <span class='ocr_line' id='line_1_34' title="bbox 129 3707 1308 3790; baseline 0.005 -18"><span class='ocrx_word' id='word_1_297' title='bbox 129 3720 180 3772; x_wconf 91' lang='lat' dir='ltr'>cut</span> <span class='ocrx_word' id='word_1_298' title='bbox 204 3712 240 3771; x_wconf 82' lang='lat' dir='ltr'>&#39;in</span> <span class='ocrx_word' id='word_1_299' title='bbox 264 3710 297 3772; x_wconf 90' lang='lat' dir='ltr'>P.</span> <span class='ocrx_word' id='word_1_300' title='bbox 320 3710 343 3772; x_wconf 88' lang='lat' dir='ltr'>l.</span> <span class='ocrx_word' id='word_1_301' title='bbox 378 3707 509 3776; x_wconf 69' lang='lat' dir='ltr'>nonsit</span> <span class='ocrx_word' id='word_1_302' title='bbox 540 3712 649 3773; x_wconf 89' lang='lat' dir='ltr'>dicitur</span> <span class='ocrx_word' id='word_1_303' title='bbox 677 3712 808 3773; x_wconf 87' lang='lat' dir='ltr'>Perseus</span> <span class='ocrx_word' id='word_1_304' title='bbox 840 3713 961 3772; x_wconf 79' lang='lat' dir='ltr'>uenisse</span> <span class='ocrx_word' id='word_1_305' title='bbox 991 3713 1021 3771; x_wconf 90' lang='lat' dir='ltr'>iu</span> <span class='ocrx_word' id='word_1_306' title='bbox 1054 3728 1134 3790; x_wconf 84' lang='lat' dir='ltr'>equo</span> <span class='ocrx_word' id='word_1_307' title='bbox 1161 3714 1238 3777; x_wconf 90' lang='lat' dir='ltr'>alato</span> <span class='ocrx_word' id='word_1_308' title='bbox 1271 3717 1308 3779; x_wconf 92' lang='lat' dir='ltr'>ad</span> 
     </span>
     <span class='ocr_line' id='line_1_35' title="bbox 126 3813 1306 3895; baseline 0.005 -20"><span class='ocrx_word' id='word_1_309' title='bbox 126 3815 339 3876; x_wconf 82' lang='lat' dir='ltr'>liberationem</span> <span class='ocrx_word' id='word_1_310' title='bbox 362 3813 571 3888; x_wconf 78' lang='lat' dir='ltr'>Andromedae</span> <span class='ocrx_word' id='word_1_311' title='bbox 600 3816 638 3876; x_wconf 90' lang='lat' dir='ltr'>de</span> <span class='ocrx_word' id='word_1_312' title='bbox 670 3814 805 3895; x_wconf 90' lang='lat' dir='ltr'>scopulis</span> <span class='ocrx_word' id='word_1_313' title='bbox 826 3813 932 3894; x_wconf 90' lang='lat' dir='ltr'>loppe.</span> <span class='ocrx_word' id='word_1_314' title='bbox 977 3815 1013 3875; x_wconf 86' lang='lat' dir='ltr'>Et</span> <span class='ocrx_word' id='word_1_315' title='bbox 1036 3833 1126 3895; x_wconf 89' lang='lat' dir='ltr'>supra</span> <span class='ocrx_word' id='word_1_316' title='bbox 1148 3818 1210 3891; x_wconf 80' lang='lat' dir='ltr'>Ful,</span> <span class='ocrx_word' id='word_1_317' title='bbox 1235 3817 1306 3884; x_wconf 72' lang='lat'><strong>149.</strong></span> 
     </span>
     <span class='ocr_line' id='line_1_36' title="bbox 125 3917 1306 4002; baseline 0.005 -24"><span class='ocrx_word' id='word_1_318' title='bbox 125 3917 328 3998; x_wconf 90' lang='lat' dir='ltr'>Bellerophon</span> <span class='ocrx_word' id='word_1_319' title='bbox 353 3919 463 3981; x_wconf 90' lang='lat' dir='ltr'>dicitur</span> <span class='ocrx_word' id='word_1_320' title='bbox 494 3923 525 3981; x_wconf 91' lang='lat' dir='ltr'>in</span> <span class='ocrx_word' id='word_1_321' title='bbox 553 3938 632 3998; x_wconf 86' lang='lat' dir='ltr'>equo</span> <span class='ocrx_word' id='word_1_322' title='bbox 661 3920 740 3981; x_wconf 89' lang='lat' dir='ltr'>alato</span> <span class='ocrx_word' id='word_1_323' title='bbox 769 3921 879 3980; x_wconf 83' lang='lat' dir='ltr'>vicisse</span> <span class='ocrx_word' id='word_1_324' title='bbox 909 3920 1119 3994; x_wconf 82' lang='lat' dir='ltr'>Chimaeram,</span> <span class='ocrx_word' id='word_1_325' title='bbox 1153 3926 1205 4002; x_wconf 90' lang='lat' dir='ltr'>qui</span> <span class='ocrx_word' id='word_1_326' title='bbox 1235 3927 1306 4002; x_wconf 89' lang='lat' dir='ltr'>equi</span> 
     </span>
     <span class='ocr_line' id='line_1_37' title="bbox 128 4010 1306 4105; baseline 0.004 -23"><span class='ocrx_word' id='word_1_327' title='bbox 128 4023 198 4083; x_wconf 88' lang='lat' dir='ltr'>alati</span> <span class='ocrx_word' id='word_1_328' title='bbox 222 4023 386 4085; x_wconf 89' lang='lat' dir='ltr'>creduntur</span> <span class='ocrx_word' id='word_1_329' title='bbox 408 4043 501 4087; x_wconf 86' lang='lat' dir='ltr'>naras</span> <span class='ocrx_word' id='word_1_330' title='bbox 524 4010 640 4085; x_wconf 83' lang='lat' dir='ltr'>velatae</span> <span class='ocrx_word' id='word_1_331' title='bbox 663 4025 774 4096; x_wconf 83' lang='lat' dir='ltr'>fuisse,</span> <span class='ocrx_word' id='word_1_332' title='bbox 798 4027 866 4102; x_wconf 91' lang='lat' dir='ltr'>quia</span> <span class='ocrx_word' id='word_1_333' title='bbox 890 4025 1033 4085; x_wconf 87' lang='lat' dir='ltr'>historiae</span> <span class='ocrx_word' id='word_1_334' title='bbox 1055 4027 1125 4086; x_wconf 90' lang='lat' dir='ltr'>illae</span> <span class='ocrx_word' id='word_1_335' title='bbox 1149 4034 1306 4105; x_wconf 89' lang='lat' dir='ltr'>poetarum</span> 
     </span>
     <span class='ocr_line' id='line_1_38' title="bbox 129 4127 1307 4207; baseline 0.005 -23"><span class='ocrx_word' id='word_1_336' title='bbox 129 4142 191 4185; x_wconf 92' lang='lat' dir='ltr'>non</span> <span class='ocrx_word' id='word_1_337' title='bbox 213 4129 343 4187; x_wconf 90' lang='lat' dir='ltr'>omnino</span> <span class='ocrx_word' id='word_1_338' title='bbox 363 4128 454 4189; x_wconf 86' lang='lat' dir='ltr'>¹lictae</span> <span class='ocrx_word' id='word_1_339' title='bbox 485 4134 572 4199; x_wconf 91' lang='lat' dir='ltr'>suut,</span> <span class='ocrx_word' id='word_1_340' title='bbox 604 4127 659 4188; x_wconf 90' lang='lat' dir='ltr'>sed</span> <span class='ocrx_word' id='word_1_341' title='bbox 691 4129 790 4207; x_wconf 84' lang='lat' dir='ltr'>aliqua</span> <span class='ocrx_word' id='word_1_342' title='bbox 817 4147 878 4191; x_wconf 92' lang='lat' dir='ltr'>non</span> <span class='ocrx_word' id='word_1_343' title='bbox 904 4129 1140 4207; x_wconf 86' lang='lat' dir='ltr'>intelligentibus</span> <span class='ocrx_word' id='word_1_344' title='bbox 1167 4130 1307 4191; x_wconf 86' lang='lat' dir='ltr'>ridentur</span> 
     </span>
     <span class='ocr_line' id='line_1_39' title="bbox 130 4230 1309 4313; baseline 0.002 -23"><span class='ocrx_word' id='word_1_345' title='bbox 130 4246 201 4291; x_wconf 90' lang='lat' dir='ltr'>esse</span> <span class='ocrx_word' id='word_1_346' title='bbox 223 4231 306 4306; x_wconf 86' lang='lat' dir='ltr'>licta3</span> <span class='ocrx_word' id='word_1_347' title='bbox 330 4235 361 4294; x_wconf 92' lang='lat' dir='ltr'>iu</span> <span class='ocrx_word' id='word_1_348' title='bbox 385 4235 429 4294; x_wconf 83' lang='lat' dir='ltr'>rai</span> <span class='ocrx_word' id='word_1_349' title='bbox 454 4232 582 4295; x_wconf 70' lang='lat' dir='ltr'>radiate</span> <span class='ocrx_word' id='word_1_350' title='bbox 604 4239 707 4295; x_wconf 90' lang='lat' dir='ltr'>tamen</span> <span class='ocrx_word' id='word_1_351' title='bbox 728 4239 833 4296; x_wconf 87' lang='lat' dir='ltr'>natura</span> <span class='ocrx_word' id='word_1_352' title='bbox 855 4250 952 4313; x_wconf 86' lang='lat' dir='ltr'>equos</span> <span class='ocrx_word' id='word_1_353' title='bbox 974 4230 1069 4294; x_wconf 70' lang='lat' dir='ltr'>datos</span> <span class='ocrx_word' id='word_1_354' title='bbox 1083 4230 1232 4311; x_wconf 84' lang='lat' dir='ltr'>producit,</span> <span class='ocrx_word' id='word_1_355' title='bbox 1256 4231 1309 4309; x_wconf 89' lang='lat' dir='ltr'>qui</span> 
     </span>
    </p>
   </div>
   <div class='ocr_carea' id='block_1_3' title="bbox 0 0 1442 4770">
    <p class='ocr_par' dir='ltr' id='par_1_4' title="bbox 0 0 1442 4770">
     <span class='ocr_line' id='line_1_40' title="bbox 0 0 1442 4770; baseline 0 0"><span class='ocrx_word' id='word_1_356' title='bbox 0 0 1442 4770; x_wconf 95' lang='lat' dir='ltr'> </span> 
     </span>
    </p>
   </div>
  </div>
 </body>
</html>
