2874 4770
677 93 743 162 560

122 275 227 338 sputum
246 266 362 336 projecit
378 265 485 334 quidam
504 264 673 317 Sarracenos
691 265 720 316 iu
739 265 841 317 rultm
858 263 938 331 ΒΒΒ,
959 266 1009 318 143
1028 281 1055 321 a.

122 354 256 408 stabilitas
274 352 399 421 religiosi
417 352 537 403 tirmatur
555 351 624 402 lecto
643 352 694 403 hoc
712 352 883 418 evagatorio,
903 355 920 404 2
936 353 969 404 Β.

123 450 212 494 statua
230 441 298 493 salis
317 441 389 492 facta
406 448 449 490 est
466 454 532 490 uxor
550 438 636 504 Loth,
655 441 706 492 215
724 441 756 490 A.
775 439 807 490 Β.

122 536 229 580 statuae
247 527 367 592 grandes
385 533 413 577 et
429 532 618 576 monstruosae
631 525 711 577 unius
725 525 833 593 lapidis.
858 525 965 580 Quaere
979 526 1134 595 Goluuus,
1155 528 1306 583 Obeliua

123 622 228 667 statura
245 615 359 664 maxima
377 612 435 678 Og,
463 612 538 679 regis
555 612 662 678 Basan,
690 613 768 664 351.
803 613 936 666 Erichelli
954 615 1082 683 gigantis
1103 616 1240 685 maxima,
1264 618 1305 671 ta.

193 700 329 751 Pallantis
347 699 486 766 gigantis,
506 699 539 750 03
558 699 585 748 h.

124 796 225 843 statuta
243 795 270 839 et
286 790 348 854 jura
366 786 477 837 militum
496 784 525 837 S.
544 785 695 854 sepulchri,
715 803 783 854 qnae
802 787 876 841 sint?
896 789 944 841 183
963 788 995 841 Β.

124 884 211 929 status
229 875 367 942 sextuplex
384 873 439 926 loci
455 873 605 926 nativitatis
627 873 746 941 Christi,
766 878 816 929 177
834 877 873 943 Β,
892 881 949 928 tres
967 876 1064 930 habuit
1081 882 1162 930 tem
1180 878 1305 949 Aegyp,

195 964 242 1016 141
264 964 290 1017 h.
309 979 332 1013 c

124 1051 227 1104 stantia
244 1050 319 1100 locus
339 1053 381 1099 eat
398 1047 480 1100 alieni
499 1047 658 1115 assignatus
678 1047 706 1099 in
725 1048 789 1100 nari
808 1067 857 1117 pro
874 1067 925 1103 sua
943 1051 1131 1122 dormitione,
1149 1054 1185 1108 35
1202 1054 1237 1108 Β.

125 1140 206 1191 stella
224 1134 355 1204 quomodo
373 1135 462 1186 lactus
481 1135 602 1201 scorpio,
621 1151 720 1186 cancer
738 1136 830 1203 canis,
848 1139 900 1192 200
918 1154 943 1190 a.
961 1140 988 1191 h.

125 1227 230 1278 stellam
249 1224 295 1274 uhi
314 1221 431 1273 viderint
448 1220 542 1288 Magi,
563 1221 614 1273 134
633 1222 665 1274 Β.

125 1312 207 1365 stella
222 1310 367 1378 Magorum
384 1307 414 1360 in
434 1309 580 1360 cisternam
598 1309 732 1378 quandam
751 1311 831 1380 lapsa
847 1317 903 1377 est,
924 1310 971 1362 171
990 1311 1025 1363 Β.

125 1401 207 1452 stella
224 1397 387 1466 putabantur
404 1395 462 1447 lieri
480 1396 604 1449 honines
624 1397 709 1448 divini
728 1399 879 1466 posthanc
896 1399 997 1465 vitam,
1017 1401 1069 1453 137
1088 1402 1118 1456 la.

126 1488 209 1539 stella
227 1484 256 1537 S.
278 1485 440 1537 catharinae
458 1483 575 1550 virginis
593 1484 725 1551 quomodo
744 1485 895 1554 appareat?
911 1488 945 1537 28
963 1502 989 1540 a.

126 1574 223 1626 stellae
241 1571 372 1639 quaedam
390 1570 499 1637 signnm
518 1571 606 1623 crucis
625 1571 743 1638 faciunt,
770 1590 837 1641 quae
856 1572 955 1624 dicitur
972 1589 1039 1626 crux
1060 1575 1185 1630 militum
1201 1577 1308 1629 June·

195 1660 399 1727 lymitanorum,
418 1695 425 1708 .
444 1698 452 1710 .
471 1695 478 1709 .

125 1746 279 1815 Stephanus
303 1744 347 1795 uhi
366 1743 402 1795 sit
418 1742 570 1810 lapidatus,
592 1745 641 1797 142
653 1745 691 1810 A,
711 1745 757 1796 ubi
777 1746 900 1813 sepultus
912 1753 974 1815 post
986 1746 1198 1817 inventionem,
1217 1750 1307 1805 iim.

127 1836 293 1888 stereoribus
311 1835 419 1900 plenum
438 1832 583 1899 hospitium
603 1832 755 1884 habuerunt
772 1833 928 1900 peregrini,
948 1838 982 1888 75
999 1836 1033 1888 A.
1050 1834 1087 1888 Β.

125 1918 313 1973 stercorisavit
331 1917 494 1986 peregrinus
511 1918 540 1970 in
558 1919 712 1973 moscheam
725 1920 877 1988 quandam,
897 1923 930 1975 12
942 1937 974 1988 a,
994 1924 1203 1979 stercorisandi
1219 1924 1307 1979 tadu

195 2008 224 2058 in
244 2007 322 2074 navi,
340 2006 373 2060 53
391 2006 425 2057 A.

125 2094 290 2164 sterquilinii
308 2100 387 2163 porta
404 2093 434 2144 iu
452 2092 620 2158 Jerusalem,
641 2093 693 2146 220
709 2095 742 2146 A.

126 2184 301 2237 stertationes
318 2181 347 2233 in
366 2179 429 2232 navi
447 2196 496 2232 sen
514 2181 596 2247 galea
613 2185 677 2232 sunt
695 2180 828 2245 odibiles,
847 2182 881 2234 53
898 2183 931 2235 A.

126 2271 302 2337 Stertzingeu
321 2267 447 2337 oppidum
465 2267 580 2331 bouum,
601 2266 634 2318 27
651 2267 676 2317 A
694 2272 721 2317 et
739 2269 789 2320 227
808 2283 832 2318 a.

126 2363 212 2433 stipes
230 2368 340 2414 sanetae
359 2359 449 2411 crucis
467 2357 513 2410 uhi
533 2356 669 2410 creverit?
694 2359 745 2411 102
763 2357 795 2409 A.
831 2353 907 2423 Stips
924 2354 1009 2423 hujus
1035 2360 1151 2414 arboris
1168 2378 1202 2416 aa
1217 2363 1306 2416 bulte

196 2448 305 2517 Virgini
324 2445 448 2515 aperuit,
467 2449 500 2498 75
519 2461 544 2495 a.
579 2444 659 2497 illins
678 2445 785 2497 arboris
803 2443 912 2495 Esaiam
932 2446 1094 2515 abscondit,
1113 2451 1167 2504 101
1186 2452 1220 2505 A.

126 2539 304 2606 strangulare
317 2536 422 2605 quidam
441 2534 469 2586 iu
488 2534 558 2586 lecto
577 2533 710 2601 quendam
729 2533 827 2599 voluit,
846 2573 853 2586 .
872 2570 879 2584 .
899 2571 906 2586 .

127 2631 229 2679 stratae
247 2630 326 2677 erant
343 2623 475 2691 quondam
495 2637 588 2674 omnes
606 2622 667 2673 viae
686 2621 761 2673 vario
780 2621 917 2688 politoque
935 2636 1089 2690 marmore,
1108 2642 1163 2694 per
1181 2624 1305 2695 quaaDa

196 2713 284 2764 miuus
303 2711 330 2762 in
350 2711 491 2763 eductione
511 2709 545 2760 ad
563 2710 719 2776 passionem
738 2725 813 2762 suam
831 2710 992 2774 ambulavit,
1012 2714 1065 2764 214
1083 2714 1118 2768 A.

128 2806 239 2853 stratum
257 2804 364 2853 laneum
383 2799 478 2851 habuit
495 2797 561 2849 FFF
578 2814 627 2866 per
645 2813 718 2849 maro
737 2806 763 2848 et
782 2813 830 2865 per
849 2795 998 2863 desertum,
1018 2834 1025 2848 .
1047 2835 1055 2850 .
1075 2838 1083 2853 .

127 2887 228 2940 stridor
246 2888 273 2938 in
292 2886 450 2955 purgatorio
468 2885 626 2952 patientium
646 2885 691 2937 ubi
711 2885 857 2937 audiatur?
877 2885 927 2937 113
945 2886 977 2938 Β.

128 2974 263 3039 Strivalc,
282 2974 377 3026 insilla
396 2974 605 3039 Calogerorum,
624 2973 698 3025 8οΒ
718 2978 744 3024 ct
763 2972 813 3024 103
831 2972 862 3025 Α.

127 3063 322 3111 structurarum
336 3059 491 3127 pretiositas
504 3059 531 3109 in
545 3059 752 3112 christianitate
764 3059 873 3110 multum
886 3058 1057 3113 scandalizat
1069 3060 1211 3131 infideles,
1230 3066 1305 3119 2121.

127 3144 275 3199 studorium
295 3146 323 3199 S.
343 3147 516 3214 Hieronymi,
536 3145 563 3196 in
583 3162 635 3214 quo
654 3145 794 3198 transtulit
811 3145 909 3210 biblia,
931 3145 981 3198 107
1000 3145 1032 3200 Β.

127 3234 243 3288 studium
261 3234 391 3301 generale
410 3234 625 3287 Christianorum
644 3234 695 3286 fuit
714 3234 741 3284 io
762 3233 857 3299 Cairo,
881 3234 932 3287 270
950 3235 982 3287 Α.

127 3323 242 3376 stadium
262 3324 391 3392 generale
411 3323 521 3375 duarum
543 3321 645 3374 viarum
664 3323 765 3374 habeut
777 3320 921 3374 sarraceni
939 3321 968 3373 in
983 3319 1063 3375 Cairo
1076 3323 1213 3395 Aegypti,
1232 3326 1304 3381 ibib

128 3409 302 3478 Stymphalos
320 3426 412 3476 mons,
433 3413 483 3463 177
502 3426 525 3465 1.

128 3496 220 3549 suavis
239 3502 268 3549 ut
286 3497 337 3548 mcl
358 3503 399 3549 est
417 3513 461 3549 ros
480 3497 508 3548 in
528 3497 641 3566 quodam
660 3498 720 3550 loco
740 3497 857 3562 deserti,
877 3499 911 3551 42
930 3513 954 3551 a.

127 3585 220 3637 suavis
238 3591 333 3638 cantus
352 3585 525 3638 continuatur
544 3602 592 3652 per
610 3603 736 3653 magnam
753 3585 965 3651 multitudinem,
987 3587 1018 3639 81
1040 3586 1071 3638 A.

127 3689 235 3724 suavem
254 3677 358 3725 cantum
378 3673 511 3742 depromit
529 3675 684 3742 speculator
702 3674 785 3727 maris
805 3675 864 3727 dnm
884 3674 932 3726 flat
951 3679 1048 3727 ventus
1067 3691 1210 3746 prosper,
1229 3678 1261 3733 02
1275 3675 1301 3728 Β.

127 3760 219 3810 srruvis
239 3759 366 3811 memorio
384 3760 487 3830 proprii
506 3761 559 3814 soli
578 3762 606 3812 iu
626 3761 717 3812 aliena
735 3767 820 3826 terra,
840 3762 875 3814 40
894 3762 910 3811 b
931 3765 957 3811 et
978 3763 1026 3812 122
1046 3767 1073 3814 et
1093 3765 1144 3816 201
1166 3781 1192 3820 a.

127 3844 304 3899 suavissimus
324 3847 391 3898 odor
410 3864 441 3899 cx
461 3849 520 3901 loco
539 3848 689 3901 nativitatis
708 3847 818 3900 Domini
837 3848 965 3915 resultat,
986 3846 1036 3902 169
1054 3851 1088 3904 Α.
1108 3851 1141 3904 Β.

127 3932 283 3985 suavissimi
303 3939 398 4001 gustus
418 3941 481 3988 sunt
499 3934 582 4001 musi,
602 3935 666 3987 mali
685 3935 822 4004 paradisi,
843 3936 875 3988 75
895 3935 920 3986 h.

127 4017 281 4071 suavissimi
299 4020 370 4072 botri
389 4027 452 4074 sunt
469 4021 498 4073 in
516 4023 630 4090 quodam
649 4024 723 4089 loco,
744 4038 845 4093 quaere
865 4020 947 4078 Odor.

127 4110 224 4175 suapte
242 4112 356 4161 naturus
374 4113 416 4163 est
433 4114 520 4177 terra,
540 4110 630 4177 quael
650 4109 700 4165 136
720 4127 743 4163 1.
