2874 4770
681 186 745 257 205

125 365 241 440 Quibus
264 364 338 426 diri:
369 363 484 443 lapides
508 362 632 442 quidem
653 363 813 434 habemus,
848 361 990 422 sednon
1013 366 1147 423 sacratos
1168 361 1302 440 vestigiis

124 470 246 532 Domini
268 469 423 531 salvatoris
445 469 503 529 Dei
530 470 628 528 nostri
661 472 693 528 et
716 467 894 527 Sanctomrn
927 464 1014 543 ejus,
1044 464 1113 526 ideo
1146 466 1214 526 hinc
1248 482 1303 525 eos

125 573 296 651 colligimus
339 579 370 633 et
407 573 580 633 carissimos
614 590 668 632 eos
706 571 737 630 in
780 576 862 630 terra
900 576 1003 630 nostra
1037 569 1191 631 babemus.
1237 569 1304 630 lloc

127 677 286 739 audientes
308 675 506 737 reddiderunt
528 676 601 735 mihi
624 681 766 754 sportam.
813 672 912 733 Aliam
935 675 1025 734 etiam
1052 680 1187 752 sportam
1214 673 1305 733 habui

127 783 249 862 plenam
273 781 572 858 ramispalmarum,
607 780 645 840 de
675 796 732 856 qua
764 779 855 838 etiarn
883 778 1099 854 interrogatus,
1135 776 1207 854 quid
1235 793 1306 837 euin

127 887 219 948 ramis
242 885 302 945 illis
325 883 426 944 lacere
454 883 589 944 vellem?
624 883 684 944 dixi
706 883 766 954 eis,
800 880 882 960 qnod
912 882 1046 940 interra
1074 886 1176 941 nostra
1205 881 1305 941 nullae

129 990 253 1051 arbores
277 987 445 1067 palmarum
469 993 591 1058 essent,
614 993 646 1048 11
667 994 770 1049 tamen
788 984 875 1062 juxta
897 985 1012 1044 cultum
1034 984 1092 1044 Dei
1113 986 1208 1045 nostri
1231 986 1306 1045 rami

128 1094 298 1173 palmarum
321 1096 426 1151 essent
446 1090 533 1150 nobis
557 1093 724 1154 necessarii
746 1089 877 1168 quodam
900 1095 1037 1167 tempore
1061 1088 1139 1160 anni,
1164 1094 1194 1148 11
1217 1090 1306 1148 mira-

128 1198 238 1259 bantur
259 1190 297 1255 de
320 1194 446 1266 auditis,
480 1196 679 1257 aestimabant
702 1197 799 1267 enirn,
834 1192 915 1271 qnod
948 1191 985 1253 de
1014 1189 1094 1251 foliis
1126 1196 1157 1250 et
1187 1192 1308 1271 pelletis

130 1301 242 1362 vellem
265 1298 366 1360 iacere
390 1298 567 1378 sportellas,
591 1301 671 1360 11111
691 1301 751 1378 ipsi
773 1297 901 1367 iaciunt,
931 1298 1034 1373 sicque
1058 1292 1241 1356 dimiserunt
1262 1297 1307 1355 in·

132 1410 244 1465 tactam
267 1410 402 1481 sportam
424 1402 524 1474 illam;
549 1402 635 1465 valde
658 1404 739 1464 enim
760 1403 867 1472 timui,
891 1399 972 1478 quod
994 1403 1073 1461 inter
1093 1418 1194 1461 ramos
1217 1417 1308 1477 quae·

133 1513 249 1579 rerent,
273 1508 344 1584 quia
359 1506 447 1566 miles
463 1506 584 1583 quidam
600 1523 703 1566 arcum
718 1506 938 1567 sarracenicnm
954 1524 1027 1566 cum·
1033 1504 1143 1583 111111
1159 1509 1189 1565 et
1205 1521 1310 1565 ensem

134 1611 283 1670 turcicum
306 1607 505 1670 absconderat
529 1611 560 1669 in
582 1627 701 1681 ramos,
732 1615 763 1669 et
786 1611 811 1669 si
833 1610 909 1669 haec
931 1610 1135 1682 invenissent,
1162 1611 1193 1669 in
1215 1608 1309 1669 11111-

136 1713 281 1773 lationem
302 1713 491 1774 venissemus
515 1731 576 1773 non
598 1730 730 1792 parvam.
764 1710 804 1772 Ut
827 1720 928 1774 autem
953 1716 1088 1774 contenti
1111 1719 1234 1784 starent,
1257 1712 1310 1771 de·

137 1815 236 1876 dimus
259 1817 303 1877 111
322 1814 407 1892 juxta
430 1818 593 1885 consilium
609 1815 873 1877 Trntsohelrnanni
897 1818 1014 1896 aliquos
1038 1817 1191 1891 madinos,
1215 1823 1247 1878 11
1269 1817 1314 1877 di·

137 1921 284 1981 miserunt
312 1938 369 1982 nos
401 1938 471 1981 cum
501 1937 587 1998 paco.
633 1920 684 1979 Sic
707 1937 779 1997 ergo
813 1939 867 1999 per
890 1929 991 2000 portas
1016 1940 1086 1983 curn
1109 1941 1178 1983 nonr
1194 1927 1313 2001 sperata

137 2025 354 2103 tranquillitate
368 2026 545 2100 evasimus,
569 2029 601 2083 et
623 2040 720 2101 usque
744 2023 782 2083 ad
804 2041 887 2085 oram
902 2028 992 2086 maris
1009 2031 1233 2106 processimus,
1256 2026 1311 2086 ibi-

137 2146 197 2208 que
213 2129 384 2191 exoueratis
398 2128 505 2189 bestiis
521 2132 552 2186 11
575 2127 681 2187 1111111
705 2127 841 2197 asinariis
858 2131 1089 2191 aestimabamus
1105 2149 1228 2192 omnem
1244 2147 1313 2208 per-

137 2235 356 2295 scrutationem
384 2229 508 2292 finitam.
554 2229 843 2292 Trutschelmannus
873 2238 974 2294 autem
1003 2233 1190 2294 Sohambeclr
1219 2235 1314 2293 licen·

138 2337 223 2396 liavit
244 2340 310 2410 ,nos
339 2334 459 2407 dicens,
483 2333 607 2396 salvum
637 2335 819 2397 conductum
840 2336 903 2414 jam
927 2339 1099 2416 exspirare,
1125 2343 1156 2398 et
1177 2336 1316 2397 hortaba-

139 2444 204 2511 tur,
227 2458 266 2500 nc
289 2439 418 2518 amplius
441 2440 593 2502 civitatem
614 2442 844 2521 ingrederemur
858 2448 982 2520 propter
997 2440 1165 2519 periculum
1186 2439 1316 2518 aliquod,

141 2541 223 2620 quod
244 2544 331 2604 nobis
348 2542 483 2605 accidere
500 2553 620 2624 posset,
644 2548 748 2625 sicque
770 2549 836 2626 ipse
856 2547 887 2606 in
903 2545 1056 2606 civitatem
1078 2544 1176 2604 rediit.
1208 2544 1317 2603 Statim

142 2663 225 2724 crgo,
249 2653 283 2707 ut
298 2648 433 2720 recessit,
457 2648 654 2712 conduximus
676 2653 806 2723 barcam,
829 2656 863 2712 11
886 2648 1107 2727 supellectilem
1130 2653 1262 2708 nostram
1285 2649 1317 2707 in

142 2768 210 2811 eam
239 2769 422 2838 poneremus
458 2761 489 2814 11
521 2756 559 2834 11Ῐ
581 2756 711 2817 classem
734 2757 930 2826 duceremus,
966 2751 1123 2813 seddum
1153 2769 1259 2812 saccos
1286 2755 1318 2811 11

141 2861 258 2934 sportas
278 2855 343 2933 jain
365 2874 458 2938 super
480 2876 536 2918 nos
558 2857 761 2931 levassemus,
785 2859 916 2919 occurrit
932 2856 1055 2936 quidam
1078 2856 1263 2917 Sarracenos
1287 2861 1319 2917 et

141 2979 211 3023 curn
241 2963 286 3023 ira
316 2960 430 3038 dejecit
452 2979 469 3023 a
488 2963 577 3024 nohis
600 2980 650 3023 res
680 2963 799 3034 dicens,
830 2969 971 3041 oportere
1003 2967 1178 3039 exspectare
1201 2966 1317 3021 scruta·

140 3072 223 3127 tores
245 3066 365 3137 finales,
389 3071 420 3125 et
443 3083 512 3126 oum
534 3065 662 3126 multum
685 3065 908 3145 disputaremus
933 3083 1002 3124 cum
1017 3064 1078 3136 eis,
1100 3083 1160 3126 non
1176 3066 1319 3126 curabant

141 3188 215 3241 uos,
248 3168 302 3230 sed
325 3169 523 3247 prohibebant
545 3187 601 3229 111
624 3187 674 3230 111
697 3172 860 3248 importare
893 3170 1017 3231 navibus
1051 3168 1203 3239 dicentes,
1236 3165 1319 3246 quod

142 3273 239 3336 adbuc
260 3272 427 3334 nudissima
449 3274 651 3351 perscrutatio
674 3280 803 3336 restaret
825 3292 922 3353 usque
943 3272 980 3333 ad
994 3273 1152 3333 minimum
1169 3271 1317 3350 quadran·

142 3384 215 3439 tem.
263 3377 329 3438 Hoc
352 3381 388 3436 11
409 3375 527 3447 audivi,
560 3378 672 3437 extraxi
695 3375 732 3436 de
756 3380 909 3439 communi
934 3376 1070 3436 cumulo·
1097 3392 1147 3435 res
1171 3392 1254 3435 meas
1287 3378 1319 3434 et

143 3499 193 3542 res
217 3480 330 3542 domini
360 3467 484 3539 loannis
506 3478 732 3552 Archidiaconi,
757 3482 832 3541 socii
855 3481 931 3552 mei,
956 3479 1060 3557 quiin
1085 3479 1214 3539 classem
1236 3479 1319 3540 navi·

140 3588 280 3663 gaverat,
313 3587 344 3642 et
366 3581 549 3659 singularem
571 3583 630 3644 1111
653 3585 807 3646 cumulum
830 3584 957 3661 sedique
983 3599 1168 3661 supereum
1192 3598 1318 3659 exspec-

143 3695 212 3749 tans
235 3684 398 3748 adventum
419 3690 637 3759 scrutatorum,
662 3691 713 3767 qui
736 3707 805 3750 cum
822 3691 993 3758 venissent,
1017 3685 1146 3745 militum
1169 3687 1319 3766 supellec-

144 3792 231 3852 tilem
256 3796 360 3850 exacte
383 3788 564 3867 perscrutati
586 3798 656 3853 sunt
679 3799 710 3853 et
725 3793 831 3853 lortius
858 3792 971 3868 illigata
998 3795 1144 3870 ruperunt
1167 3796 1197 3850 et
1220 3792 1321 3852 omnia

144 3897 309 3956 lustrantes
333 3891 371 3952 de
395 3892 521 3970 singulis
545 3895 665 3957 telonea
687 3896 799 3957 habere
820 3896 974 3967 volebant,
1004 3893 1207 3972 quibusdum
1236 3895 1319 3956 dice·

145 4005 230 4069 rent,
253 3996 334 4077 quod
357 3996 519 4074 pecuniam
541 3995 655 4060 telonei
677 4001 821 4062 solvisset
842 3999 1050 4071 Sohambecli,
1074 3997 1222 4072 dicebant,
1247 4017 1321 4060 eun·

148 4099 219 4161 dem
240 4101 352 4162 nullam
374 4099 486 4161 babere
509 4107 693 4179 potestatem
705 4101 797 4180 'juxta
818 4104 903 4165 littus
926 4104 1033 4174 maris,
1068 4099 1124 4161 sed
1144 4103 1244 4164 solnm
1265 4104 1321 4165 sub

148 4203 246 4281 portis
268 4206 396 4268 civitatis
427 4210 459 4268 11
485 4205 517 4267 in
539 4205 669 4270 civitate.
714 4206 827 4284 Sicque
856 4205 970 4269 domiui
991 4206 1102 4268 milites
1124 4222 1186 4268 non
1208 4222 1322 4286 paucos
