2874 4770
695 211 740 283 dil·

148 457 162 467 ..
174 384 331 475 salonio,
355 383 531 464 quodjuxta
549 389 704 451 columnas
720 395 907 452 monstrosas
922 392 983 451 sint
997 391 1131 454 thesauri
1145 393 1303 466 reconditi,

127 472 278 587 pgfsstpbi
301 507 392 570 supra
414 492 444 551 in
468 490 608 552 chronica
631 491 766 553 Martini:
789 491 823 553 ln
838 493 946 573 Apulia
962 500 1027 554 erat
1042 495 1190 573 quaedam
1205 502 1304 558 statua

128 584 315 687 maghrprea,
339 594 419 654 circa
433 600 524 671 caput
539 613 627 656 suum
643 595 756 655 habens
774 596 918 657 circulum
941 615 1078 669 aereum,
1103 602 1133 661 in
1157 619 1216 679 quo
1240 607 1305 662 erat

129 692 289 788 scriptum:
315 696 459 763 Calendis
476 695 549 773 Maji
573 699 689 758 oriente
712 698 776 758 sole
800 699 915 759 habebo
938 708 1029 780 caput
1052 718 1185 763 aureum.
1224 701 1304 774 Quid

128 790 229 871 autem
253 800 400 878 scriptura
422 799 498 859 haec
531 800 762 878 praetenderet,
797 820 888 862 nemo
919 802 1073 864 intellexit.
1121 804 1232 883 Captus
1256 812 1304 866 est

126 892 373 979 autem'quidam
396 901 596 974 Sarracenus,
627 906 677 981 qui
709 903 782 981 legit
806 911 837 964 et
859 907 1014 966 intellexit.
1058 904 1144 968 Unde
1168 906 1302 969 calendis

125 1000 199 1082 Maji
222 1006 339 1089 oriente
362 1003 427 1063 sole
450 1011 553 1069 notato
587 1007 718 1071 termino
750 1008 874 1067 umbrae
907 1009 987 1068 illius
1016 1009 1070 1069 sub
1102 1012 1207 1072 umbra
1237 1010 1303 1088 ejus

126 1096 239 1203 reperit
260 1106 408 1168 infinitum
431 1107 620 1181 thesaurum,
644 1128 736 1187 quem
760 1110 843 1171 dedit
865 1130 919 1192 pro
943 1112 1131 1174 redemtione
1149 1132 1212 1174 sua.
1257 1113 1304 1176 Ad

126 1212 207 1273 idem
229 1213 335 1272 recitat
357 1211 532 1272 Vincentius
551 1215 585 1273 in
602 1213 733 1291 Speculo
756 1215 902 1277 historiali
925 1215 989 1276 Lib.
1014 1214 1066 1278 27.
1091 1235 1118 1276 c.
1136 1212 1198 1288 99,
1223 1218 1304 1295 quod

128 1316 290 1377 Gerbertus
322 1316 367 1374 sic
400 1316 574 1403 thesaurum
604 1319 733 1378 invenit:
767 1326 832 1379 erat
855 1318 940 1396 juxta
973 1321 1102 1382 Romam
1133 1323 1164 1381 in
1197 1339 1303 1402 campo

126 1407 234 1487 Martio
258 1412 354 1478 statua
388 1436 490 1490 aerea,
527 1419 648 1480 dextrae
683 1437 789 1480 manus
823 1421 955 1483 indicem
990 1423 1130 1502 digitum¹
1149 1430 1303 1485 extentum
1343 1424 1353 1432 “

127 1484 240 1587 bfhens
265 1533 295 1586 et
319 1527 519 1604 scriptumin
543 1529 657 1606 capite:
689 1528 745 1589 llic
768 1535 911 1607 percute3
946 1526 1026 1605 quod
1049 1528 1214 1606 superioris
1236 1529 1303 1589 aevi

127 1628 267 1688 homines
289 1631 331 1690 ita
353 1627 584 1706 intelligendum
607 1632 663 1691 rati
683 1638 769 1702 sunt,
794 1639 827 1692 ut
847 1633 888 1693 ibi
904 1632 1079 1692 thesaurum
1095 1631 1232 1690 invenire
1247 1629 1301 1690 de·

125 1731 247 1802 herent,
292 1737 323 1790 et
351 1730 420 1792 ideo
456 1748 523 1791 eam
555 1733 656 1794 multis
696 1735 853 1797 securibus
885 1735 1078 1795 laniaverant.
1137 1731 1301 1794 Gerbertus
1414 1774 1418 1781 -

127 1840 233 1893 autem
260 1831 324 1897 sole
354 1833 520 1894 meridiano
549 1841 673 1906 notans,
713 1854 772 1914 quo
805 1836 1038 1917 protenderetur
1072 1836 1179 1897 umbra
1208 1835 1301 1913 digiti,

125 1936 168 2017 ibp'
206 1936 307 2013 palum
346 1936 420 2008 fixit,
459 1940 693 2017 superveniente
728 1946 830 2000 autem
864 1946 972 2010 noete,
1014 1939 1080 1998 solo
1119 1937 1301 2000 cubiculario

126 2039 279 2135 lgcemam
316 2045 453 2119 portante
496 2043 676 2125 comitante,
716 2040 753 2104 eo
789 2043 961 2114 contendit;
1002 2043 1044 2103 ibi
1086 2050 1165 2103 terra
1205 2043 1301 2102 solitis

126 2144 236 2249 agtibus
260 2143 421 2204 dehiscens
444 2145 538 2205 latum
560 2145 706 2225 patefecit
728 2149 909 2226 ingressum.
966 2147 1112 2209 Viderunt
1134 2147 1175 2207 ibi
1196 2148 1300 2239 ingen·

125 2253 188 2312 tem
227 2248 358 2325 regiam,¹
397 2264 506 2307 aureos
547 2250 696 2326 parietes,
737 2267 826 2311 aurea
857 2251 1025 2321 lacunaria,
1048 2251 1161 2309 vomnia
1201 2266 1300 2320 aurea,

125 2349 236 2409 milites
261 2367 368 2413 aureos
391 2351 516 2409 tesseris
540 2352 639 2410 aureis
663 2350 819 2421 ludentes,
843 2368 948 2429 regem
970 2370 1094 2413 aureum
1112 2370 1181 2431 cum
1196 2353 1301 2429 regina

127 2468 217 2512 aurea
239 2451 496 2521 discumbentem,
520 2456 658 2530 opposita
673 2455 815 2531 opsonia,
840 2460 972 2515 astantes
986 2438 1157 2526 ministros,
1178 2460 1300 2534 pateras

127 2554 214 2614 multi
235 2553 387 2635 ponderis
401 2560 432 2614 et
454 2557 559 2633 pretii,
583 2558 614 2615 in
637 2557 744 2634 quibus
768 2558 926 2617 materiam
949 2556 1109 2634 superabat
1131 2575 1217 2634 opus.
1262 2555 1296 2616 ln

126 2661 263 2720 interiori
294 2665 394 2720 autem
424 2666 508 2738 parte
537 2660 646 2721 domus
677 2660 876 2721 carbunculus
906 2660 983 2738 lapis
1001 2645 1160 2738 ‘imprimis
1192 2658 1300 2720 nobilis

126 2769 158 2823 et
190 2780 275 2839 rarus
307 2765 430 2824 inventu
464 2764 603 2824 tenebras
634 2753 731 2824 noctis
764 2763 893 2841 fugabat.
939 2761 972 2822 ln
1008 2763 1158 2823 contrario
1191 2763 1300 2841 angulo

125 2867 224 2928 stabat
246 2885 322 2944 puer
344 2873 451 2928 terrens
475 2886 579 2928 arcum
602 2870 723 2929 intenso
746 2867 837 2929 nervo
862 2874 893 2928 et
916 2868 1024 2946 sagitta
1039 2854 1185 2926 immissa.
1221 2866 1298 2926 Con·

124 2971 209 3031 tinuo
233 2977 352 3041 autem,
385 2978 418 3030 ut
450 2973 517 3049 quis
547 2954 670 3033 manum
701 2970 738 3031 ad
770 2970 1004 3049 contingendum
1037 2968 1150 3048 aliquid
1172 2975 1299 3048 aptaret,

124 3071 301 3135 videbantur
336 3091 442 3134 omnes
473 3074 543 3136 illae
572 3076 720 3153 imagines
753 3075 891 3154 prosilire
922 3080 952 3134 et
974 3075 1123 3152 impetum
1146 3072 1246 3133 facere
1268 3074 1299 3132 in

125 3183 376 3255 praesumtorem.
422 3176 488 3249 Quo
512 3179 619 3238 timore
634 3178 791 3257 perculsus
809 3178 974 3239 Gerbertus
990 3176 1064 3237 nihil
1079 3160 1193 3253 tetigit,
1216 3176 1298 3236 eubi-

126 3281 254 3340 cularius
295 3288 395 3341 autem
435 3288 544 3360 putans
577 3283 607 3342 in
636 3288 717 3342 tanta
747 3280 858 3362 praeda
889 3269 1013 3359 parvum
1050 3277 1163 3339 furtum
1205 3277 1299 3338 latere

126 3383 281 3444 cultellum
305 3387 428 3463 arripuit
451 3386 593 3446 mirabilis
617 3388 717 3464 operis
740 3386 844 3464 pretii,
876 3400 1007 3460 moxque
1030 3381 1167 3442 omnibus
1191 3382 1297 3459 imagi-

127 3487 214 3549 nibus
231 3506 300 3548 cum
324 3487 445 3548 fremitu
469 3471 698 3567 exsurgentibus
722 3504 798 3566 puer
820 3504 923 3547 areum
948 3492 1055 3545 tenens
1072 3485 1210 3562 sagittam
1222 3482 1299 3559 jecit

125 3590 157 3649 in
180 3574 456 3650 carbunculum‘el
488 3591 628 3657 tenebras
658 3590 788 3660 induxit,
819 3595 852 3649 et
873 3591 904 3648 ni
927 3590 1042 3648 monitu
1067 3587 1204 3647 Gerberti
1233 3585 1296 3647 cul-

125 3684 231 3753 tellum
264 3711 412 3771 reponere
442 3694 659 3765 accelerasset,
693 3710 798 3770 graves
833 3709 944 3771 poenas
975 3690 1062 3751 ambo
1092 3690 1297 3760 incurrissent,

126 3797 231 3873 sicque
255 3796 297 3854 nil
320 3796 471 3857 lucrantes
495 3797 587 3857 ductu
610 3796 752 3856 lucernae
775 3796 906 3873 regressi
931 3798 1009 3852 sunt.

212 3898 340 3971 Quarto,
377 3900 457 3978 quod
481 3901 615 3961 thesauri
642 3899 713 3959 clim
743 3917 760 3960 a
789 3897 948 3977 gentilibus
977 3897 1007 3955 in
1039 3900 1150 3954 terram
1181 3891 1297 3953 defossi

125 4001 242 4082 possint
263 4004 406 4079 reperiri,
436 4002 491 4064 sed
514 4009 615 4063 tamen
639 4021 708 4063 cum
731 4003 833 4064 multis
856 4000 1015 4080 perieulis,
1049 4004 1133 4077 patet
1162 4000 1193 4058 in
1225 3997 1295 4057 sub·

123 4108 205 4187 jecta
235 4107 373 4176 historia,
406 4122 482 4184 quae
511 4107 639 4193 habetur
661 4106 711 4165 ubi
734 4123 824 4184 supra
847 4105 919 4183 Cap.
945 4103 978 4163 C.
1010 4102 1138 4174 Quidam
1157 4101 1297 4181 pauperis

126 4210 203 4272 lilius
235 4210 273 4270 de
307 4208 475 4270 Barcinona
505 4191 649 4272 venitin
680 4207 810 4279 ltaliam,
839 4223 988 4286 quaerens
1018 4223 1127 4286 panem
1152 4203 1227 4283 (eh
1242 4199 1297 4280 a).
