2874 4770
670 194 743 265 1159·

128 391 199 435 eum
220 373 321 435 statim
343 373 375 433 in
396 372 560 434 thalamum
584 373 690 451 rapuit.
736 371 811 434 Cum
841 376 943 433 autem
962 369 1083 448 juvenis
1105 373 1180 434 nihil
1203 370 1305 434 delec-

125 476 217 540 tabile
240 477 272 537 in
304 494 340 538 ea
364 482 517 547 cerneret,
550 479 582 537 in
613 479 790 537 memoriam
820 476 903 536 duxit
933 474 1121 538 delicabilem
1150 479 1307 556 regionem

127 598 223 659 seque
255 580 287 640 in
309 597 444 641 amorem
476 578 594 640 odibilis
625 579 777 640 foeminae
811 581 991 650 commovit,
1025 582 1103 642 sicut
1133 580 1245 642 Dorcas
1275 583 1318 641 in-

128 700 222 762 eqnas
244 682 373 744 Dardani
397 685 520 754 exarsit,
544 689 575 743 et
598 685 676 744 siout
698 682 863 762 Pasiphae,
896 683 955 743 fllia
979 683 1065 754 solis,
1088 700 1163 745 uxor
1185 682 1305 755 Minois,

128 789 165 849 ab
187 789 261 849 irata
283 787 403 850 Venere
431 785 557 848 'infausti
588 788 698 848 amoris
721 786 850 847 flammis
874 804 1022 847 succensa
1051 789 1159 849 amavit
1188 795 1307 848 taurum

130 897 160 951 et
192 890 317 951 artificio
338 889 465 951 Daedali
495 893 526 952 in
549 889 614 968 ejus
645 893 728 953 venit
757 890 948 952 concubitum
983 896 1013 953 et
1043 909 1079 953 er
1107 910 1144 953 eo
1175 892 1309 970 suscepit

128 1001 160 1056 ct
181 996 299 1074 peperit
319 994 455 1057 medium
478 1003 597 1057 taurum
621 1004 652 1074 et
674 994 810 1057 medium
832 996 996 1064 hominem.
1027 994 1078 1056 Sic
1101 1002 1132 1056 et
1153 996 1203 1056 hio
1226 997 1306 1073 prin-

128 1116 201 1178 ceps
224 1115 370 1160 accensus
394 1116 411 1159 a
432 1098 552 1160 Venere
577 1100 741 1160 concubuit
764 1118 834 1160 oum
858 1098 986 1161 deformi
1016 1098 1169 1161 Multesch
1202 1105 1232 1158 et
1255 1116 1306 1158 co·

127 1204 330 1282 piosissimam
352 1203 490 1264 sobolem
514 1220 550 1263 ex
574 1220 610 1263 ea
633 1205 767 1281 suscepit
781 1209 843 1264 tam
858 1204 1021 1264 bestiarum
1037 1220 1128 1282 quam
1142 1203 1306 1274 hominum,

126 1308 159 1368 id
182 1313 246 1378 est,
276 1308 433 1387 regionem
456 1306 595 1367 omnibus
618 1308 707 1367 bonis
734 1305 907 1369 affluentem
932 1323 967 1366 er
989 1305 1040 1367 illo
1063 1307 1173 1367 meruit
1196 1325 1306 1367 concu-

126 1411 200 1471 bitu.
253 1409 368 1472 Verum
401 1412 503 1473 statim
536 1409 694 1470 celebratis
725 1411 836 1488 nuptiis
870 1411 967 1488 ipsam
999 1427 1124 1470 uxorem
1157 1409 1236 1470 lilius
1269 1407 1308 1469 ad

128 1519 246 1590 patrem
280 1514 379 1584 misit,
415 1503 503 1591 quae
527 1531 691 1592 numquam
722 1531 843 1575 reversa
871 1516 901 1574 in
933 1514 1029 1575 aliena
1059 1520 1139 1575 terra
1170 1514 1243 1576 obiit
1277 1518 1311 1574 et

131 1615 258 1677 ducibus
278 1615 420 1691 Austriae
451 1617 652 1679 haereditario
672 1616 741 1693 jure
765 1623 874 1677 terram
899 1616 981 1678 illam
1005 1616 1183 1697 dereliquit,
1216 1633 1308 1695 quam

130 1717 288 1797 possident
311 1737 372 1780 non
395 1721 460 1781 sine
483 1719 772 1796 iuvidentiadomus
787 1719 931 1781 Bavariae
953 1739 1051 1800 usque
1073 1724 1105 1782 in
1128 1720 1311 1782 hodiernum

135 1820 226 1882 diem.
271 1822 303 1883 ln
326 1822 508 1886 ea'Pontiua
532 1827 652 1886 civitate
675 1825 766 1886 habet
789 1825 847 1886 dux
863 1826 976 1904 regiam
992 1824 1149 1885 solennem
1173 1832 1202 1886 et
1225 1824 1307 1905 pala·

133 1927 218 1997 tium,
242 1933 273 1988 et
296 1928 403 1989 civitas
425 1929 514 1990 habet
536 1928 635 1990 forum
650 1931 817 2007 spatiosum
833 1927 869 1989 ad
885 1927 1045 1990 hastiludia
1068 1936 1098 1989 et
1113 1929 1186 1989 alios
1202 1926 1305 2006 Olym-

128 2030 215 2106 pieos
242 2028 330 2090 ludos
362 2030 532 2104 faciendos;
567 2032 605 2093 ad
632 2050 733 2094 muros
768 2035 895 2095 civitatis
926 2031 1085 2094 descendit
1114 2032 1304 2111 rapidissimo

129 2149 220 2193 cursu
242 2131 313 2194 lnus
347 2133 472 2206 fluvius,
507 2137 537 2195 in
565 2134 653 2213 cujus
675 2135 776 2196 littore
799 2136 854 2197 sub
878 2134 1003 2197 Pontina
1031 2137 1069 2198 ad
1099 2135 1226 2197 milliare
1260 2140 1307 2197 est

129 2235 186 2295 alia
209 2236 328 2308 civitas,
352 2237 445 2299 Haliis
469 2239 607 2309 nomine,
630 2241 661 2298 in
684 2257 742 2317 qua
766 2245 813 2300 est
834 2238 927 2301 salina
951 2247 986 2300 et
1005 2246 1126 2300 coctura
1142 2241 1213 2300 salis
1237 2256 1306 2316 pre·

131 2338 308 2401 tiosissima.
352 2341 430 2403 Sunt
452 2343 493 2403 ibi
511 2344 676 2421 sartagines
694 2350 755 2403 tam
774 2360 911 2420 magnae,
934 2359 969 2403 ac
993 2343 1071 2402 siin
1092 2341 1203 2402 fabrica
1226 2341 1307 2402 lovis

129 2456 184 2518 per
207 2441 355 2524 Cyclopes
378 2444 507 2507 Vulcani
530 2463 634 2506 servos
665 2452 770 2506 essent
798 2444 969 2506 fabricatae.
1015 2443 1091 2506 Puto
1115 2451 1216 2505 autem
1239 2462 1308 2504 cum

129 2542 232 2605 Aenea
246 2546 366 2625 Sylvio,
391 2547 449 2610 hoc
464 2548 609 2628 oppidum
625 2548 719 2610 Hallis
742 2564 854 2609 nomen
877 2546 951 2608 illud
974 2549 1129 2627 accepisse
1153 2545 1308 2609 allumine

130 2649 253 2709 minoris
275 2649 490 2724 Asiae,*dielo
512 2651 587 2713 Allis
611 2655 677 2713 sine
700 2651 920 2732 adspiratione,
952 2649 1039 2728 cujus
1063 2669 1158 2731 aquae
1181 2650 1309 2711 faciliter

128 2751 161 2810 in
183 2753 330 2830 optimum
359 2754 569 2835 decoquuntur
601 2756 655 2818 sal.
701 2756 737 2816 Et
767 2754 873 2816 cadem
906 2755 1020 2816 ratione
1051 2756 1140 2816 etiam
1164 2755 1220 2815 alia
1242 2753 1308 2815 loca

129 2856 339 2931 Alamanniae,
362 2861 393 2919 in
417 2860 525 2938 quibus
548 2859 592 2922 sal
616 2860 811 2939 decoquitur,
834 2858 901 2920 Hall
925 2857 1064 2922 dicuntur
1087 2856 1160 2940 (b),
1194 2857 1307 2921 utHall

130 2963 162 3022 in
184 2963 308 3036 Suevia,
330 2963 397 3026 Hali
422 2965 452 3024 io
466 2963 646 3037 Francouia,
670 2963 738 3026 Hall
760 2965 798 3043 in¹
814 2962 938 3025 Bararia
962 2971 1020 3025 etc.
1066 2964 1122 3027 Vel
1145 2969 1307 3026 consuetu·

131 3063 200 3126 dine
223 3065 305 3128 rudis
327 3068 409 3146 vulgi
436 3067 548 3130 iactum
579 3075 641 3141 est,
676 3075 709 3130 ut
731 3068 842 3149 oppida
869 3070 953 3147 prius
986 3067 1065 3129 dicia
1095 3067 1160 3142 Sal,
1194 3067 1307 3130 asalis

130 3164 304 3232 recoctione
328 3173 464 3234 dicantur
485 3191 565 3234 nunc
580 3173 663 3244 Hali,
687 3192 755 3234 cum
771 3171 915 3257 facilioris
932 3174 1137 3251 expressionis
1152 3174 1191 3232 sit
1207 3170 1308 3233 dicere

129 3272 203 3346 Hal,
238 3293 329 3353 quam
363 3275 424 3336 Sal.
480 3275 545 3338 Hoc
568 3279 650 3336 enim
681 3277 772 3338 modo
810 3262 1003 3355 frequenter,
1017 3281 1112 3338 mutat
1134 3277 1240 3353 vulgus
1262 3278 1308 3336 in·

131 3376 255 3439 doctum
279 3377 417 3437 locorum
439 3381 571 3438 nomina.
1033 3426 1036 3431 ,

216 3477 259 3536 Ex
281 3476 338 3537 hac
361 3478 455 3539 salina
478 3480 568 3542 habet
590 3481 648 3542 dux
670 3499 725 3560 per
748 3497 859 3542 aunum
875 3478 1049 3542 thesaurum
1064 3483 1219 3559 ingentem
1236 3485 1309 3544 auri.

129 3581 177 3645 Ad
206 3580 283 3642 latus
314 3580 402 3659 hujus
437 3584 564 3644 civitatis
597 3581 755 3644 descendit
785 3590 1007 3659 consequenter
1039 3582 1108 3644 inus
1136 3582 1245 3645 fluvius
1280 3592 1310 3647 et

131 3689 222 3768 longo
250 3692 348 3747 tractu
378 3685 472 3747 valles
500 3685 631 3747 lustrans
664 3691 696 3746 et
728 3685 921 3765 impatienter
949 3690 1134 3768 angustiatus
1163 3689 1311 3751 violenter

131 3801 296 3873 penetrans
330 3791 452 3853 tandem
492 3795 588 3854 victor
622 3791 721 3855 evadit
755 3798 786 3853 et
813 3789 897 3869 juxta
929 3773 1118 3854 Docodurum
1150 3795 1315 3866 civitatem,

132 3917 209 3976 quae
232 3916 311 3959 nunc
341 3898 449 3960 dicitur
473 3896 609 3969 Pataris,
641 3898 671 3958 iu
695 3895 864 3958 Danubium
891 3899 960 3959 ruit.
1005 3897 1098 3979 lgitur
1120 3898 1158 3960 de
1191 3900 1310 3960 civitate

132 3999 306 4065 Pontiuensi
341 4020 396 4082 per
427 4008 551 4084 pontem
582 4002 611 4063 in
645 4018 753 4080 magno
788 4001 916 4065 tumultu
947 4004 1064 4082 egressi
1087 4018 1207 4073 sumus,
1241 4004 1311 4079 quia

135 4102 241 4164 eodem
269 4107 341 4167 hora
365 4107 574 4189 egrediebatur
598 4104 656 4166 dur
680 4121 757 4166 unus
780 4102 921 4167 Daaarlaa
944 4105 991 4169 de·
1005 4105 1151 4176 Monam,
1176 4103 1310 4165 Christo·

134 4204 262 4285 phorus,
295 4226 366 4274 cum
399 4214 552 4284 exercitu,
586 4209 704 4292 fuitque
740 4210 771 4271 fn
800 4215 892 4291 ponte
925 4224 1093 4275 concursus
1122 4205 1312 4285 periculosus
