2874 4770
696 132 737 203 91

130 311 242 392 galium
264 311 365 392 legant
387 315 418 372 et
439 329 477 372 ne
499 286 722 391 philosophiam
750 310 923 385 addiscant,
955 314 1025 392 quia
1052 331 1108 393 pcr
1140 316 1304 389 utrumque

131 433 270 477 recessus
287 415 322 476 ab
336 414 485 476 alcorano
509 422 672 494 pararetur.
718 415 781 477 Sed
804 422 834 476 ct
856 417 914 476 hoc
937 422 1128 496 compertum
1150 415 1304 484 habemus,

131 519 211 599 quod
239 537 345 580 eorum
375 519 538 598 prudentes
569 519 764 597 Evangelium
786 527 817 580 et
839 519 923 580 Pauli
957 521 1101 599 epistolas
1131 517 1306 596 frequenter

130 631 162 685 et
183 625 312 686 libenter
333 626 435 704 legant
458 624 576 685 occulte
599 629 700 683 tamen
717 630 747 683 et
764 624 855 695 clam3
880 632 980 684 tamen
996 623 1078 684 nulla
1093 624 1207 682 ratione
1222 619 1305 679 illam

130 733 245 789 sectam
268 730 415 800 retinent,
440 734 471 788 et
486 729 541 788 sub
555 743 654 806 poena
670 728 774 786 mortis
790 725 959 806 prohibent,
974 744 1013 786 ne
1029 727 1096 803 quis
1110 723 1305 801 Evangelium

129 832 210 910 legat
233 838 284 893 aut
306 818 567 912 praedicationem
586 830 701 901 audiat,
733 829 787 890 sed
810 829 1018 907 praedicantes
1049 846 1117 888 mor
1144 825 1302 888 trucidant.

216 934 483 997 Moscheasetiam
497 935 545 997 vel
563 933 709 995 ecclesias
724 950 794 993 suas
810 936 896 994 nobis
913 933 1054 994 claudunt
1069 939 1100 992 et
1114 947 1304 1009 nequaquam

129 1042 331 1100 intromittunt
355 1047 386 1100 et
407 1042 594 1100 introeuntes
618 1036 803 1097 Christianos
835 1040 1004 1116 perimunt,
1034 1038 1161 1096 maxime
1184 1032 1303 1112 quando

131 1146 198 1221 quis
220 1144 388 1223 ingreditur
409 1151 564 1220 tempore,
588 1140 708 1218 quando
732 1147 818 1200 orant
834 1148 864 1200 et
879 1140 1069 1223 praedicant,
1093 1158 1132 1199 ne
1148 1138 1303 1199 audiamus

131 1264 236 1306 eorum
258 1244 411 1306 fatuitates
442 1251 474 1305 et
501 1244 657 1306 videamus
688 1260 794 1303 eorum
824 1242 1034 1322 turpitudines.
1082 1241 1178 1303 Credo
1213 1242 1302 1311 enim,

130 1351 266 1429 quamvis
298 1367 359 1409 uon
390 1348 533 1428 legerim,
568 1366 604 1408 er
638 1366 697 1426 quo
728 1350 770 1408 ita
800 1348 953 1409 occultant
981 1366 1030 1408 res
1063 1365 1133 1407 sues
1163 1365 1179 1407 a
1206 1346 1302 1414 nobis,
1385 1386 1390 1393 -

130 1452 210 1531 quod
239 1452 338 1530 aliqua
368 1455 467 1531 turpia
494 1453 535 1512 ibi
568 1457 709 1529 agantur,
741 1468 818 1529 quae
848 1469 904 1511 nos
931 1452 1025 1511 latere
1056 1452 1170 1512 volunt.
1217 1448 1303 1509 Sicut

129 1555 330 1633 Augustinus,
356 1557 405 1616 ubi
428 1575 534 1637 supra,
558 1558 651 1617 refert
674 1557 711 1617 de
732 1558 888 1635 gentilium
903 1555 1129 1625 sacerdotibus,
1155 1554 1206 1631 qui
1222 1551 1300 1612 cela·

128 1658 200 1718 baut
231 1659 319 1736 vulgo
352 1659 495 1731 theletas‚
530 1662 549 1719 i.
574 1676 600 1718 e.
626 1661 821 1737 purgationes
845 1657 1005 1737 quasdam;
1040 1658 1190 1718 faciebant
1221 1656 1303 1716 enirn

129 1763 160 1821 in
195 1761 315 1821 occulto
354 1761 497 1843 sacrificia
535 1761 681 1838 quaedam
717 1760 845 1822 nefanda
881 1764 1018 1832 omnino,
1057 1779 1133 1840 quae
1171 1758 1301 1838 populus

129 1863 295 1924 horruisset
318 1866 344 1924 si
367 1863 404 1924 ad
437 1863 503 1940 ejus
537 1866 692 1925 notionem
724 1867 942 1943 pervenissent.
994 1864 1191 1924 lmmolabant
1222 1862 1303 1923 enini

128 1968 302 2028 inocculto
330 1969 521 2047 saepissime
542 1966 672 2029 infantes
706 1975 737 2028 et
767 1969 910 2029 mulieres
933 1973 1132 2047 praegnantes
1156 1972 1187 2025 et
1209 1964 1303 2025 inulta

127 2068 197 2129 talia
232 2069 381 2131 horrenda
402 2073 445 2136 ¹in
477 2072 596 2131 occulto
628 2070 788 2132 iaciebant.
835 2072 921 2133 Sicut
955 2073 1083 2151 legimus
1115 2069 1153 2130 de
1183 2069 1301 2129 Juliano

128 2171 272 2245 Caesare,
297 2176 348 2252 qui
370 2174 419 2234 hic
436 2175 514 2253 apud
531 2174 637 2235 Carras
654 2176 772 2236 occulte
788 2178 819 2235 in
835 2177 950 2254 templo
967 2173 1125 2254 suspendit
1141 2174 1301 2234 mulierem

129 2274 166 2335 ad
190 2276 329 2355 capillos,
354 2274 481 2356 ear'uque
505 2279 606 2340 divisit
629 2299 683 2358 per
706 2280 839 2341 medium
865 2287 896 2341 et
910 2283 940 2342 in
951 2279 1057 2356 jecore
1073 2276 1138 2353 ejas
1154 2277 1302 2354 quaesivit

130 2377 288 2436 scientiam
310 2377 402 2439 luturi
426 2389 550 2442 eventus
581 2382 663 2444 belli.
710 2385 747 2443 Et
774 2384 922 2445 Eusebius
951 2387 1051 2444 narrat
1080 2381 1117 2441 de
1140 2379 1300 2450 Maxentio,

130 2481 182 2556 qui
204 2482 352 2556 quaesivit
372 2483 515 2544 mulieres
538 2488 655 2547 nobiles
685 2495 904 2573 praegnantes,
938 2504 1050 2565 easque
1082 2503 1136 2563 per
1165 2482 1301 2543 medium

129 2582 218 2642 scidit
251 2589 281 2643 et
312 2587 341 2644 in
373 2589 448 2646 extis
480 2589 626 2650 intantum
656 2590 854 2652 divinationes
887 2593 1045 2669 quaesivit.
1092 2588 1142 2647 Sic
1165 2584 1300 2665 prolecto

127 2686 286 2765 suspectos
318 2689 414 2750 habeo
438 2690 619 2753 Sarracenos
652 2692 690 2753 de
724 2693 870 2772 aliquibus
902 2675 1028 2754 occultis
1058 2689 1299 2770 turpitudinibus,

124 2792 262 2868 quamvis
286 2793 360 2853 ritus
384 2797 416 2854 in
438 2812 472 2854 se
495 2796 654 2856 manifeste
678 2798 718 2856 sit
739 2801 891 2875 pessimus
915 2805 946 2858 et
968 2799 1171 2876 turpissimus.

212 2892 304 2954 Porro
328 2902 428 2973 patres
451 2897 571 2958 Veteris
589 2897 777 2960 Testamenti
801 2905 892 2963 etiarn
914 2902 1063 2963 habebant
1078 2898 1226 2977 quaedam
1248 2915 1298 2958 oc·

128 2995 221 3066 culta,
245 3002 278 3056 ut
301 2996 445 3058 Sanctum
468 3000 661 3074 Sanctorum,
686 3002 723 3063 ad
747 3004 827 3082 quod
849 3008 983 3067 nonnisi
1006 3021 1141 3065 summus
1156 3000 1298 3062 sacerdos

126 3098 350 3177 ingrediebatur
372 3102 468 3162 semel
490 3106 522 3163 in
546 3123 640 3177 anno,
667 3113 699 3166 ut
722 3107 832 3168 dicitur
853 3109 943 3171 Hebr.
968 3107 1018 3168 tx.
1044 3105 1095 3170 25.
1141 3106 1177 3165 Et
1201 3123 1299 3165 arcam

126 3203 315 3273 testamenti,
349 3222 426 3281 quae
450 3206 597 3284 prohibita
620 3207 676 3269 luit
699 3212 851 3271 communi
874 3212 985 3290 populo
1007 3209 1102 3271 videri
1125 3210 1180 3269 sub
1202 3224 1299 3287 poena

126 3307 247 3377 mortis,
277 3312 310 3367 ut
332 3307 459 3369 habetur
481 3309 603 3371 Numer.
628 3308 658 3373 4.
704 3312 767 3374 Sed
788 3315 829 3374 ibi
851 3313 932 3376 nulla
954 3315 1010 3375 luit
1041 3312 1210 3391 turpitudo,
1244 3308 1299 3371 sed

126 3408 253 3484 insignia
276 3408 394 3469 fiebant.
439 3411 529 3492 apud
559 3432 614 3474 nos
647 3415 720 3475 nihil
743 3418 896 3477 occultum
920 3425 967 3478 est
1000 3424 1031 3478 et
1054 3419 1153 3477 omnia
1186 3418 1298 3494 patent,

126 3519 324 3585 sacramenta,
357 3517 456 3576 omnia
479 3519 623 3594 mysteria
646 3526 749 3596 aperta
776 3526 859 3590 suut,
894 3520 977 3597 leges
1006 3527 1128 3581 nostrae
1159 3519 1297 3580 omnibus

126 3613 346 3691 praedicantur.
393 3617 454 3679 Sed
477 3620 535 3678 hoc
558 3626 605 3679 est
629 3621 708 3681 bene
733 3636 854 3693 verum,
879 3622 961 3700 qnod
984 3629 1085 3684 nostra
1108 3626 1298 3686 sanctissima

126 3726 310 3779 sacramenta
334 3727 404 3780 sunt
426 3724 516 3782 nimis
540 3726 729 3795 communia,
753 3728 916 3786 intantum
932 3731 964 3786 ut
980 3730 1183 3805 pereatquasi
1201 3729 1297 3788 omnis

125 3824 293 3883 reverentia
327 3824 526 3886 saecularium
550 3824 586 3885 ad
609 3843 661 3899 ea;
695 3826 776 3906 quod
806 3837 986 3906 praecavent
1010 3829 1131 3901 Graeci,
1163 3848 1239 3907 quos
1266 3833 1297 3891 in

125 3924 183 3986 boc
198 3926 302 4000 laudo,
321 3929 389 4006 qnia
406 3931 513 3989 missas
531 3945 601 3989 snas
618 3929 770 3992 celebrant
785 3931 962 3994 circumdati
978 3936 1100 3994 cortinis
1116 3941 1146 3996 et
1161 3936 1297 3996 conclusi

124 4031 226 4101 ostiis,
249 4049 288 4091 ne
303 4031 432 4110 populus
448 4033 674 4093 irreverentiam
691 4038 854 4114 concipiat,
878 4038 957 4099 sicut
973 4035 1053 4117 apud
1068 4055 1122 4098 nos
1139 4040 1294 4116 contingit.

210 4133 305 4205 Ecce,
329 4133 438 4206 frater,
460 4135 611 4213 quomodo
634 4139 744 4201 iterum
767 4157 822 4218 per
836 4139 954 4201 diversa
970 4147 1111 4219 evagatus
1127 4160 1203 4214 sum,
1228 4159 1297 4203 curn
