2874 4770
708 135 773 204 412

153 315 272 393 eripuit,
332 312 370 376 Et
406 310 512 374 Petrus
550 309 715 386 Pollanus‚
755 307 807 376 39.
838 310 913 384 dux,
952 310 1150 384 Corinthum,
1195 311 1330 387 Thebas,

151 418 325 490 Euboeam,
363 433 441 496 quae
479 423 527 479 est
562 415 810 497 Negropontum,
849 416 1073 496 Corcyramqne
1114 417 1247 479 insulam
1284 435 1330 480 ao·

153 524 235 601 cepit
266 526 299 583 et
327 519 539 601 Justinopolim
572 523 698 584 Venetis
728 521 852 582 addidit.
906 519 1043 583 Tandem
1075 538 1184 581 omnes
1218 522 1331 584 insulae

151 622 247 704 Aegei
276 626 368 687 maris
399 627 443 686 eis
466 627 592 689 oblatae
620 626 758 697 fuerunt,
793 633 827 687 et
848 626 960 686 multae
994 605 1131 687 civitates
1160 623 1275 686 ducum
1304 632 1332 686 et

152 728 296 791 nobilium
324 728 438 792 relictis
461 732 525 792 suis
548 730 677 792 dominis
706 748 740 791 se
764 736 873 809 sponte
895 728 1062 790 Venetiano
1098 729 1221 790 senatui
1243 728 1331 791 uadi-

154 832 279 904 derunt,
302 833 407 912 sicque
431 841 590 896 creverunt
613 836 644 896 in
666 836 860 896 immensum.
1048 910 1050 914 .

239 935 383 1016 Insuper,
408 936 480 999 dum
496 938 657 999 Christiani
679 940 711 999 in
733 937 965 1016 recuperatione
981 926 1080 998 terrae
1102 941 1230 998 sanetae
1253 936 1331 998 labo·

153 1044 273 1112 rorent,
295 1044 415 1103 tantum
435 1039 617 1119 adjutorium
641 1058 658 1103 a
679 1040 806 1103 Venetis
829 1045 1028 1117 acceperunt,
1059 1045 1093 1100 ut
1115 1055 1208 1117 reges
1231 1038 1332 1111 Hiero·

154 1144 342 1225 solymorum
357 1142 472 1216 Latini,
496 1150 656 1216 etomnes
679 1145 831 1223 principes
847 1142 1007 1207 Christiani
1031 1145 1075 1204 eis
1098 1144 1130 1203 iu
1154 1160 1332 1224 recompen

155 1266 220 1311 sam
243 1250 337 1310 multa
360 1249 517 1328 privilegia
540 1255 570 1309 et
593 1249 748 1311 libertates
772 1247 877 1329 darent
898 1249 928 1307 in
951 1264 1044 1326 regno
1060 1246 1333 1325 Hierosolyrnitano

155 1358 187 1416 et
207 1355 239 1414 ira
260 1354 400 1415 universa
413 1350 504 1425 Asia,
528 1359 617 1433 prout
639 1354 811 1414 continetur
831 1353 864 1413 in
877 1350 1005 1412 formula
1021 1352 1233 1412 concessionis
1247 1350 1333 1421 illius,

154 1459 186 1519 in
208 1459 368 1538 quainter
390 1458 447 1519 alia
472 1457 587 1520 dictum
609 1457 683 1530 luit,
714 1463 747 1518 ut
776 1456 836 1518 dux
857 1455 1044 1517 Venetorum
1067 1454 1234 1516 haberetur
1256 1455 1333 1534 prin·

156 1580 232 1642 ceps
258 1563 343 1640 regni
374 1559 621 1643 lerosolymitani
662 1569 693 1628 et
721 1562 931 1623 communibus
960 1578 1132 1639 cumrege
1166 1559 1334 1622 Jerusalem

152 1663 332 1745 jungeretur
361 1666 535 1728 honoribus.
580 1665 698 1728 Deinde
722 1681 904 1727 concessum
925 1663 982 1725 init
995 1662 1137 1736 Venetis,
1160 1670 1198 1724 ut
1218 1664 1252 1724 in
1274 1679 1332 1724 om·

155 1769 244 1833 nibus
265 1767 529 1849 hierosolymitani
551 1771 637 1850 regni
658 1768 900 1848 dnhochenique
922 1771 1109 1849 principatus
1132 1767 1260 1830 urbibus
1275 1768 1331 1846 pri·

123 1913 126 1917 -
157 1892 239 1937 mam
270 1891 387 1946 aream,
418 1877 552 1955 primum
585 1877 684 1938 vicum
715 1877 906 1954 primumque
931 1873 1034 1959 iorum
1053 1872 1211 1933 haberent
1259 1871 1333 1933 Gon·

157 1994 280 2040 cusum
302 1978 393 2057 etiam
414 1976 471 2038 iuit
484 1977 626 2051 Venetis,
648 1984 682 2039 ut
703 1981 735 2040 in
757 1979 896 2040 omnibus
920 1976 1176 2058 negotiationibus
1197 1977 1265 2038 suis
1285 1992 1334 2055 par

157 2079 261 2144 Asiam
284 2084 360 2143 mari
383 2088 524 2162 terraque
545 2084 697 2145 immunes
713 2084 894 2147 haberentur
916 2088 948 2144 et
970 2085 1075 2144 essent
1098 2079 1333 2159 avectigalibus,

156 2185 300 2257 teloneis,
324 2185 478 2266 pedagiis,
494 2186 656 2267 guidagiis
687 2195 723 2249 et
739 2188 922 2268 ganglragiis
945 2192 977 2248 et
999 2184 1185 2265 quibuslibet
1208 2183 1332 2245 tributis

157 2270 221 2352 bed
243 2295 275 2351 et
296 2307 366 2370 pars
388 2293 477 2353 tertia
493 2293 621 2354 civitatis
636 2291 707 2373 Tyri
730 2295 775 2353 eis
796 2292 854 2353 init
877 2293 1027 2371 assignata
1050 2292 1081 2350 in
1104 2305 1192 2352 suam
1215 2303 1332 2371 posses

157 2394 293 2466 sionem,
316 2392 397 2473 quad
420 2395 458 2456 ob
481 2393 580 2471 ideis
604 2412 786 2474 concessum
809 2395 955 2468 arbitror,
976 2396 1047 2474 quia
1068 2394 1166 2473 captis
1189 2391 1333 2470 aliquibus

158 2499 282 2562 urbibus
297 2501 376 2562 sacri
399 2502 484 2579 regni
499 2482 764 2578 Hierosolymitani
780 2499 859 2571 iacta
880 2499 936 2561 luit
958 2499 1036 2560 iuter
1058 2496 1215 2576 principes
1239 2491 1335 2575 populi

119 2616 127 2636 ⁴
163 2602 310 2664 Catholici
332 2605 420 2683 longa
443 2605 628 2666 concertatio
651 2610 683 2666 et
705 2606 877 2676 contentio,
909 2621 986 2683 quae
1010 2603 1113 2664 civitas
1134 2592 1208 2678 jam
1224 2615 1334 2680 oppug-

160 2707 259 2770 nanda
281 2707 385 2769 esset‘l
421 2707 567 2770 Adhanc
590 2711 817 2770 contentionem
846 2710 973 2787 ingessit
995 2724 1030 2767 se
1058 2704 1117 2765 dur
1140 2704 1335 2773 Venetorum,

161 2820 314 2892 tamquam
344 2811 506 2885 mediator,
541 2820 572 2874 et
600 2814 658 2875 hoc
687 2811 769 2875 dedit
798 2813 972 2884 consilinm,
1004 2817 1038 2873 ut
1065 2827 1173 2871 omnes
1205 2811 1336 2872 civitates

138 2932 141 2937 ¹
161 2916 379 2996 oppugnandae
403 2917 664 2979 conscriberentur
685 2921 715 2979 in
741 2917 893 2979 schedulis
917 2924 948 2978 et
963 2919 1047 2996 ipsae
1067 2914 1236 2976 schedulae
1250 2928 1336 2991 super

161 3035 244 3080 aram
272 3038 362 3081 uuam
391 3022 422 3082 in
445 3020 544 3100 aliqua
566 3023 696 3084 ecclesia
719 3022 939 3084 adducerentur
974 3021 1107 3087 etlecta
1128 3015 1228 3081 Missa
1251 3018 1335 3080 ¹inro-

53 3134 57 3141 '
161 3123 289 3202 cetoque
312 3123 411 3185 divino
433 3142 581 3204 responso
604 3141 680 3204 puer
702 3144 779 3186 unus
810 3127 956 3186 innocens
979 3125 1157 3201 litterasque
1185 3140 1247 3184 non
1270 3138 1334 3200 cag-

161 3244 307 3299 noscens,
331 3228 500 3307 intelligens
523 3235 625 3290 tamen
647 3230 739 3314 verba
754 3247 860 3290 secum
875 3228 1114 3300 conferentium,
1138 3226 1336 3289 adduceretur

87 3321 93 3331 '
161 3331 200 3394 ad
223 3350 319 3404 aram,
343 3341 374 3393 et
396 3332 548 3395 diceretur
570 3336 642 3407 sibi,
666 3341 699 3396 ut
720 3352 811 3396 unam
834 3332 1025 3403 schedulam,
1055 3348 1147 3409 quam
1170 3326 1336 3402 vellet,·de

52 3500 55 3505 ,
160 3435 374 3498 schedularum
395 3454 521 3513 numero
544 3440 713 3518 acciperet,
735 3456 867 3517 eamque
883 3440 947 3515 regi
961 3435 1246 3514 Hierosolymorum
1266 3432 1335 3494 assi·

127 3596 130 3601 .
160 3542 252 3602 stenti
282 3542 329 3602 his
361 3544 536 3621 assignaret.
582 3543 707 3604 Summe
741 3561 822 3622 ergo,
845 3541 958 3620 placuit
989 3539 1130 3601 omnibus
1161 3539 1287 3619 regibus
1309 3539 1337 3594 et

159 3644 343 3723 principibus
375 3663 410 3707 ac
441 3646 587 3708 nobilibus
622 3646 707 3708 ducis
742 3646 918 3719 consilium,
952 3651 983 3705 et
1011 3643 1167 3722 dispositis
1202 3638 1336 3708 omnibus

156 3743 240 3823 juxta
263 3749 421 3811 eonsilium
436 3749 620 3812 Venetorum
645 3750 729 3812 ducis
759 3752 885 3830 arripuit
907 3766 984 3829 puer
1006 3745 1204 3818 schedulam,
1227 3747 1260 3807 in
1283 3759 1337 3822 qna

161 3851 258 3929 stabat
272 3850 369 3931 Tyrus
393 3853 512 3926 civitas,
536 3860 567 3915 et
590 3871 657 3915 mox
680 3860 899 3933 consurgentes
923 3869 990 3941 earn
1016 3855 1165 3929 ceperunt
1194 3850 1263 3911 sine
1285 3845 1336 3909 dil·

160 3956 292 4037 heultate
326 3964 355 4018 et
379 3959 492 4022 infinita
513 3959 590 4020 bona
623 3959 664 4019 ibi
694 3965 886 4040 repererunt,
902 4020 905 4027 ,
920 3959 989 4037 quia
1018 3955 1238 4018 aestimabatur
1260 3954 1337 4015 inex·

160 4063 328 4144 pugnabilis
351 4070 475 4145 propter
498 4064 714 4127 fortitudinem.
760 4063 913 4153 Videntes
930 4067 1032 4124 autern
1054 4077 1146 4139 reges
1176 4066 1207 4122 et
1231 4056 1339 4141 prinoi-

159 4185 233 4250 pes,
266 4167 347 4246 quod
378 4167 436 4231 dux
464 4168 651 4232 Venetorum
680 4168 814 4233 dlvirmm
841 4165 977 4230 dedisset
1008 4162 1188 4238 consilium,
1220 4163 1341 4227 tortian
