2874 4770
683 150 760 221 405.

131 326 265 388 Thomas
289 326 327 388 de
349 323 484 406 Aquino,
508 327 622 389 ordinis
637 327 896 400 Praedicatorum,
921 346 1049 408 operum
1070 329 1146 392 libro
1169 325 1200 392 4.
1226 329 1259 391 0.
1276 325 1308 393 8.

134 431 167 492 G.
192 429 212 493 2
235 431 363 493 multum
387 430 578 492 commendat
601 432 787 493 Venetorum
820 433 965 510 regimen.
1009 432 1046 494 Et
1067 431 1247 495 Bartholdus
1271 434 1308 496 de

132 535 366 616 proprietatibus
390 552 492 595 rerum
514 534 577 596 Lib.
606 531 656 596 17.
701 535 737 594 Et
760 535 921 597 Heinricus
945 535 983 597 de
1005 536 1129 598 Armino
1153 539 1183 597 in
1207 536 1307 599 Tract

132 640 171 702 de
202 647 331 718 quatuor
365 641 524 700 virtutibus
558 645 589 699 et
617 636 814 700 Leonhardus
848 638 885 700 de
914 636 1005 703 Utino
1036 643 1067 702 13
1098 658 1239 701 sermone
1270 641 1308 703 de

133 745 165 807 S.
198 740 302 803 Marco
336 742 540 821 pulcherrime
576 742 788 827 commendat,
813 750 844 804 et
875 738 1043 803 Antoninus
1079 744 1111 804 in
1142 742 1307 816 Chronicis,

133 853 164 909 et
185 846 315 907 lacobus
338 845 468 925 Philippi
496 847 527 904 13
558 847 770 925 supplemento
802 845 1036 919 Chronicarum,
1070 853 1100 906 et
1123 864 1229 908 omnes
1259 849 1309 909 3111

132 951 212 1013 (13311
237 955 268 1010 31
291 948 466 1027 prudentes.
498 948 575 1008 Nam
597 952 697 1029 ipsum
722 953 858 1029 regimen
873 950 1059 1011 Venetorum
1082 948 1238 1011 conforme
1263 958 1311 1012 est

130 1055 316 1134 propheticis
352 1061 383 1115 et
405 1054 621 1132 philosophicis
655 1056 809 1115 institutis.
856 1051 960 1114 llloses
985 1055 1082 1125 enim,
1117 1060 1150 1114 ut
1184 1054 1310 1116 habetur

130 1157 225 1220 Exodi
251 1153 317 1228 18„
341 1158 482 1236 princeps
504 1159 609 1236 populi
632 1156 740 1228 lsrael,
765 1159 836 1234 eligi
858 1158 932 1218 13311
955 1157 992 1219 de
1014 1158 1127 1236 populo
1157 1160 1238 1220 viros
1262 1177 1308 1219 sa·

130 1265 250 1342 pientes
274 1266 305 1322 et
327 1260 468 1339 probatae
493 1262 745 1333 conversationis,
779 1279 855 1339 quos
879 1261 990 1341 populo
1014 1265 1206 1341 praeposuit,
1241 1282 1310 1323 cum

131 1366 239 1444 quibus
262 1366 328 1442 ipse
352 1367 441 1434 rexit,
477 1372 508 1426 31
531 1365 645 1442 majora
669 1364 707 1426 ad
737 1384 807 1427 eum
832 1365 1052 1427 deferebantur.
1098 1369 1136 1428 Et
1157 1368 1233 1428 haec
1256 1386 1309 1446 33-

132 1469 214 1531 111133
238 1469 357 1547 3333133
380 1468 511 1529 includit
531 1476 594 1529 1333
618 1470 738 1546 3333133
761 1468 844 1542 11133,
868 1487 941 1548 quas
964 1470 1144 1532 Aristoteles
1167 1476 1252 1550 ponit
1275 1469 1311 1535 30

126 1572 336 1635 ,Politicorum
367 1570 432 1633 Una
450 1576 569 1652 species
593 1572 704 1634 dicitur
717 1574 887 1651 popularis,
911 1576 1103 1653 inquantum
1125 1574 1156 1633 hi
1178 1573 1309 1651 majores

133 1676 254 1737 anullo
281 1676 547 1754 praeficiebantur,
572 1676 626 1738 sed
648 1679 834 1737 acommuni
850 1679 962 1756 populo
978 1678 1174 1757 eligebantur.
1205 1678 1309 1741 Altera

132 1781 253 1859 species
277 1786 324 1839 est
349 1781 542 1858 optimatum,
565 1783 595 1841 in
618 1787 762 1859 quantum
784 1783 931 1860 populum
953 1782 1157 1861 gubernabant
1181 1783 1309 1844 311313-

132 1887 228 1945 riores
252 1902 356 1945 causas
377 1884 558 1962 judicabant.
599 1883 702 1945 Tertia
727 1885 970 1965 speciesdicitur
992 1889 1094 1964 regni,
1117 1889 1309 1965 inquantum

131 2007 209 2049 unus
225 1987 452 2066 praeficiebatur
467 1990 615 2061 omnibus,
633 1990 722 2066 quasi
735 1988 926 2067 singulariter
940 1990 1150 2069 praesidendo,
1165 1991 1309 2070 adquam

130 2091 260 2170 majores
285 2110 373 2153 casus
396 2093 613 2154 referebantur.
659 2092 696 2152 Et
726 2092 764 2154 ad
794 2093 880 2154 illum
908 2092 1045 2156 ordinem
1074 2094 1111 2155 de
1140 2098 1307 2175 propinquo

129 2195 246 2258 accedit
260 2196 450 2258 Venetorum
473 2199 607 2277 regimen
615 2217 629 2271 ;,
647 2215 717 2258 nam
739 2200 772 2259 in
795 2200 1012 2260 communitate
1036 2200 1087 2262 illa
1102 2207 1172 2262 3331
1189 2204 1308 2262 circiter

132 2301 358 2380 quadringenti,
382 2308 443 2362 tam
467 2319 503 2362 ex
526 2301 673 2362 nobilibus
698 2319 788 2379 quarn
812 2321 848 2363 ex
863 2303 1029 2363 honorabili
1045 2305 1173 2383 populo,
1197 2308 1247 2383 qui
1271 2305 1309 2366 ad

132 2405 257 2465 consilia
280 2403 399 2483 publica
421 2404 606 2482 procedunt,
641 2423 696 2484 per
719 2423 794 2483 quos
823 2405 914 2484 aliqui
937 2406 1147 2486 prudentiores
1169 2410 1200 2468 in
1225 2427 1307 2470 crea·

131 2511 213 2571 tione
236 2511 283 2570 sui
306 2511 449 2589 principis
473 2510 642 2587 eliguntur,
672 2516 703 2570 31
726 2510 756 2570 hi
780 2510 911 2589 aliquem
935 2528 971 2571 ex
994 2513 1057 2571 suis
1081 2512 1229 2573 nobilibus
1253 2513 1306 2574 eli-

131 2620 221 2693 gunt,
256 2631 346 2693 quem
374 2616 404 2674 13
438 2613 548 2674 ducem
579 2614 768 2676 Venetorum
798 2616 986 2694 praeficiunt.
1032 2613 1086 2674 llle
1121 2622 1220 2676 autem
1250 2617 1308 2678 dux

130 2720 175 2778 sic
198 2719 328 2790 electus,
351 2735 411 2779 333
434 2737 504 2778 oum
527 2737 594 2792 sex,
625 2739 701 2799 quos
726 2722 914 2783 consiliarios
936 2726 1061 2793 vocant,
1086 2727 1116 2782 et
1139 2720 1206 2794 XL,
1231 2741 1306 2801 quos

130 2825 215 2903 quasi
238 2822 341 2901 populi
364 2828 509 2883 33133333
532 2823 579 2885 331
602 2825 739 2904 331311133
762 2825 889 2898 habent,
912 2825 1048 2904 politiam
1070 2826 1226 2904 gubernat,
1248 2845 1306 2888 333

128 2928 174 3001 hi,
198 2929 249 3006 qui
272 2944 343 2987 oum
367 2925 444 2986 duce
468 2935 590 3006 regunt,
614 2946 736 3007 semper
759 2936 897 3002 manent,
920 2929 976 2990 sed
998 2929 1108 3008 singuli
1124 2929 1161 2992 de
1180 2930 1306 2991 consilio

128 3031 246 3093 statutis
279 3031 466 3109 temporibus
499 3030 537 3091 ad
559 3015 713 3110 praedicta
747 3033 845 3094 olficia
878 3052 932 3112 per
962 3033 1143 3094 electionem
1172 3037 1306 3096 omnium

129 3140 335 3206 assumuntur,
370 3140 401 3194 31
423 3135 465 3196 113
489 3135 614 3213 quilibet
645 3135 683 3196 de
706 3137 868 3215 praedictis
901 3137 1007 3199 electis
1035 3131 1152 3217 parlem
1175 3139 1305 3218 aliquam

126 3240 216 3300 habet
238 3240 269 3298 in
292 3239 411 3318 politia,
436 3257 513 3317 quae
538 3239 692 3301 extribus
716 3241 856 3319 praelatis
879 3242 1075 3319 regiminibus
1101 3241 1213 3320 aliquid
1236 3261 1304 3321 par·

126 3346 240 3424 ticipat.
286 3342 319 3404 ln
343 3349 489 3421 quantum
513 3329 592 3405 enim
623 3351 670 3406 est
693 3365 770 3407 unus
794 3348 931 3408 omnibus
955 3343 1146 3426 praelectus,
1169 3348 1305 3423 regimen

126 3449 212 3527 regni
236 3447 295 3508 dici
317 3446 416 3508 debet.
462 3446 495 3508 ln
519 3456 664 3526 quantum
686 3467 758 3511 vero
783 3451 874 3528 aliqui
906 3449 1036 3526 majores
1067 3451 1167 3526 ipsum
1194 3447 1305 3510 ducem
1335 3520 1338 3526 ¹

126 3555 240 3633 eligunt
265 3559 295 3612 et
319 3569 388 3612 cum
410 3553 476 3630 ipso
499 3553 635 3632 politiam
650 3561 767 3632 regunt,
791 3555 927 3631 regimen
943 3554 1124 3630 optimatum
1147 3558 1203 3612 est.
1242 3553 1304 3614 Sed

125 3660 157 3733 in
187 3662 331 3736 quantum
363 3655 508 3734 praedicti
542 3657 691 3734 majores,
734 3657 820 3718 ducis
856 3656 1021 3725 electores,
1061 3653 1222 3715 consiliarii
1255 3657 1303 3719 vel

126 3763 252 3841 patritii,
276 3777 293 3822 a
316 3767 379 3821 toto
402 3761 529 3822 consilio
554 3761 720 3841 eliguntur,
754 3760 867 3839 aliquid
891 3759 928 3821 de
951 3759 1054 3838 politia
1077 3757 1182 3837 populi
1203 3758 1301 3820 habet.

125 3864 193 3946 lpse
216 3867 340 3945 insuper
364 3865 423 3927 dux
451 3866 618 3944 regulatam
639 3866 730 3926 habet
753 3871 949 3945 potestatem,
985 3871 1126 3941 tantaque
1150 3879 1221 3923 eum
1243 3870 1303 3923 sta·

124 3976 258 4032 tutorum
280 3966 470 4031 observantia
486 3975 635 4039 coarctat,
658 3975 774 4031 utnon
797 3969 865 4047 3133
882 3969 978 4048 333311
1001 3966 1189 4048 3333133133,
1213 3983 1303 4044 quam

126 4075 197 4143 velit
210 4074 398 4154 praeficiens,
423 4079 469 4145 et,
493 4074 518 4132 si
532 4073 643 4133 limites
659 4091 783 4133 suorum
804 4078 984 4135 statutorum
1002 4072 1177 4141 excesserit,
1201 4072 1301 4131 statim

113 4184 179 4240 'aut
211 4177 367 4258 repellitur
398 4183 450 4240 aut
478 4176 575 4239 oeulis
605 4178 729 4238 orbatur
761 4183 812 4239 aut
834 4178 984 4256 patibulo,
1018 4174 1100 4259 quod
1126 4180 1196 4239 ante
1218 4173 1300 4236 iores
