2874 4770
613 112 619 121 “
681 151 746 222 160

125 332 361 390 stmmentorum
383 328 629 389 mechanicomm
652 335 684 390 et
705 329 774 391 illae
789 329 904 407 figurae
919 327 1126 407 significabant
1142 348 1207 390 non
1221 330 1302 392 litte·

125 449 206 503 ram,
231 431 286 494 scd
309 437 442 492 mentem
466 438 496 493 ct
519 433 735 503 intentionem,
759 439 792 492 ut
815 433 959 510 accipiter
980 419 1188 505 velocitatem,
1212 452 1300 495 coco·

125 533 230 597 drillus
246 535 368 605 malum,
385 531 490 594 oculus
508 533 686 595 custodiam.
715 535 766 594 Sic
782 537 863 595 enim
878 533 967 595 hodie
980 537 1152 612 reperimus
1174 539 1301 598 rusticos

124 657 182 702 uec
206 637 325 719 legendi
348 655 405 697 nec
429 636 580 697 scribendi
603 627 759 698 scientiam
782 637 944 714 habentes,
967 656 1052 699 suam
1075 645 1182 699 tamen
1204 642 1300 702 inten-

125 747 240 808 tionem
262 747 293 805 in
315 743 412 821 pictos
436 740 625 802 characteres
647 740 787 819 redigere
809 743 909 802 sciunt
932 748 962 803 et
986 749 1142 821 tamquam
1158 746 1190 805 in
1207 746 1299 824 scrip-

73 915 75 922 ,
124 856 192 910 tura
213 847 316 926 legunt
339 853 370 906 et
392 845 535 929 scribunt.
581 845 650 906 Vidi
672 865 766 907 unum
789 849 819 907 in
842 853 944 930 nostro
961 846 1084 919 ordine,
1109 867 1299 921 conversum,

125 955 176 1031 qui
198 971 256 1014 nec
277 951 379 1030 legere
402 967 459 1011 nec
474 949 606 1011 scribere
630 952 721 1022 novit,
745 969 850 1012 omnes
874 955 975 1011 tamen
998 969 1159 1013 sermones
1184 953 1299 1013 auditos

123 1057 304 1137 imaginibus
328 1054 462 1134 depinxit
483 1058 515 1115 et
536 1055 578 1115 ita
599 1053 673 1133 legit
696 1072 731 1116 ac
754 1056 780 1116 si
802 1055 910 1131 litteris
933 1056 1091 1132 signasset.
1140 1054 1227 1117 llaec
1251 1076 1299 1117 co-

123 1160 225 1222 lumna
255 1158 351 1236 major
384 1163 430 1218 est
459 1155 567 1228 multo,
606 1174 696 1237 qnam
725 1159 792 1230 illa,
829 1175 907 1237 quae
942 1157 1056 1217 Romae
1083 1165 1168 1219 retro
1199 1161 1300 1220 Sancti

124 1267 205 1327 Petri
228 1265 402 1326 ecclesiam⁴
419 1267 492 1332 stat,
525 1260 563 1321 de
593 1279 652 1340 qua
674 1262 809 1324 nonnulli
840 1261 962 1334 dicunt,
994 1260 1075 1339 quod
1103 1264 1199 1324 ctiam
1230 1264 1299 1324 olim

125 1371 173 1432 hic
206 1369 325 1431 steterit
355 1373 386 1427 et
415 1365 485 1425 hinc
508 1364 635 1425 Romam
658 1365 756 1427 delata
778 1369 826 1428 sit.
871 1366 954 1428 Haec
977 1367 1117 1428 columna
1141 1375 1192 1430 est
1225 1368 1296 1428 adeo

125 1476 199 1548 alta,
232 1471 313 1552 quod
342 1470 460 1533 ridetur
482 1468 513 1527 in
536 1470 611 1529 mari
635 1470 831 1531 existentibus
855 1476 886 1531 et
908 1476 1029 1550 putatur
1052 1488 1069 1531 a
1091 1472 1297 1532 nescientibus

125 1599 194 1643 esse
216 1579 308 1639 turris
331 1580 456 1635 murata.

210 1682 348 1744 Vidimus
369 1676 518 1752 nicetio
533 1675 598 1737 aliis
616 1676 706 1749 locis,
732 1676 810 1737 Cairi
827 1678 1004 1756 praecipue,
1027 1679 1169 1757 ingentes
1187 1680 1299 1741 colum·

124 1806 179 1854 nas
200 1789 290 1849 unius
311 1781 434 1861 lapidis,
469 1798 542 1858 quas
566 1782 680 1859 antiqui
703 1787 754 1841 aut
778 1780 922 1849 Colossos
947 1789 995 1842 aut
1020 1782 1181 1845 Obeliscos
1204 1787 1299 1845 nomi·

124 1896 212 1965 nant,
246 1895 281 1950 ut
308 1886 420 1947 Plinius
443 1883 481 1944 de
503 1884 607 1945 Natur.
631 1883 741 1944 Histor.
764 1881 828 1945 Lib.
853 1881 905 1949 36.
931 1884 963 1946 C.
988 1882 1007 1950 9
1032 1892 1063 1947 et
1084 1887 1242 1950 Diodorus
1266 1888 1299 1949 dc

124 1998 213 2060 variis
236 1995 405 2073 priscorum
423 1990 567 2050 historiis.
605 1988 658 2050 llla
682 1970 784 2050 autem
805 1991 926 2051 nomina
950 1991 1119 2068 significant
1143 1994 1300 2054 columnas

126 2109 156 2164 et
171 2100 331 2162 simulacra
347 2095 404 2157 soli
427 2099 613 2165 consecrata,
637 2093 675 2154 de
700 2093 806 2172 quibus
831 2097 906 2177 mira
927 2096 1065 2155 recitant.
1110 2094 1181 2157 Hoc
1202 2104 1300 2159 tamen

124 2206 270 2276 retertur,
303 2203 375 2264 dum
398 2198 547 2286 obeliscus
569 2197 620 2258 ille
643 2205 726 2258 esset
749 2198 927 2278 erigendus,
963 2206 1207 2280 venerenturque
1232 2204 1299 2264 arti·

124 2313 210 2385 lices,
233 2328 273 2371 ne
296 2306 451 2369 machinae
474 2302 600 2383 ponderi
622 2321 683 2363 non
705 2301 896 2375 sufficerent,
928 2320 987 2382 quo
1010 2301 1107 2380 majus
1130 2307 1300 2382 periculum

125 2435 215 2479 curae
239 2413 386 2476 artificum
408 2407 604 2471 denunciaret
634 2426 700 2482 rer,
733 2407 828 2477 filium
862 2426 951 2468 suum
980 2408 1111 2486 alligavit
1141 2412 1300 2480 cacumini,

124 2525 159 2582 nt
181 2519 262 2580 salus
286 2516 352 2595 ejus
369 2514 448 2594 apud
461 2514 609 2574 molantcs
625 2513 786 2591 prodesset
801 2510 909 2590 lapidi,
932 2510 1028 2600 major
1042 2513 1124 2571 enim
1140 2511 1301 2574 difficultas

125 2631 191 2686 erat
222 2628 253 2685 in
287 2619 448 2699 erigendo,
483 2595 682 2687 devehendo!
718 2614 894 2688 statuendo,
935 2632 1026 2694 quam
1057 2616 1088 2674 in
1123 2616 1300 2678 excidendo.

124 2727 275 2806 ASatyro
297 2725 379 2785 enim
401 2722 564 2782 architecto
588 2721 678 2797 aliqui
700 2720 861 2783 devectum
879 2721 998 2783 tradunt
1022 2726 1086 2781 rate
1107 2719 1301 2794 aPhoenice,

125 2832 208 2893 fossa
230 2829 375 2908 perducta
398 2824 436 2886 ad
457 2824 558 2885 Nilum
579 2839 686 2900 usque.
717 2823 780 2884 Sed
802 2825 1033 2904 inimaginabile,
1058 2825 1088 2886 in
1106 2826 1205 2902 qualis
1220 2826 1302 2886 modi

126 2935 239 2996 ratibus
269 2939 320 2993 aut
349 2930 472 2991 mribus
503 2933 566 2998 tam
587 2927 727 3002 ingentes
751 2927 847 2987 moles
871 2929 1023 2990 transduci
1045 2934 1188 3008 poterant
1211 2933 1303 2991 etiam

125 3056 182 3119 per
203 3053 286 3097 mare
309 3035 446 3095 Romam.
490 3027 630 3104 Moderni
661 3031 791 3096 artifices
814 3030 869 3091 hos
893 3032 1059 3112 stupendos
1083 3033 1235 3094 obeliscos
1259 3035 1302 3096 vi·

127 3143 244 3213 dentes,
266 3139 353 3219 quasi
370 3151 476 3196 eorum
488 3135 591 3206 motio,
615 3135 739 3207 erectio,
762 3136 927 3207 translatio,
943 3138 1190 3214 imaginationem
1204 3144 1301 3197 trans-

127 3245 243 3317 cendit,
278 3243 412 3313 dicunt,¹
431 3257 484 3301 cos
508 3257 600 3317 opere
623 3238 737 3300 lusorio
768 3239 832 3300 fore
868 3239 982 3311 tactos,
1014 3246 1172 3317 artemque
1205 3241 1303 3318 ipsam

126 3351 289 3415 modernos
311 3346 416 3408 latere.
463 3344 525 3406 Sed
547 3350 629 3405 certo
653 3345 788 3424 pertale
813 3363 889 3423 opus
913 3362 966 3406 eos
989 3343 1085 3405 factos
1107 3345 1138 3403 in
1153 3345 1302 3422 antiquis·

127 3458 211 3517 simis
234 3472 296 3516 non
318 3452 451 3523 invenio,
484 3469 541 3511 nec
564 3447 676 3512 Plinius
707 3468 764 3511 nec
793 3449 944 3511 Diodorus
975 3449 1055 3510 aliud
1085 3447 1213 3509 credunt
1245 3449 1303 3509 nisi

128 3562 164 3622 ab
187 3559 314 3621 excelsis
347 3556 497 3616 montibus
522 3556 638 3616 excisos
670 3561 721 3615 aut
752 3553 941 3632 aprotensis
971 3554 1111 3631 rupibus,
1142 3552 1220 3613 sicut
1252 3570 1302 3614 ex·

126 3663 199 3726 cidit
222 3663 395 3723 Semiramis
418 3666 545 3740 petram.
592 3660 690 3738 Supra
712 3657 764 3718 lol.
789 3654 832 3721 50
854 3655 894 3717 A..

215 3768 301 3828 Circa
330 3764 381 3825 illa
412 3763 577 3842 imperialia
608 3760 674 3822 loca
707 3758 843 3822 creditur
861 3761 960 3821 habita
983 3759 1143 3839 disputatio
1166 3759 1247 3819 inter
1271 3759 1301 3818 S.

128 3872 319 3934 catharinam
341 3875 372 3929 et
386 3869 539 3938 rhetores;
564 3871 594 3925 et
615 3865 711 3937 locus,
732 3866 765 3925 in
787 3882 847 3943 quo
872 3866 967 3924 sancti
988 3870 1133 3942 martyres
1150 3863 1302 3925 examina-

126 3976 243 4038 bantur.
288 3973 355 4034 Non
377 3972 466 4050 longe
490 3972 525 4031 ab
548 3969 600 4031 illo
622 3969 691 4030 loco
714 3970 854 4031 venimus
878 3967 915 4029 ad
931 3984 1021 4028 unam
1035 3974 1185 4029 vetustam
1200 3968 1303 4029 eccle-

127 4082 220 4154 siam,
244 4095 320 4159 quae
344 4077 453 4139 dicitur
475 4074 514 4136 ad
535 4074 567 4134 S.
593 4073 799 4146 Catharinam,
822 4074 854 4133 in
877 4088 936 4149 quo
958 4070 1026 4130 loco
1050 4070 1154 4132 dicunt
1176 4073 1304 4133 stetisse

128 4183 253 4266 domurn
276 4183 361 4247 conti
390 4182 470 4261 regis
499 4184 531 4242 et
558 4177 600 4242 ibi
628 4177 813 4241 inhabitasse
843 4175 989 4254 virginem
1004 4171 1203 4238 >catharinam
1232 4183 1306 4257 post
