2874 4770
692 126 757 195 308

137 305 224 387 piade
240 302 440 365 concubuisse
456 300 614 371 credebat,
638 305 671 360 ut
694 318 786 379 supra
802 297 951 381 (habetur)
975 299 1007 360 P.
1027 297 1055 363 1.
1079 299 1145 361 Fol.
1163 299 1221 364 88.
1254 300 1323 363 ldeo

137 411 255 489 insigne
279 407 375 477 lovis,
406 406 551 483 aquilam,
584 405 640 464 sibi
663 412 817 482 tamquam
840 405 1041 465 haereditario
1064 402 1135 479 jure
1160 407 1323 485 proprium

137 514 313 574 aestimavit.
358 509 435 569 Nam
457 507 574 585 Jupiter
597 509 691 570 multa
714 508 847 586 pericula
870 509 965 569 evasit
988 508 1043 568 sub
1068 506 1168 568 lorma
1194 509 1322 588 aquilae,

136 617 278 698 Gigantes
302 618 383 677 enim
405 613 526 692 fugiens
549 618 681 673 mutatus
704 614 735 671 in
758 613 888 690 aquilam
912 613 1020 684 evasit;
1047 619 1078 671 et
1101 611 1141 671 ad
1163 610 1322 673 Asterien

134 723 280 798 virginem
312 714 566 798 elegantissimam
601 724 732 778 mutatus
764 719 794 777 in
830 718 960 795 aquilam
997 718 1080 777 venit
1116 723 1148 778 et
1183 737 1261 779 cum
1289 735 1322 778 ea

136 813 309 894 concubuit,
334 842 369 883 er
392 840 452 900 qno
476 822 615 900 concepit
644 825 676 880 ct
697 819 896 880 fortissimum
922 819 1085 881 Herculem
1109 823 1247 900 peperit,
1273 822 1320 901 qui

136 931 254 1006 etipse
278 926 395 1005 aquilae
425 926 535 1003 insigni
567 941 639 984 usus
668 930 723 984 est.
770 922 837 995 Quo
868 925 959 984 etiam
990 931 1098 1002 postca
1128 927 1179 985 usi
1213 944 1319 987 omues

135 1034 262 1095 ltomani
286 1034 405 1112 imperii
428 1033 625 1109 imperatores
649 1031 799 1108 usquein
824 1029 901 1090 hanc
924 1029 1014 1089 diem.

222 1137 336 1215 lupiter
358 1138 388 1205 in
412 1135 459 1194 sui
474 1140 652 1211 perpetuam
668 1135 846 1193 memoriam
861 1135 988 1194 instituit
1004 1132 1206 1212 Olympiacos
1224 1132 1319 1206 ludos,

134 1244 186 1322 qni
207 1242 262 1302 sub
285 1246 386 1300 monte
410 1237 468 1297 hoc
492 1236 736 1308 celebrabantur,
770 1255 869 1315 aquo
899 1245 930 1297 et
959 1256 1072 1298 nomen
1101 1238 1208 1297 sortiti
1243 1243 1318 1307 sunt,

135 1353 166 1406 ct
188 1345 225 1405 de
250 1343 453 1423 quinquennio
477 1343 507 1400 in
532 1341 769 1418 quinquennium
793 1342 1010 1402 conveniebant
1033 1359 1182 1419 proceres
1208 1350 1317 1411 terrae,

134 1457 165 1510 et
187 1450 263 1510 festa
297 1447 471 1526 Olympiaca
503 1444 686 1522 peragebant
708 1444 835 1504 diversis
868 1445 1000 1516 lusibus,
1035 1446 1141 1522 etqui
1166 1446 1317 1506 victorin

133 1554 233 1631 aliquo
249 1551 320 1612 ludo
344 1552 466 1620 exstitit,
490 1549 614 1610 dabatur
630 1550 695 1620 sibi,
720 1549 866 1627 quidquid
888 1557 1015 1628 peteret,
1040 1549 1120 1610 unde
1144 1553 1317 1628 praemium
1357 1627 1359 1631 Ι

132 1655 319 1738 Olympiadis
334 1657 498 1715 maximum
514 1654 717 1731 reputabatur.
753 1652 840 1713 Unde
857 1655 999 1714 Romanis
1022 1654 1140 1732 legibus
1166 1661 1316 1716 statutum

132 1761 204 1834 luit,
242 1759 342 1840 quod,
381 1759 564 1835 quicumque
597 1764 756 1835 tyrannum
786 1758 953 1830 occideret,
993 1757 1151 1837 Olympico
1177 1761 1314 1838 praemio

131 1864 288 1942 potiretur.

217 1964 262 2024 Ab
280 1964 326 2024 his
341 1962 419 2023 ludis
435 1965 648 2043 computabant
671 1967 785 2043 antiqui
808 1983 902 2026 annos
926 1971 957 2025 et
978 1972 1116 2043 tempora
1141 1966 1313 2047 distingue·

129 2074 219 2144 bant,
243 2071 323 2132 unde
348 2070 503 2150 Olympias
526 2074 624 2151 prima
645 2072 702 2133 luit
725 2074 876 2134 celebrata
898 2072 976 2150 apud
1001 2071 1133 2132 Graecos
1149 2073 1184 2131 in
1209 2078 1314 2132 monte

131 2175 259 2255 Olympo
284 2194 361 2236 anno
385 2181 454 2235 ante
476 2177 712 2236 incarnationem
735 2176 856 2237 Domini
873 2173 935 2238 774
958 2183 1096 2254 tempore
1113 2174 1209 2234 Ouiae
1234 2177 1315 2254 regis

128 2280 233 2351 ludac,
257 2286 288 2340 et
310 2279 367 2340 run
388 2281 525 2340 instituta
547 2298 582 2341 er
598 2298 693 2358 agone
710 2284 862 2360 gymnico.
893 2280 1040 2342 Hercules
1064 2281 1146 2340 enirn
1170 2287 1314 2359 ternpore

128 2386 206 2458 Jair,
234 2385 345 2464 judicis
368 2384 478 2457 lsrael,
511 2386 712 2465 olympiacum
743 2405 871 2464 agonem
901 2386 979 2465 apud
1004 2385 1136 2446 Graecos
1166 2382 1206 2443 ad
1230 2383 1313 2444 Jovis

129 2491 275 2552 bonorem
299 2492 328 2550 in
348 2489 477 2571 Olympo
501 2498 602 2552 monte
627 2493 740 2571 primus
764 2494 909 2563 instituit,
934 2491 1014 2570 quod
1038 2491 1075 2551 de
1099 2492 1312 2568 quinquennio

128 2597 159 2654 in
176 2596 431 2673 quinquennium,
456 2602 584 2673 quatuor
605 2596 635 2654 in
656 2595 756 2655 medio
780 2597 865 2655 annis
882 2593 1022 2673 expletio,
1047 2595 1111 2654 heri
1127 2591 1238 2653 voluit.
1271 2591 1313 2652 lta

129 2697 284 2778 Olympias
307 2717 365 2759 una
382 2706 511 2777 quatuor
533 2700 639 2777 plenos
663 2702 797 2760 continet
820 2718 930 2770 annos;
956 2706 985 2758 ct
1009 2699 1131 2777 quidem
1156 2697 1213 2756 sub
1242 2715 1311 2757 ceu·

127 2804 235 2861 tesima
258 2798 312 2882 (et)
329 2799 369 2866 93
393 2801 585 2880 Olympiade,
609 2808 642 2862 ut
664 2803 909 2882 martyroloqum
933 2803 1030 2872 habet,
1055 2802 1143 2861 lesus
1170 2799 1312 2862 Christus

127 2905 156 2963 in
178 2903 358 2966 Bethlehem
381 2905 476 2967 ludae
499 2907 649 2975 nascitur,
673 2922 709 2964 ex
733 2924 792 2983 qua
815 2907 887 2967 liunt
911 2909 979 2967 anni
1003 2903 1076 2968 tta.

214 3008 246 3069 ln
261 3009 368 3070 cadem
393 3012 514 3088 regione
539 3016 585 3070 cst
602 3009 676 3069 alius
693 3029 796 3082 mons,
820 3010 985 3071 Parnassus
1001 3010 1109 3081 dictuS,
1134 3015 1187 3089 qui
1203 3013 1311 3094 biceps

127 3122 189 3186 cst,
213 3115 299 3193 cujus
322 3117 452 3176 vertices
475 3115 551 3174 alter
565 3113 716 3193 Apollini,
740 3116 815 3175 altor
829 3114 948 3175 baccho
964 3134 1051 3176 sacer
1076 3123 1137 3186 est,
1164 3120 1214 3177 cui
1241 3137 1309 3197 pro-

126 3219 237 3295 pinqua
260 3220 364 3278 civitas
388 3225 435 3278 est
451 3216 680 3289 Thessalonica,
706 3218 742 3278 ad
767 3237 842 3296 quos
866 3220 969 3280 scribit
1000 3220 1030 3279 S.
1056 3219 1167 3280 Paulus
1191 3225 1309 3298 episto-

126 3321 169 3380 las
193 3321 267 3383 duas
290 3322 520 3400 pulcherrimas,
546 3330 576 3382 ct
592 3325 674 3401 regio
700 3323 842 3401 adjacens
867 3333 989 3404 propter
1012 3327 1139 3385 civitatis
1167 3329 1308 3388 eminen-

126 3427 197 3486 tiam
227 3427 335 3488 dicitur
359 3425 564 3489 Thessalonia.
609 3428 646 3490 Et
669 3426 806 3489 Thessali
829 3431 918 3508 primi
941 3429 1081 3489 dicuntur
1104 3429 1218 3501 fuisse,
1257 3433 1308 3510 qui

125 3546 221 3606 equos
236 3530 330 3591 irenis
345 3531 526 3594 domuerunt
550 3551 643 3612 super
665 3532 755 3594 dorsa
777 3551 882 3594 eornm
910 3533 1091 3603 insidentes,
1117 3533 1308 3595 stridentes

125 3632 253 3710 alonge
275 3638 472 3697 aestimabant
503 3656 596 3698 uuum
624 3656 748 3717 corpus,
782 3640 814 3697 in
842 3640 990 3716 superiori
1020 3644 1104 3715 parte
1137 3636 1308 3710 hominem,

124 3736 154 3794 in
178 3735 311 3796 interiori
333 3756 405 3800 vero
430 3758 559 3818 equum,
591 3750 714 3820 propter
743 3743 823 3821 quod
847 3744 959 3804 milites
983 3741 1200 3803 Thessalorum
1225 3744 1306 3806 Ceu·

123 3838 201 3899 tauri
223 3838 282 3898 licti
305 3848 384 3902 sunt.
421 3843 493 3904 l'eri
514 3853 617 3905 tauron
637 3847 778 3907 Centauri
801 3847 941 3908 dicuutur
963 3865 1031 3908 csse
1055 3847 1192 3906 homiues
1217 3851 1307 3928 equis

123 3942 223 4012 mixti,
247 3950 381 4006 monstra
397 3950 507 4019 eremi,
529 3957 563 4009 ut
585 3948 675 4011 habet
689 3950 892 4032 Hieronymus
915 3955 945 4013 in
961 3951 1103 4033 Legenda
1119 3950 1202 4013 beati
1218 3952 1305 4017 Paul.

123 4043 284 4105 Pulcherii.
329 4047 362 4110 ln
386 4069 422 4111 ca
445 4054 569 4130 regione
592 4057 690 4133 primo
720 4057 808 4117 solidi
830 4060 915 4119 aurei
943 4060 1057 4118 inventi
1080 4065 1159 4118 sunt.
1206 4057 1306 4123 Porro

122 4155 260 4228 ternpore
281 4148 399 4232 Moysis
427 4154 538 4218 accidit
569 4157 721 4237 quoddam
754 4159 901 4223 diluvium
930 4162 962 4222 in
995 4179 1032 4224 ea
1063 4164 1207 4242 regione,
1243 4184 1307 4246 quo
