2902 4710
418 156 429 191 r
682 161 746 235 193

130 341 225 420 16316,
266 322 415 418 quotquot
448 347 551 401 autem
588 357 655 400 eam
687 339 849 400 transferre
873 346 1111 413 attentaverunt,
1133 341 1181 403 vel
1211 340 1306 403 orbati
1346 314 1349 321 ¹

130 444 225 505 oculis
248 442 386 519 luerunt,
418 441 466 504 vel
488 439 544 524 (in)
568 444 730 503 amentiam
753 443 933 505 inciderunt.
974 445 1106 508 Remitte
1139 462 1211 522 ergo
1235 461 1304 522 cap·

129 548 297 618 tivitatem,
330 548 385 618 ait,
427 545 465 606 ad
495 564 649 608 summum
682 546 872 608 sacerdotem
900 549 931 608 in
962 546 1132 610 Jerusalem
1173 556 1204 608 et
1235 553 1305 626 pete

15 653 22 664 ‘
130 651 165 710 ab
207 668 261 721 eo,
297 655 331 710 nt
365 652 464 710 mittat
495 650 549 710 libi
582 650 691 710 librum
728 651 804 729 legis
841 652 899 712 Dei
937 657 968 710 et
1004 637 1214 729 prudentiores
1253 650 1305 712 Ju-

129 755 238 828 daeos,
261 757 293 816 in
309 756 449 817 hebraica
466 763 496 818 et
516 775 624 836 graeca
639 758 741 835 lingua
763 759 893 835 peritos,
918 757 969 833 qui
992 754 1173 816 transierant
1195 754 1305 832 legem.

129 859 196 923 lloe
219 859 321 925 audito
349 877 405 946 reu
434 877 536 920 amore
567 859 712 921 librorum
734 860 871 921 liberavit
894 856 1025 919 ludaeos
1058 865 1180 920 eentum
1202 858 1308 936 viginti

130 963 225 1024 millia
253 961 328 1023 dans
350 980 405 1041 pro
438 961 555 1040 singulo
587 965 704 1041 captivo
728 969 849 1024 centum
873 962 977 1040 viginti
1010 958 1168 1022 drachmas
1192 962 1307 1039 argenti

131 1072 162 1128 et
183 1067 268 1127 misit
294 1083 354 1142 eos
382 1064 472 1126 simul
503 1067 535 1125 in
555 1065 727 1126 ierusalem
760 1084 829 1126 curn
861 1067 1002 1144 pretiosis
1040 1065 1215 1124 muneribus
1250 1082 1305 1143 pro

131 1168 242 1231 decore
257 1168 376 1247 templi,
391 1170 471 1228 inter
486 1185 563 1247 quae
587 1176 651 1237 erat
665 1187 770 1230 mensa
786 1186 889 1239 aurea,
915 1169 1043 1249 gemmis
1059 1167 1306 1247 impretiabilibus

129 1275 292 1350 insignita,
312 1271 404 1350 cujus
429 1272 595 1333 crassitudo
619 1292 689 1335 cum
711 1281 795 1335 esset
813 1272 934 1339 dimidii
957 1273 1061 1345 cubiti,
1085 1279 1187 1333 tamen
1209 1277 1305 1332 mate·

128 1378 204 1437 riam
226 1377 387 1454 superabat
410 1394 496 1454 opus.
550 1376 597 1436 De
626 1377 682 1437 hac
711 1394 817 1457 mensa
850 1383 881 1436 et
913 1375 951 1436 de
974 1377 1054 1437 vasis
1078 1381 1108 1436 et
1130 1377 1306 1437 muneribus

130 1482 315 1556 transmissis
339 1480 375 1540 ab
397 1479 543 1558 Aegypto
560 1482 591 1538 in
614 1460 784 1540 Jerusalem
818 1480 894 1538 mira
925 1477 1019 1539 refert
1040 1475 1191 1557 losephus
1215 1479 1305 1541 Libro

129 1579 355 1661 Antiquitatum*
373 1581 437 1644 llll.
464 1583 496 1643 C.
521 1581 550 1645 2.
596 1580 735 1642 Pontifex
758 1599 829 1668 ergo
852 1582 1012 1642 Eleazarus
1036 1582 1118 1642 misit
1145 1585 1210 1660 regi
1234 1602 1303 1663 sep·

129 1688 265 1763 tuaginta
287 1688 441 1756 senioreS,
470 1686 502 1744 in
524 1685 592 1764 lege
616 1668 826 1756 doctissimirs,
858 1690 890 1745 in
919 1685 1022 1745 multis
1045 1686 1156 1764 linguis
1179 1690 1304 1766 peritos,

130 1807 198 1849 cum
227 1788 380 1850 volumine
414 1790 505 1868 legis,
537 1807 612 1868 quos
642 1788 855 1869 Philadelphus
888 1807 958 1851 cum
986 1789 1101 1855 honore
1133 1796 1164 1850 et
1197 1791 1305 1869 gaudio

131 1895 266 1971 suscepit
303 1899 334 1954 et
362 1892 511 1955 introduci
545 1912 598 1954 eos
618 1891 710 1970 jussit
738 1895 770 1956 in
794 1879 917 1957 domum
940 1894 1084 1970 grandem
1104 1893 1189 1971 juxta
1210 1911 1305 1963 mare,

128 1998 159 2057 in
199 2015 258 2075 qua
294 1998 415 2059 libraria
450 2001 530 2077 regis
568 2004 633 2060 erat
664 1984 698 2059 et
732 1998 816 2058 loeus
855 1996 894 2056 ad
924 1996 1171 2059 deliberationem
1212 2017 1305 2077 nego·

129 2103 261 2174 tiorum,
297 2107 328 2162 et
357 2101 445 2163 datae
474 2108 544 2162 sunt
573 2100 697 2180 singulis
729 2100 866 2178 singulae
899 2099 1026 2160 cellulae
1058 2101 1171 2163 divisae
1195 2103 1230 2164 ab
1258 2104 1305 2164 in·

128 2207 237 2266 vicem.
280 2206 474 2284 Receperunt
506 2213 607 2271 autern
643 2223 765 2283 semper
800 2222 895 2264 unum
928 2223 1051 2283 passum
1084 2204 1175 2282 legis,
1215 2223 1306 2283 quem

129 2307 254 2383 quilibet
290 2309 321 2366 in
352 2325 420 2367 sua.
444 2308 521 2367 cella
558 2308 826 2385 interpretabatur,
864 2313 953 2384 prout
982 2309 1038 2368 sibi
1061 2307 1236 2379 uidebatur,
1276 2314 1307 2369 et

130 2423 183 2466 sex
214 2406 319 2467 diebus
342 2409 540 2470 masticabant
570 2427 717 2488 passum,
752 2411 784 2469 iu
813 2409 936 2470 sabbato
969 2418 1070 2472 aute-m
1101 2411 1308 2473 convenemnt

128 2516 289 2589 praesente
320 2528 393 2589 rege
424 2519 455 2573 et
477 2514 676 2591 interpretata
698 2511 970 2572 collationaverunt
994 2520 1026 2575 et
1059 2513 1251 2575 collationata
1272 2516 1304 2575 in

128 2632 222 2674 unum
246 2616 455 2687 contulerunt,
480 2616 647 2676 etinctum
670 2621 717 2676 est
741 2614 841 2677 divino
865 2622 956 2688 nutu,
981 2615 1061 2694 quod
1083 2615 1305 2679 itacorlormes

128 2718 251 2779 luerunt
273 2735 395 2798 semper
417 2719 542 2792 inventi,
566 2720 643 2780 acsi
665 2716 756 2779 simul
774 2717 985 2780 consedissent
1010 2727 1040 2780 61
1063 2719 1247 2781 conllessent
1269 2739 1307 2782 ex

128 2841 188 2882 uno
218 2823 334 2901 capite.¹
371 2822 409 2889 111
431 2824 481 2882 1611
504 2829 575 2884 sunt
597 2823 640 2884 illi
656 2822 737 2884 LXX
760 2825 962 2901 interpretes,
982 2842 1109 2902 quorum
1130 2824 1306 2902 frequenter

127 2928 265 3011 meminit
294 2923 474 3005 leronymus
510 2934 540 2988 et
574 2928 624 2989 alii
648 2928 787 2991 catholici
822 2926 972 2988 doctores.
1017 2925 1110 2988 Porro
1140 2926 1304 3008 leronymo

126 3046 188 3092 non
221 3031 354 3110 placent
377 3030 505 3093 cellulae
539 3035 729 3112 septuaginta
758 3032 959 3110 interpretum
987 3032 1019 3091 in
1049 3032 1173 3110 prologo
1201 3031 1303 3094 serm.

127 3132 166 3195 ad
187 3133 379 3205 Desiderium
402 3121 600 3214 episcopum,
632 3134 687 3196 sed
710 3134 781 3214 dicit
792 3118 807 3207 ,¹
832 3153 885 3196 eos
908 3137 940 3195 in
963 3135 1126 3197 coenaculo
1148 3152 1208 3196 uno
1232 3154 1304 3198 con·

126 3238 233 3298 tulisse
249 3237 287 3299 ad
301 3240 440 3300 invicem.
472 3237 658 3318 Augustinus
675 3245 775 3299 autem
793 3242 894 3319 ponit,
919 3256 971 3299 eos
995 3239 1027 3298 in
1050 3241 1195 3316 separetis
1212 3224 1305 3301 celluae

127 3341 164 3401 lis
198 3361 283 3404 suam
306 3345 481 3422 opinionem
508 3343 726 3422 conscripsisse
757 3349 787 3403 et
818 3349 888 3422 post
911 3342 1077 3404 contulisse
1093 3338 1145 3404 'ad
1165 3343 1304 3406 invicem

215 3448 266 3508 Sic
299 3446 514 3526 Philadelphus
545 3450 597 3510 ille
628 3449 780 3509 librariam
811 3447 971 3519 maximam
1000 3448 1189 3530 composuit,
1227 3464 1305 3527 quae

125 3554 226 3609 tamen
249 3556 355 3629 postea
377 3553 543 3612 incinerata
570 3552 641 3623 luit,
677 3569 748 3612 nam
772 3550 877 3611 classis
900 3550 1042 3628 inportu
1069 3554 1152 3609 stans
1181 3551 1306 3612 incensa

125 3653 197 3727 fuit,
222 3653 259 3715 de
284 3653 370 3732 cujus
393 3657 463 3733 igne
488 3661 519 3716 61
541 3654 661 3716 libraria
683 3656 805 3714 incensa
828 3635 894 3714 tuit
932 3652 989 3713 llio
1008 3651 1222 3732 Philadelphus
1244 3674 1306 3717 non

123 3756 180 3839 tuit
204 3757 255 3820 diu
280 3765 349 3821 ante
373 3765 511 3837 tempora
533 3755 794 3820 Maccahaeorum.
841 3744 914 3818 Post
937 3756 1049 3817 Christi
1074 3762 1176 3817 autem
1198 3776 1304 3825 ascen·

125 3861 244 3924 sionem
272 3863 351 3924 lacta
380 3868 428 3922 est
457 3861 613 3942 Aegyptus
647 3864 772 3942 abyssus
806 3861 1047 3923 illuminatorum,
1074 3864 1217 3924 virorum.
1262 3862 1305 3924 lbi

122 3963 246 4028 Marcus
268 3966 457 4044 Evangelista
479 3968 596 4045 primus
620 3969 781 4048 episcopus
807 3963 1026 4027 Alexandrinus
1058 3957 1157 4046 primo
1190 3963 1302 4030 docuit.

125 4067 169 4130 lbi
192 4067 360 4132 floruerunt
382 4073 437 4141 viri
461 4068 941 4160 doctissimi,„Anianus„Philo,
966 4070 1124 4141 Clemens,
1148 4066 1304 4147 Origenes,

124 4169 314 4263 Ammonius,
329 4175 503 4257 Dionysius,
519 4175 686 4250 Anatolius,
700 4173 841 4255 Pyrrhus,
860 4172 1051 4265 Athanasius,
1067 4170 1215 4252 Didymus
1233 4188 1304 4243 coe·
1365 4250 1369 4258 ¹

1062 4285 1096 4341 13
