2874 4770
690 245 736 314 ιι

126 426 366 488 necromantiam
395 423 445 497 lit,
477 429 583 504 potest
608 427 640 485 in
671 438 750 503 aqua
769 423 876 486 tallere
896 423 1076 484 intuentem.
1121 419 1192 501 lpse
1213 420 1307 499 stiam

129 528 281 608 losephus
298 525 481 599 auctorest,
504 527 705 591 Salomonem
714 544 794 587 cnm.
806 533 893 606 patre
915 527 1076 588 thesauros
1096 512 1308 588 defodisse'in
1382 524 1385 529 ’

128 629 238 692 loculis
259 630 351 692 modo
375 630 553 691 mechanico
575 633 605 690 iu
628 637 726 701 terra,
757 631 804 691 vel
837 633 940 692 verius
969 630 1061 692 modo
1083 630 1311 702 mathematico,

130 752 263 812 qnorum
287 736 351 821 tria·
367 733 461 796 millia
476 737 540 795 auri
555 736 669 796 talenta
683 735 831 795 llircauus
845 734 955 794 levavit
969 733 1007 794 de
1025 734 1187 812 sepulchro
1201 731 1307 804 David,
1338 713 1347 728 ¹

129 839 239 917 quibus
255 818 409 900 civitatdm
426 837 595 899 Jerusalem
611 841 648 899 ab
671 837 837 899 obsidionis
860 835 970 913 injuria
991 837 1137 907 liberavit.
1168 836 1307 898 Herodes

127 947 231 1001 autem
270 943 366 1019 magis
399 943 625 1019 praesumtione
654 957 746 1020 quam
780 939 906 1000 oonsilio
938 939 1020 1000 idem
1049 939 1174 1018 aggredi
1202 941 1306 1011 voluit,

128 1029 240 1104 multos
276 1061 313 1105 ex
345 1045 526 1111 satellitibus
559 1046 629 1122 igue
663 1063 699 1105 ex
730 1043 866 1103 interiori
901 1048 985 1119 parte
1008 1026 1176 1120 pdddennte
1199 1044 1308 1114 amisit,

128 1147 207 1206 sicut
229 1151 313 1225 patet
336 1145 368 1206 P.
395 1146 423 1208 1.
447 1147 499 1208 tol.
523 1145 575 1212 97.
599 1146 632 1207 Β.
677 1149 720 1208 Er
734 1148 781 1206 his
804 1145 944 1231 omnihps
965 1152 1059 1223 patet,
1083 1145 1162 1223 quod
1184 1148 1217 1206 iu
1238 1146 1307 1206 loco

127 1251 338 1331 columnarum
360 1244 585 1328 praedictarum
608 1253 814 1329 suspicatione
838 1251 912 1310 satis
936 1248 1069 1309 evidenti
1084 1253 1187 1327 potest
1201 1248 1309 1319 teneri,

127 1340 209 1429 quod
225 1353 363 1432 gigantes
379 1353 547 1433 aliquisint
562 1355 602 1415 ibi
617 1356 722 1425 locati,
747 1360 778 1413 et
792 1354 851 1415 hoc
867 1360 992 1433 propter
1005 1354 1162 1430 ingentem
1177 1352 1308 1412 terream

127 1460 262 1532 portam,
286 1451 444 1536 (bhquse
475 1465 599 1536 propter
630 1458 789 1518 thesauros
820 1463 937 1518 tantum
968 1474 1030 1516 non
1052 1455 1203 1533 indigeret
1224 1461 1309 1517 tante

126 1557 300 1629 latitudinum
323 1559 380 1620 sed
403 1565 434 1619 et
449 1559 670 1629 thesaurisant
684 1561 725 1620 ibi
741 1561 903 1631 reconditi,
926 1557 1008 1638 qnod
1023 1565 1107 1637 patet
1121 1575 1158 1619 cr
1174 1565 1307 1621 tremore

92 1673 94 1677 ’
129 1642 355 1741 columnarum,
379 1668 411 1721 et
426 1680 462 1722 er
477 1656 640 1724 fortissima
656 1663 867 1735 cunclusione,
891 1670 973 1724 etex
995 1661 1140 1741 periculis
1164 1679 1306 1740 perscru-

127 1764 197 1823 tari·
206 1764 388 1836 volentium,
412 1771 520 1842 agente
543 1765 709 1836 daemone,
733 1754 842 1843 qulbus
865 1769 923 1828 nisi
944 1773 1010 1828 arte
1034 1765 1134 1842 aliqua
1149 1765 1313 1831 ιιιιιιιιΙι

133 1865 292 1926 thesauros
316 1870 463 1946 asportari
485 1886 546 1929 nou
568 1872 761 1947 permittunt,
784 1872 866 1930 sicut
887 1871 980 1931 etiam
1004 1870 1119 1946 patet
1110 1886 1141 1927 ιιι
1155 1867 1308 1943 thesauris

131 1985 201 2027 cum
223 1968 320 2030 David
343 1976 374 2030 et
396 1970 559 2033 Salomone
581 1972 724 2050 sepultis,
753 1974 791 2035 de
822 1956 932 2052 quibus
952 1970 1026 2047 lacit
1048 1973 1244 2043 mentionem
1246 1950 1308 2039 lo·

127 2066 251 2149 ιιιιιιιι
264 2069 343 2132 Libr.
352 2046 429 2133 llll.
455 2075 604 2153 antiquitt.
629 2093 695 2156 cap.
721 2077 841 2159 ultimo,
874 2083 908 2138 ct
934 2075 1120 2163 hiemet
1108 2093 1143 2145 ru
1172 2074 1312 2155 Mlti

128 2176 250 2257 histqr„
275 2175 313 2236 de
337 2184 433 2238 morte
450 2177 565 2280 Qtid,
589 2187 622 2240 et
641 2178 791 2258 Magister
805 2179 1015 2240 Vincentius'
1005 2195 1037 2239 ιιι
1053 2177 1186 2256 Speculo
1201 2177 1306 2247 hfltor.

129 2277 163 2339 L.
188 2266 240 2343 27.
266 2298 331 2359 cap.
358 2287 427 2341 cent
1113 2298 1125 2323 ι

69 2453 72 2457 y
215 2380 330 2443 Verum
354 2385 412 2443 etsi
429 2280 598 2471 meta
613 2385 803 2493 phantastica
817 2383 999 2455 videantur,
995 2352 1233 2466 ιι-ιμιιβιιι
1246 2404 1308 2447 uon

129 2492 233 2563 potest
256 2458 435 2563 chgentibus
450 2484 573 2556 (mnis,
597 2487 672 2547 olim
684 2472 766 2564 quid
788 2472 986 2564 magnifieum
990 2476 1177 2589 Μιιῗιῑ
1198 2495 1230 2561 ιι
1251 2489 1308 2573 ιιι

132 2593 215 2647 terra
231 2587 309 2664 quid
331 2576 486 2663 ocdult'rnn
502 2586 657 2675 ιιιιιιιι,
681 2591 730 2649 cui
752 2589 843 2653 hodie
864 2588 1004 2651 custodia
1024 2558 1307 2689 ιιιιιιιιιιιιιιιιι

129 2688 246 2768 Opinon
278 2696 395 2762 autem,
432 2693 522 2751 certis
556 2686 741 2769 conjecturis
760 2691 899 2759 edoctus
928 2710 945 2752 a
974 2672 1070 2759 stralo
1101 2694 1170 2755 Nat.
1177 2693 1307 2791 hinton.

128 2793 193 2854 Lib.
212 2791 264 2857 36
284 2795 355 2873 Cap.
377 2791 435 2865 13,
460 2794 509 2854 luc
523 2792 630 2856 subtus
654 2812 723 2856 esse
746 2796 832 2857 illutn
853 2795 1007 2871 horridum
1023 2794 1157 2863 manns
1176 2784 1309 2905 labyrin-

127 2897 227 2970 thum,
252 2901 303 2976 qni
319 2891 460 2959 itinerum
480 2898 622 2979 ambages
638 2916 845 2978 occursusque
860 2917 895 2961 ac
908 2900 1060 2962 ‘incurius
1065 2864 1307 3007 ampucippe's

127 3002 276 3072 continet,
301 3002 350 3061 ubi
374 3003 426 3080 qui
441 3003 577 3073 intravit,
600 3019 765 3081 numquam
782 3005 859 3063 viam
876 3003 1003 3065 exeundi
1019 2992 1163 3067 intffirict.
1193 3005 1308 3071 sem

126 3103 293 3165 Daedalum
313 3104 351 3164 ad
364 3103 536 3183 Aegyptum
551 3113 763 3184 penetrantem
781 3104 964 3167 admiratum
985 3106 1075 3184 hujus
1092 3111 1194 3187 operis
1209 3100 1306 3170 artem

128 3207 290 3267 similem
282 3225 313 3267 ιιι
336 3207 430 3283 (ιιιιιι
447 3211 586 3287 regnanti
608 3207 703 3270 Minoi
726 3212 942 3270 constravisse.
988 3210 1050 3272 Sed
1074 3211 1229 3272 Cretensis
1250 3210 1305 3272 de·

129 3310 215 3382 tecit,
239 3310 399 3372 Thebanus
423 3319 540 3383 autem,
564 3311 622 3373 hoo
646 3320 694 3373 est
715 3313 781 3383 hic,
804 3320 836 3373 et
858 3330 897 3373 ne
921 3312 1059 3373 homines
1083 3316 1228 3376 intrantes
1250 3331 1305 3392 pe·

126 3421 213 3474 reant
234 3416 403 3476 obturatum
427 3421 512 3492 porta
541 3415 640 3476 terrea
669 3422 700 3476 et
724 3417 875 3496 repagulis
899 3415 1061 3495 divulgant.
1108 3416 1154 3476 De
1176 3424 1306 3495 quatuor

124 3515 301 3594 labyrinthis
325 3517 393 3577 vide
416 3517 493 3583 intra
515 3517 567 3578 tol.
594 3515 655 3582 179
677 3518 713 3578 ιι
758 3519 804 3579 lle
828 3518 961 3581 Daedalo
993 3526 1024 3582 et
1046 3517 1117 3595 ejus
1139 3517 1306 3596 labyrintho

125 3619 157 3679 in
179 3618 318 3698 Aegypto
342 3627 516 3682 constructo
539 3621 606 3682 vide
630 3623 710 3683 Cusa
732 3622 770 3684 dc
793 3622 872 3683 Ecca
894 3619 939 3700 (ι)
963 3622 1067 3704 populi
1090 3619 1123 3682 t.
1146 3616 1178 3687 8.
1201 3640 1229 3682 c.
1253 3619 1283 3685 2.

407 3884 538 3976 Aliqua
565 3889 650 3959 satis
677 3890 763 3959 mira
791 3894 1025 3981 exponuntur.

216 4033 296 4094 Visis
328 4036 476 4096 columnis
507 4035 573 4094 istis
606 4036 733 4099 ulterius
757 4040 962 4116 processimus
985 4038 1184 4116 perlongum
1207 4040 1307 4099 vicum

130 4137 168 4197 ad
191 4137 315 4199 domum
338 4138 489 4217 quandam
512 4139 624 4198 insoliti
648 4140 782 4211 artificii,
810 4148 841 4201 et
862 4143 990 4220 ingrcssi
1014 4158 1118 4203 sumus
1142 4139 1180 4200 ad
1202 4140 1306 4203 viden-

125 4241 197 4301 dum
228 4244 335 4303 miram
366 4243 515 4304 humanae
546 4243 618 4303 artis
658 4243 847 4307 iudustriam.
892 4244 1048 4323 Siquidem
1077 4247 1107 4305 iu
1136 4244 1193 4304 hac
1215 4244 1306 4306 domo
