<?xml version="1.0" encoding="UTF-8"?>
<!DOCTYPE html PUBLIC "-//W3C//DTD XHTML 1.0 Transitional//EN"
    "http://www.w3.org/TR/xhtml1/DTD/xhtml1-transitional.dtd">
<html xmlns="http://www.w3.org/1999/xhtml" xml:lang="en" lang="en">
 <head>
  <title>
</title>
<meta http-equiv="Content-Type" content="text/html;charset=utf-8" />
  <meta name='ocr-system' content='tesseract 3.04.00' />
  <meta name='ocr-capabilities' content='ocr_page ocr_carea ocr_par ocr_line ocrx_word'/>
</head>
<body>
  <div class='ocr_page' id='page_1' title='image "./fratrisfelicisf00fabrgoog_0012.png"; bbox 0 0 2874 4770; ppageno 0'>
   <div class='ocr_carea' id='block_1_1' title="bbox 732 290 752 358">
    <p class='ocr_par' dir='ltr' id='par_1_1' title="bbox 732 290 752 358">
     <span class='ocr_line' id='line_1_1' title="bbox 732 290 752 358; baseline 0 0"><span class='ocrx_word' id='word_1_1' title='bbox 732 290 752 358; x_wconf 85' lang='grc'><strong>7</strong></span> 
     </span>
    </p>
   </div>
   <div class='ocr_carea' id='block_1_2' title="bbox 127 459 1333 1667">
    <p class='ocr_par' dir='ltr' id='par_1_2' title="bbox 127 459 1333 1667">
     <span class='ocr_line' id='line_1_2' title="bbox 240 459 1331 544; baseline 0.002 -20"><span class='ocrx_word' id='word_1_2' title='bbox 240 459 374 526; x_wconf 76' lang='lat' dir='ltr'>Ulterius</span> <span class='ocrx_word' id='word_1_3' title='bbox 397 466 551 544; x_wconf 79' lang='lat' dir='ltr'><strong>progressi</strong></span> <span class='ocrx_word' id='word_1_4' title='bbox 573 482 629 544; x_wconf 88' lang='lat' dir='ltr'><strong>per</strong></span> <span class='ocrx_word' id='word_1_5' title='bbox 652 464 773 525; x_wconf 86' lang='lat' dir='ltr'><strong>arbusta</strong></span> <span class='ocrx_word' id='word_1_6' title='bbox 795 469 827 526; x_wconf 89' lang='lat' dir='ltr'><strong>et</strong></span> <span class='ocrx_word' id='word_1_7' title='bbox 848 465 975 544; x_wconf 80' lang='lat' dir='ltr'><strong>virgulta</strong></span> <span class='ocrx_word' id='word_1_8' title='bbox 997 466 1078 527; x_wconf 87' lang='lat' dir='ltr'><strong>varia</strong></span> <span class='ocrx_word' id='word_1_9' title='bbox 1096 466 1229 529; x_wconf 78' lang='lat' dir='ltr'><strong>suaviter</strong></span> <span class='ocrx_word' id='word_1_10' title='bbox 1242 462 1331 526; x_wconf 90' lang='lat' dir='ltr'><strong>redo·</strong></span> 
     </span>
     <span class='ocr_line' id='line_1_3' title="bbox 154 565 1333 647; baseline 0 -18"><span class='ocrx_word' id='word_1_11' title='bbox 154 568 248 631; x_wconf 83' lang='lat' dir='ltr'><strong>leutio</strong></span> <span class='ocrx_word' id='word_1_12' title='bbox 270 565 309 629; x_wconf 86' lang='lat' dir='ltr'><strong>ad</strong></span> <span class='ocrx_word' id='word_1_13' title='bbox 330 583 422 628; x_wconf 87' lang='lat' dir='ltr'><strong>unam</strong></span> <span class='ocrx_word' id='word_1_14' title='bbox 443 570 580 629; x_wconf 84' lang='lat' dir='ltr'><strong>venimus</strong></span> <span class='ocrx_word' id='word_1_15' title='bbox 603 570 778 643; x_wconf 80' lang='lat' dir='ltr'><strong>maceriam,</strong></span> <span class='ocrx_word' id='word_1_16' title='bbox 807 569 839 628; x_wconf 92' lang='lat' dir='ltr'><strong>in</strong></span> <span class='ocrx_word' id='word_1_17' title='bbox 868 587 926 646; x_wconf 91' lang='lat' dir='ltr'><strong>qua</strong></span> <span class='ocrx_word' id='word_1_18' title='bbox 957 574 1021 630; x_wconf 88' lang='lat' dir='ltr'><strong>erat</strong></span> <span class='ocrx_word' id='word_1_19' title='bbox 1042 570 1184 630; x_wconf 91' lang='lat' dir='ltr'><strong>ostiolum</strong></span> <span class='ocrx_word' id='word_1_20' title='bbox 1206 585 1333 647; x_wconf 89' lang='lat' dir='ltr'><strong>parvum</strong></span> 
     </span>
     <span class='ocr_line' id='line_1_4' title="bbox 156 668 1333 751; baseline -0.003 -20"><span class='ocrx_word' id='word_1_21' title='bbox 156 669 212 732; x_wconf 93' lang='lat' dir='ltr'><strong>sed</strong></span> <span class='ocrx_word' id='word_1_22' title='bbox 232 668 357 751; x_wconf 80' lang='lat' dir='ltr'><strong>firmiter</strong></span> <span class='ocrx_word' id='word_1_23' title='bbox 379 672 515 731; x_wconf 89' lang='lat' dir='ltr'><strong>clausum</strong></span> <span class='ocrx_word' id='word_1_24' title='bbox 539 688 610 732; x_wconf 90' lang='lat' dir='ltr'><strong>cum</strong></span> <span class='ocrx_word' id='word_1_25' title='bbox 629 672 782 749; x_wconf 89' lang='lat' dir='ltr'><strong>repagulis</strong></span> <span class='ocrx_word' id='word_1_26' title='bbox 805 679 836 732; x_wconf 89' lang='lat' dir='ltr'><strong>et</strong></span> <span class='ocrx_word' id='word_1_27' title='bbox 868 673 964 742; x_wconf 90' lang='lat' dir='ltr'><strong>seris,</strong></span> <span class='ocrx_word' id='word_1_28' title='bbox 991 670 1076 747; x_wconf 80' lang='lat' dir='ltr'><strong>juxta</strong></span> <span class='ocrx_word' id='word_1_29' title='bbox 1105 670 1186 750; x_wconf 94' lang='lat' dir='ltr'><strong>quod</strong></span> <span class='ocrx_word' id='word_1_30' title='bbox 1214 668 1333 730; x_wconf 87' lang='lat' dir='ltr'><strong>stabant</strong></span> 
     </span>
     <span class='ocr_line' id='line_1_5' title="bbox 127 760 1330 852; baseline -0.002 -19"><span class='ocrx_word' id='word_1_31' title='bbox 127 760 130 767; x_wconf 76' lang='grc'><strong>’</strong></span> <span class='ocrx_word' id='word_1_32' title='bbox 157 772 306 836; x_wconf 30' lang='lat' dir='ltr'><strong>custodes,</strong></span> <span class='ocrx_word' id='word_1_33' title='bbox 322 790 392 832; x_wconf 92' lang='lat' dir='ltr'><strong>cum</strong></span> <span class='ocrx_word' id='word_1_34' title='bbox 413 772 544 834; x_wconf 82' lang='lat' dir='ltr'><strong>fustibus</strong></span> <span class='ocrx_word' id='word_1_35' title='bbox 568 781 598 833; x_wconf 91' lang='lat' dir='ltr'><strong>et</strong></span> <span class='ocrx_word' id='word_1_36' title='bbox 619 772 734 834; x_wconf 90' lang='lat' dir='ltr'><strong>baculis</strong></span> <span class='ocrx_word' id='word_1_37' title='bbox 757 775 966 846; x_wconf 79' lang='lat' dir='ltr'><strong>observantes,</strong></span> <span class='ocrx_word' id='word_1_38' title='bbox 990 791 1028 833; x_wconf 91' lang='lat' dir='ltr'><strong>ue</strong></span> <span class='ocrx_word' id='word_1_39' title='bbox 1044 775 1111 852; x_wconf 93' lang='lat' dir='ltr'><strong>quis</strong></span> <span class='ocrx_word' id='word_1_40' title='bbox 1126 771 1243 851; x_wconf 80' lang='lat' dir='ltr'><strong>ingredi</strong></span> <span class='ocrx_word' id='word_1_41' title='bbox 1258 788 1330 832; x_wconf 92' lang='lat' dir='ltr'><strong>con-</strong></span> 
     </span>
     <span class='ocr_line' id='line_1_6' title="bbox 154 860 1330 938; baseline -0.003 -3"><span class='ocrx_word' id='word_1_42' title='bbox 154 860 321 935; x_wconf 69' lang='lat' dir='ltr'><strong>tenderet„</strong></span> <span class='ocrx_word' id='word_1_43' title='bbox 348 868 481 937; x_wconf 83' lang='lat' dir='ltr'><strong>Macaria</strong></span> <span class='ocrx_word' id='word_1_44' title='bbox 516 882 617 937; x_wconf 88' lang='lat' dir='ltr'><strong>autem</strong></span> <span class='ocrx_word' id='word_1_45' title='bbox 639 877 690 938; x_wconf 91' lang='lat' dir='ltr'><strong>illa</strong></span> <span class='ocrx_word' id='word_1_46' title='bbox 712 876 917 938; x_wconf 87' lang='lat' dir='ltr'><strong>circumdabat</strong></span> <span class='ocrx_word' id='word_1_47' title='bbox 940 893 1040 936; x_wconf 91' lang='lat' dir='ltr'><strong>aream</strong></span> <span class='ocrx_word' id='word_1_48' title='bbox 1062 876 1187 937; x_wconf 89' lang='lat' dir='ltr'><strong>balsami</strong></span> <span class='ocrx_word' id='word_1_49' title='bbox 1209 873 1330 934; x_wconf 90' lang='lat' dir='ltr'><strong>nobilis·</strong></span> 
     </span>
     <span class='ocr_line' id='line_1_7' title="bbox 155 977 1331 1056; baseline -0.003 -18"><span class='ocrx_word' id='word_1_50' title='bbox 155 979 240 1048; x_wconf 92' lang='lat' dir='ltr'><strong>simi,</strong></span> <span class='ocrx_word' id='word_1_51' title='bbox 275 977 357 1056; x_wconf 88' lang='lat' dir='ltr'><strong>quod</strong></span> <span class='ocrx_word' id='word_1_52' title='bbox 377 978 434 1038; x_wconf 90' lang='lat' dir='ltr'><strong>hac</strong></span> <span class='ocrx_word' id='word_1_53' title='bbox 457 985 638 1056; x_wconf 73' lang='lat' dir='ltr'><strong>tempestate</strong></span> <span class='ocrx_word' id='word_1_54' title='bbox 662 998 721 1039; x_wconf 91' lang='lat' dir='ltr'><strong>non</strong></span> <span class='ocrx_word' id='word_1_55' title='bbox 744 982 802 1041; x_wconf 93' lang='lat' dir='ltr'><strong>nisi</strong></span> <span class='ocrx_word' id='word_1_56' title='bbox 824 981 856 1039; x_wconf 94' lang='lat' dir='ltr'><strong>in</strong></span> <span class='ocrx_word' id='word_1_57' title='bbox 880 997 915 1039; x_wconf 88' lang='lat' dir='ltr'><strong>ea</strong></span> <span class='ocrx_word' id='word_1_58' title='bbox 938 981 1057 1040; x_wconf 89' lang='lat' dir='ltr'><strong>erescit.</strong></span> <span class='ocrx_word' id='word_1_59' title='bbox 1101 979 1218 1039; x_wconf 81' lang='lat' dir='ltr'><strong>Dicitur</strong></span> <span class='ocrx_word' id='word_1_60' title='bbox 1241 979 1331 1047; x_wconf 89' lang='lat' dir='ltr'><strong>enim,</strong></span> 
     </span>
     <span class='ocr_line' id='line_1_8' title="bbox 155 1050 1331 1243; baseline -0.001 -103"><span class='ocrx_word' id='word_1_61' title='bbox 155 1079 236 1159; x_wconf 94' lang='lat' dir='ltr'><strong>quod</strong></span> <span class='ocrx_word' id='word_1_62' title='bbox 257 1050 453 1243; x_wconf 56' lang='grc' dir='ltr'><strong>[θεῖ’ὑα</strong></span> <span class='ocrx_word' id='word_1_63' title='bbox 477 1081 514 1142; x_wconf 94' lang='lat' dir='ltr'><strong>de</strong></span> <span class='ocrx_word' id='word_1_64' title='bbox 537 1079 622 1141; x_wconf 88' lang='lat' dir='ltr'><strong>ludia</strong></span> <span class='ocrx_word' id='word_1_65' title='bbox 645 1082 743 1144; x_wconf 91' lang='lat' dir='ltr'><strong>attulit</strong></span> <span class='ocrx_word' id='word_1_66' title='bbox 758 1081 911 1143; x_wconf 83' lang='lat' dir='ltr'><strong>Salomoni</strong></span> <span class='ocrx_word' id='word_1_67' title='bbox 926 1081 1059 1142; x_wconf 86' lang='lat' dir='ltr'><strong>radicem</strong></span> <span class='ocrx_word' id='word_1_68' title='bbox 1072 1081 1216 1151; x_wconf 85' lang='lat' dir='ltr'><strong>balsami,</strong></span> <span class='ocrx_word' id='word_1_69' title='bbox 1240 1096 1331 1157; x_wconf 92' lang='lat' dir='ltr'><strong>quam</strong></span> 
     </span>
     <span class='ocr_line' id='line_1_9' title="bbox 154 1164 1331 1279; baseline -0.001 -37"><span class='ocrx_word' id='word_1_70' title='bbox 154 1184 186 1242; x_wconf 93' lang='lat' dir='ltr'><strong>in</strong></span> <span class='ocrx_word' id='word_1_71' title='bbox 218 1188 320 1243; x_wconf 91' lang='lat' dir='ltr'><strong>monte</strong></span> <span class='ocrx_word' id='word_1_72' title='bbox 377 1164 655 1262; x_wconf 72' lang='lat' dir='ltr'><strong>ngadi*plantavit,</strong></span> <span class='ocrx_word' id='word_1_73' title='bbox 685 1192 719 1246; x_wconf 91' lang='lat' dir='ltr'><strong>ut</strong></span> <span class='ocrx_word' id='word_1_74' title='bbox 748 1168 862 1279; x_wconf 72' lang='lat' dir='ltr'><strong>dictum</strong></span> <span class='ocrx_word' id='word_1_75' title='bbox 885 1192 933 1246; x_wconf 89' lang='lat' dir='ltr'><strong>est</strong></span> <span class='ocrx_word' id='word_1_76' title='bbox 954 1182 986 1244; x_wconf 90' lang='lat' dir='ltr'><strong>P.</strong></span> <span class='ocrx_word' id='word_1_77' title='bbox 1011 1183 1033 1244; x_wconf 93' lang='lat' dir='ltr'><strong>l.</strong></span> <span class='ocrx_word' id='word_1_78' title='bbox 1057 1184 1077 1245; x_wconf 84' lang='lat' dir='ltr'><strong>i.</strong></span> <span class='ocrx_word' id='word_1_79' title='bbox 1102 1180 1176 1248; x_wconf 76' lang='lat'>246.</span> <span class='ocrx_word' id='word_1_80' title='bbox 1221 1181 1331 1243; x_wconf 89' lang='lat' dir='ltr'><strong>Postea</strong></span> 
     </span>
     <span class='ocr_line' id='line_1_10' title="bbox 155 1284 1330 1370; baseline -0.002 -25"><span class='ocrx_word' id='word_1_81' title='bbox 155 1286 405 1365; x_wconf 87' lang='lat' dir='ltr'><strong>transplantatum</strong></span> <span class='ocrx_word' id='word_1_82' title='bbox 428 1293 475 1346; x_wconf 90' lang='lat' dir='ltr'><strong>est</strong></span> <span class='ocrx_word' id='word_1_83' title='bbox 499 1285 537 1346; x_wconf 93' lang='lat' dir='ltr'><strong>ad</strong></span> <span class='ocrx_word' id='word_1_84' title='bbox 559 1289 639 1347; x_wconf 83' lang='lat' dir='ltr'><strong>varia</strong></span> <span class='ocrx_word' id='word_1_85' title='bbox 661 1286 743 1359; x_wconf 88' lang='lat' dir='ltr'><strong>loca,</strong></span> <span class='ocrx_word' id='word_1_86' title='bbox 766 1290 844 1349; x_wconf 91' lang='lat' dir='ltr'><strong>sicut</strong></span> <span class='ocrx_word' id='word_1_87' title='bbox 866 1285 981 1367; x_wconf 85' lang='lat' dir='ltr'><strong>patebit</strong></span> <span class='ocrx_word' id='word_1_88' title='bbox 1002 1288 1033 1346; x_wconf 93' lang='lat' dir='ltr'><strong>in</strong></span> <span class='ocrx_word' id='word_1_89' title='bbox 1048 1285 1253 1370; x_wconf 77' lang='lat' dir='ltr'><strong>descriptione</strong></span> <span class='ocrx_word' id='word_1_90' title='bbox 1266 1284 1330 1344; x_wconf 91' lang='lat' dir='ltr'><strong>bal-</strong></span> 
     </span>
     <span class='ocr_line' id='line_1_11' title="bbox 155 1385 1331 1468; baseline -0.003 -19"><span class='ocrx_word' id='word_1_91' title='bbox 155 1391 247 1461; x_wconf 91' lang='lat' dir='ltr'><strong>sami,</strong></span> <span class='ocrx_word' id='word_1_92' title='bbox 280 1403 438 1468; x_wconf 79' lang='lat' dir='ltr'><strong>quousque</strong></span> <span class='ocrx_word' id='word_1_93' title='bbox 466 1389 572 1450; x_wconf 87' lang='lat' dir='ltr'><strong>ultimo</strong></span> <span class='ocrx_word' id='word_1_94' title='bbox 605 1389 642 1451; x_wconf 91' lang='lat' dir='ltr'><strong>ad</strong></span> <span class='ocrx_word' id='word_1_95' title='bbox 674 1389 754 1450; x_wconf 90' lang='lat' dir='ltr'><strong>hunc</strong></span> <span class='ocrx_word' id='word_1_96' title='bbox 777 1388 898 1451; x_wconf 82' lang='lat' dir='ltr'><strong>devenit</strong></span> <span class='ocrx_word' id='word_1_97' title='bbox 920 1391 1037 1462; x_wconf 91' lang='lat' dir='ltr'><strong>locum,</strong></span> <span class='ocrx_word' id='word_1_98' title='bbox 1068 1396 1099 1452; x_wconf 90' lang='lat' dir='ltr'><strong>et</strong></span> <span class='ocrx_word' id='word_1_99' title='bbox 1126 1388 1254 1448; x_wconf 86' lang='lat' dir='ltr'><strong>hahetur</strong></span> <span class='ocrx_word' id='word_1_100' title='bbox 1274 1385 1331 1447; x_wconf 84' lang='lat' dir='ltr'><strong>sulr</strong></span> 
     </span>
     <span class='ocr_line' id='line_1_12' title="bbox 153 1489 1330 1572; baseline -0.005 -19"><span class='ocrx_word' id='word_1_101' title='bbox 153 1492 231 1554; x_wconf 89' lang='lat' dir='ltr'><strong>bona</strong></span> <span class='ocrx_word' id='word_1_102' title='bbox 254 1498 285 1554; x_wconf 90' lang='lat' dir='ltr'><strong>et</strong></span> <span class='ocrx_word' id='word_1_103' title='bbox 307 1498 389 1553; x_wconf 89' lang='lat' dir='ltr'><strong>arcta</strong></span> <span class='ocrx_word' id='word_1_104' title='bbox 412 1492 549 1554; x_wconf 87' lang='lat' dir='ltr'><strong>custodia</strong></span> <span class='ocrx_word' id='word_1_105' title='bbox 570 1498 724 1571; x_wconf 90' lang='lat' dir='ltr'><strong>tamquam</strong></span> <span class='ocrx_word' id='word_1_106' title='bbox 746 1493 907 1553; x_wconf 89' lang='lat' dir='ltr'><strong>thesaurus</strong></span> <span class='ocrx_word' id='word_1_107' title='bbox 921 1494 1091 1572; x_wconf 90' lang='lat' dir='ltr'><strong>singularis.</strong></span> <span class='ocrx_word' id='word_1_108' title='bbox 1136 1489 1252 1551; x_wconf 85' lang='lat' dir='ltr'><strong>Tamen</strong></span> <span class='ocrx_word' id='word_1_109' title='bbox 1273 1489 1330 1548; x_wconf 82' lang='lat' dir='ltr'><strong>mi·</strong></span> 
     </span>
     <span class='ocr_line' id='line_1_13' title="bbox 153 1592 1330 1667; baseline -0.006 -10"><span class='ocrx_word' id='word_1_110' title='bbox 153 1602 237 1657; x_wconf 89' lang='lat' dir='ltr'><strong>ratus</strong></span> <span class='ocrx_word' id='word_1_111' title='bbox 259 1595 319 1666; x_wconf 90' lang='lat' dir='ltr'><strong>iui,</strong></span> <span class='ocrx_word' id='word_1_112' title='bbox 349 1600 466 1657; x_wconf 90' lang='lat' dir='ltr'><strong>tautum</strong></span> <span class='ocrx_word' id='word_1_113' title='bbox 487 1595 663 1661; x_wconf 85' lang='lat' dir='ltr'><strong>thesaurum</strong></span> <span class='ocrx_word' id='word_1_114' title='bbox 684 1614 745 1656; x_wconf 92' lang='lat' dir='ltr'><strong>non</strong></span> <span class='ocrx_word' id='word_1_115' title='bbox 769 1596 877 1655; x_wconf 91' lang='lat' dir='ltr'><strong>melius</strong></span> <span class='ocrx_word' id='word_1_116' title='bbox 902 1595 1062 1667; x_wconf 90' lang='lat' dir='ltr'><strong>custodiri,</strong></span> <span class='ocrx_word' id='word_1_117' title='bbox 1096 1594 1220 1656; x_wconf 88' lang='lat' dir='ltr'><strong>deberet</strong></span> <span class='ocrx_word' id='word_1_118' title='bbox 1249 1592 1330 1651; x_wconf 90' lang='lat' dir='ltr'><strong>enim</strong></span> 
     </span>
    </p>
   </div>
   <div class='ocr_carea' id='block_1_3' title="bbox 152 1697 1331 1911">
    <p class='ocr_par' dir='ltr' id='par_1_3' title="bbox 152 1697 1331 1911">
     <span class='ocr_line' id='line_1_14' title="bbox 154 1697 1330 1786; baseline -0.004 -27"><span class='ocrx_word' id='word_1_119' title='bbox 154 1716 186 1759; x_wconf 92' lang='lat' dir='ltr'><strong>m</strong></span> <span class='ocrx_word' id='word_1_120' title='bbox 220 1716 241 1759; x_wconf 90' lang='lat' dir='ltr'><strong>o</strong></span> <span class='ocrx_word' id='word_1_121' title='bbox 257 1699 456 1776; x_wconf 75' lang='lat' dir='ltr'><strong>sumeringi,</strong></span> <span class='ocrx_word' id='word_1_122' title='bbox 479 1698 527 1760; x_wconf 88' lang='lat' dir='ltr'><strong>rel</strong></span> <span class='ocrx_word' id='word_1_123' title='bbox 543 1704 687 1786; x_wconf 88' lang='lat' dir='ltr'><strong>argenteo</strong></span> <span class='ocrx_word' id='word_1_124' title='bbox 697 1743 713 1769; x_wconf 72' lang='grc'><strong>,,</strong></span> <span class='ocrx_word' id='word_1_125' title='bbox 729 1714 840 1768; x_wconf 89' lang='lat' dir='ltr'><strong>aeneo,</strong></span> <span class='ocrx_word' id='word_1_126' title='bbox 865 1704 916 1759; x_wconf 90' lang='lat' dir='ltr'><strong>aut</strong></span> <span class='ocrx_word' id='word_1_127' title='bbox 930 1697 1045 1769; x_wconf 82' lang='lat' dir='ltr'><strong>terreo,</strong></span> <span class='ocrx_word' id='word_1_128' title='bbox 1068 1702 1192 1777; x_wconf 89' lang='lat' dir='ltr'><strong>propter</strong></span> <span class='ocrx_word' id='word_1_129' title='bbox 1208 1711 1330 1755; x_wconf 88' lang='lat' dir='ltr'><strong>auream</strong></span> 
     </span>
     <span class='ocr_line' id='line_1_15' title="bbox 152 1716 1331 1911; baseline -0.006 -49"><span class='ocrx_word' id='word_1_130' title='bbox 152 1716 307 1911; x_wconf 46' lang='lat' dir='ltr'><strong>va</strong></span> <span class='ocrx_word' id='word_1_131' title='bbox 327 1800 455 1861; x_wconf 87' lang='lat' dir='ltr'><strong>balsami</strong></span> <span class='ocrx_word' id='word_1_132' title='bbox 477 1807 508 1860; x_wconf 90' lang='lat' dir='ltr'><strong>et</strong></span> <span class='ocrx_word' id='word_1_133' title='bbox 531 1818 621 1861; x_wconf 89' lang='lat' dir='ltr'><strong>aurea</strong></span> <span class='ocrx_word' id='word_1_134' title='bbox 643 1818 737 1879; x_wconf 80' lang='lat' dir='ltr'><strong>poma·</strong></span> <span class='ocrx_word' id='word_1_135' title='bbox 754 1801 833 1861; x_wconf 87' lang='lat' dir='ltr'><strong>horti</strong></span> <span class='ocrx_word' id='word_1_136' title='bbox 855 1800 946 1861; x_wconf 89' lang='lat' dir='ltr'><strong>illius.</strong></span> <span class='ocrx_word' id='word_1_137' title='bbox 991 1797 1189 1885; x_wconf 85' lang='lat' dir='ltr'><strong>Legimuein</strong></span> <span class='ocrx_word' id='word_1_138' title='bbox 1203 1797 1331 1875; x_wconf 89' lang='lat' dir='ltr'><strong>poeticis</strong></span> 
     </span>
    </p>
   </div>
   <div class='ocr_carea' id='block_1_4' title="bbox 152 1888 1330 2393">
    <p class='ocr_par' dir='ltr' id='par_1_4' title="bbox 152 1888 1330 2393">
     <span class='ocr_line' id='line_1_16' title="bbox 152 1888 1330 1980; baseline -0.004 -17"><span class='ocrx_word' id='word_1_139' title='bbox 152 1888 317 1980; x_wconf 83' lang='lat' dir='ltr'><strong>tigmentis,</strong></span> <span class='ocrx_word' id='word_1_140' title='bbox 348 1901 455 1964; x_wconf 85' lang='lat' dir='ltr'><strong>Jorem</strong></span> <span class='ocrx_word' id='word_1_141' title='bbox 484 1902 625 1964; x_wconf 88' lang='lat' dir='ltr'><strong>hahuisse</strong></span> <span class='ocrx_word' id='word_1_142' title='bbox 649 1919 772 1964; x_wconf 87' lang='lat' dir='ltr'><strong>auream</strong></span> <span class='ocrx_word' id='word_1_143' title='bbox 794 1904 913 1963; x_wconf 86' lang='lat' dir='ltr'><strong>vineam</strong></span> <span class='ocrx_word' id='word_1_144' title='bbox 936 1902 992 1963; x_wconf 91' lang='lat' dir='ltr'><strong>sibi</strong></span> <span class='ocrx_word' id='word_1_145' title='bbox 1014 1903 1119 1979; x_wconf 90' lang='lat' dir='ltr'><strong>utique</strong></span> <span class='ocrx_word' id='word_1_146' title='bbox 1142 1900 1330 1961; x_wconf 88' lang='lat' dir='ltr'><strong>carissimam</strong></span> 
     </span>
     <span class='ocr_line' id='line_1_17' title="bbox 154 1999 1330 2084; baseline -0.003 -20"><span class='ocrx_word' id='word_1_147' title='bbox 154 2010 186 2065; x_wconf 89' lang='lat' dir='ltr'><strong>et</strong></span> <span class='ocrx_word' id='word_1_148' title='bbox 209 2005 284 2066; x_wconf 90' lang='lat' dir='ltr'><strong>mira</strong></span> <span class='ocrx_word' id='word_1_149' title='bbox 306 2003 460 2084; x_wconf 89' lang='lat' dir='ltr'><strong>diligentia</strong></span> <span class='ocrx_word' id='word_1_150' title='bbox 483 2004 679 2077; x_wconf 88' lang='lat' dir='ltr'><strong>custoditam;</strong></span> <span class='ocrx_word' id='word_1_151' title='bbox 697 2005 781 2066; x_wconf 58' lang='lat' dir='ltr'><strong>¹lianc</strong></span> <span class='ocrx_word' id='word_1_152' title='bbox 803 2003 921 2083; x_wconf 86' lang='lat' dir='ltr'><strong>Jupiter</strong></span> <span class='ocrx_word' id='word_1_153' title='bbox 943 2003 1026 2065; x_wconf 89' lang='lat' dir='ltr'><strong>dedit</strong></span> <span class='ocrx_word' id='word_1_154' title='bbox 1049 1999 1141 2080; x_wconf 88' lang='lat' dir='ltr'><strong>Trojo</strong></span> <span class='ocrx_word' id='word_1_155' title='bbox 1164 2020 1219 2080; x_wconf 92' lang='lat' dir='ltr'><strong>pro</strong></span> <span class='ocrx_word' id='word_1_156' title='bbox 1242 2006 1330 2080; x_wconf 90' lang='lat' dir='ltr'><strong>raptu</strong></span> 
     </span>
     <span class='ocr_line' id='line_1_18' title="bbox 154 2098 1329 2191; baseline -0.004 -22"><span class='ocrx_word' id='word_1_157' title='bbox 154 2104 335 2186; x_wconf 85' lang='lat' dir='ltr'><strong>Ganymedis</strong></span> <span class='ocrx_word' id='word_1_158' title='bbox 359 2115 390 2169; x_wconf 90' lang='lat' dir='ltr'><strong>et</strong></span> <span class='ocrx_word' id='word_1_159' title='bbox 411 2126 466 2187; x_wconf 89' lang='lat' dir='ltr'><strong>per</strong></span> <span class='ocrx_word' id='word_1_160' title='bbox 489 2125 668 2169; x_wconf 89' lang='lat' dir='ltr'><strong>successum</strong></span> <span class='ocrx_word' id='word_1_161' title='bbox 689 2110 836 2187; x_wconf 90' lang='lat' dir='ltr'><strong>temporis</strong></span> <span class='ocrx_word' id='word_1_162' title='bbox 859 2098 981 2170; x_wconf 86' lang='lat' dir='ltr'><strong>devenit</strong></span> <span class='ocrx_word' id='word_1_163' title='bbox 1011 2105 1049 2168; x_wconf 87' lang='lat' dir='ltr'><strong>ad</strong></span> <span class='ocrx_word' id='word_1_164' title='bbox 1076 2104 1246 2191; x_wconf 85' lang='lat' dir='ltr'><strong>Priamum,</strong></span> <span class='ocrx_word' id='word_1_165' title='bbox 1277 2104 1329 2182; x_wconf 91' lang='lat' dir='ltr'><strong>qui</strong></span> 
     </span>
     <span class='ocr_line' id='line_1_19' title="bbox 152 2205 1330 2292; baseline -0.005 -20"><span class='ocrx_word' id='word_1_166' title='bbox 152 2211 278 2272; x_wconf 89' lang='lat' dir='ltr'><strong>audiens</strong></span> <span class='ocrx_word' id='word_1_167' title='bbox 306 2214 433 2284; x_wconf 84' lang='lat' dir='ltr'><strong>virtutes</strong></span> <span class='ocrx_word' id='word_1_168' title='bbox 456 2212 581 2290; x_wconf 90' lang='lat' dir='ltr'><strong>Euripili</strong></span> <span class='ocrx_word' id='word_1_169' title='bbox 612 2211 649 2272; x_wconf 90' lang='lat' dir='ltr'><strong>ad</strong></span> <span class='ocrx_word' id='word_1_170' title='bbox 680 2212 805 2283; x_wconf 89' lang='lat' dir='ltr'><strong>bellica,</strong></span> <span class='ocrx_word' id='word_1_171' title='bbox 834 2210 956 2292; x_wconf 88' lang='lat' dir='ltr'><strong>donarit</strong></span> <span class='ocrx_word' id='word_1_172' title='bbox 985 2212 1106 2272; x_wconf 34' lang='lat' dir='ltr'><strong>*vineam</strong></span> <span class='ocrx_word' id='word_1_173' title='bbox 1134 2209 1223 2270; x_wconf 90' lang='lat' dir='ltr'><strong>matri</strong></span> <span class='ocrx_word' id='word_1_174' title='bbox 1253 2205 1330 2283; x_wconf 89' lang='lat' dir='ltr'><strong>ejus,</strong></span> 
     </span>
     <span class='ocr_line' id='line_1_20' title="bbox 152 2307 1329 2393; baseline -0.005 -20"><span class='ocrx_word' id='word_1_175' title='bbox 152 2320 186 2374; x_wconf 92' lang='lat' dir='ltr'><strong>ut</strong></span> <span class='ocrx_word' id='word_1_176' title='bbox 216 2316 244 2374; x_wconf 93' lang='lat' dir='ltr'><strong>ei</strong></span> <span class='ocrx_word' id='word_1_177' title='bbox 273 2314 368 2375; x_wconf 87' lang='lat' dir='ltr'><strong>filium</strong></span> <span class='ocrx_word' id='word_1_178' title='bbox 397 2332 486 2374; x_wconf 92' lang='lat' dir='ltr'><strong>suum</strong></span> <span class='ocrx_word' id='word_1_179' title='bbox 514 2314 681 2393; x_wconf 88' lang='lat' dir='ltr'><strong>Euripilum</strong></span> <span class='ocrx_word' id='word_1_180' title='bbox 709 2317 843 2375; x_wconf 90' lang='lat' dir='ltr'><strong>mitteret</strong></span> <span class='ocrx_word' id='word_1_181' title='bbox 870 2315 902 2373; x_wconf 91' lang='lat' dir='ltr'><strong>in</strong></span> <span class='ocrx_word' id='word_1_182' title='bbox 931 2307 1081 2373; x_wconf 87' lang='lat' dir='ltr'><strong>auxilium.</strong></span> <span class='ocrx_word' id='word_1_183' title='bbox 1134 2311 1219 2383; x_wconf 85' lang='lat' dir='ltr'><strong>Quae</strong></span> <span class='ocrx_word' id='word_1_184' title='bbox 1249 2308 1329 2369; x_wconf 91' lang='lat' dir='ltr'><strong>dono</strong></span> 
     </span>
    </p>
   </div>
   <div class='ocr_carea' id='block_1_5' title="bbox 100 2411 1330 4346">
    <p class='ocr_par' dir='ltr' id='par_1_5' title="bbox 100 2411 1330 4346">
     <span class='ocr_line' id='line_1_21' title="bbox 100 2411 1330 2493; baseline -0.003 -19"><span class='ocrx_word' id='word_1_185' title='bbox 100 2457 109 2483; x_wconf 81' lang='lat'>‚</span> <span class='ocrx_word' id='word_1_186' title='bbox 152 2421 297 2493; x_wconf 90' lang='lat' dir='ltr'><strong>suscepto</strong></span> <span class='ocrx_word' id='word_1_187' title='bbox 319 2415 415 2475; x_wconf 89' lang='lat' dir='ltr'><strong>filium</strong></span> <span class='ocrx_word' id='word_1_188' title='bbox 437 2418 521 2476; x_wconf 89' lang='lat' dir='ltr'><strong>misit</strong></span> <span class='ocrx_word' id='word_1_189' title='bbox 543 2423 574 2476; x_wconf 90' lang='lat' dir='ltr'><strong>et</strong></span> <span class='ocrx_word' id='word_1_190' title='bbox 597 2416 691 2476; x_wconf 89' lang='lat' dir='ltr'><strong>multa</strong></span> <span class='ocrx_word' id='word_1_191' title='bbox 712 2415 868 2476; x_wconf 90' lang='lat' dir='ltr'><strong>hominum</strong></span> <span class='ocrx_word' id='word_1_192' title='bbox 900 2414 993 2474; x_wconf 89' lang='lat' dir='ltr'><strong>millia</strong></span> <span class='ocrx_word' id='word_1_193' title='bbox 1023 2421 1093 2473; x_wconf 89' lang='lat' dir='ltr'><strong>sunt</strong></span> <span class='ocrx_word' id='word_1_194' title='bbox 1122 2415 1233 2474; x_wconf 87' lang='lat' dir='ltr'><strong>occisa.</strong></span> <span class='ocrx_word' id='word_1_195' title='bbox 1279 2411 1330 2471; x_wconf 89' lang='lat' dir='ltr'><strong>Sic</strong></span> 
     </span>
     <span class='ocr_line' id='line_1_22' title="bbox 153 2499 1328 2601; baseline -0.003 -25"><span class='ocrx_word' id='word_1_196' title='bbox 153 2517 244 2576; x_wconf 89' lang='lat' dir='ltr'><strong>etiarn</strong></span> <span class='ocrx_word' id='word_1_197' title='bbox 266 2519 298 2601; x_wconf 87' lang='lat' dir='ltr'><strong>in</strong></span> <span class='ocrx_word' id='word_1_198' title='bbox 321 2516 437 2578; x_wconf 88' lang='lat' dir='ltr'><strong>eisdem</strong></span> <span class='ocrx_word' id='word_1_199' title='bbox 460 2518 587 2594; x_wconf 89' lang='lat' dir='ltr'><strong>legitur,</strong></span> <span class='ocrx_word' id='word_1_200' title='bbox 611 2499 693 2595; x_wconf 90' lang='lat' dir='ltr'><strong>quod</strong></span> <span class='ocrx_word' id='word_1_201' title='bbox 714 2516 917 2595; x_wconf 85' lang='lat' dir='ltr'><strong>Hesperides,</strong></span> <span class='ocrx_word' id='word_1_202' title='bbox 939 2522 1001 2575; x_wconf 90' lang='lat' dir='ltr'><strong>tres</strong></span> <span class='ocrx_word' id='word_1_203' title='bbox 1023 2514 1102 2576; x_wconf 87' lang='lat' dir='ltr'><strong>filiae</strong></span> <span class='ocrx_word' id='word_1_204' title='bbox 1117 2500 1254 2593; x_wconf 86' lang='lat' dir='ltr'><strong>Hesperi,</strong></span> <span class='ocrx_word' id='word_1_205' title='bbox 1276 2512 1328 2572; x_wconf 91' lang='lat' dir='ltr'><strong>ha·</strong></span> 
     </span>
     <span class='ocr_line' id='line_1_23' title="bbox 151 2599 1330 2698; baseline 0 -20"><span class='ocrx_word' id='word_1_206' title='bbox 151 2617 282 2679; x_wconf 89' lang='lat' dir='ltr'><strong>buemnt</strong></span> <span class='ocrx_word' id='word_1_207' title='bbox 304 2618 493 2690; x_wconf 84' lang='lat' dir='ltr'><strong>viridarium,</strong></span> <span class='ocrx_word' id='word_1_208' title='bbox 516 2622 547 2680; x_wconf 91' lang='lat' dir='ltr'><strong>iu</strong></span> <span class='ocrx_word' id='word_1_209' title='bbox 571 2637 631 2698; x_wconf 94' lang='lat' dir='ltr'><strong>quo</strong></span> <span class='ocrx_word' id='word_1_210' title='bbox 654 2637 744 2681; x_wconf 90' lang='lat' dir='ltr'><strong>aurea</strong></span> <span class='ocrx_word' id='word_1_211' title='bbox 767 2619 845 2680; x_wconf 91' lang='lat' dir='ltr'><strong>mala</strong></span> <span class='ocrx_word' id='word_1_212' title='bbox 867 2617 1083 2688; x_wconf 87' lang='lat' dir='ltr'><strong>nascebantur,</strong></span> <span class='ocrx_word' id='word_1_213' title='bbox 1108 2620 1156 2678; x_wconf 89' lang='lat' dir='ltr'><strong>cui</strong></span> <span class='ocrx_word' id='word_1_214' title='bbox 1172 2599 1330 2678; x_wconf 87' lang='lat' dir='ltr'><strong>custodem</strong></span> 
     </span>
     <span class='ocr_line' id='line_1_24' title="bbox 151 2719 1329 2805; baseline -0.001 -25"><span class='ocrx_word' id='word_1_215' title='bbox 151 2720 362 2799; x_wconf 86' lang='lat' dir='ltr'><strong>praeiecemnt</strong></span> <span class='ocrx_word' id='word_1_216' title='bbox 391 2725 546 2805; x_wconf 80' lang='lat' dir='ltr'><strong>ingentem</strong></span> <span class='ocrx_word' id='word_1_217' title='bbox 569 2723 732 2784; x_wconf 84' lang='lat' dir='ltr'><strong>draconem</strong></span> <span class='ocrx_word' id='word_1_218' title='bbox 755 2722 941 2801; x_wconf 88' lang='lat' dir='ltr'><strong>pervigilem.</strong></span> <span class='ocrx_word' id='word_1_219' title='bbox 989 2720 1124 2799; x_wconf 87' lang='lat' dir='ltr'><strong>Cumque</strong></span> <span class='ocrx_word' id='word_1_220' title='bbox 1147 2719 1236 2797; x_wconf 88' lang='lat' dir='ltr'><strong>hujus</strong></span> <span class='ocrx_word' id='word_1_221' title='bbox 1259 2721 1329 2780; x_wconf 85' lang='lat' dir='ltr'><strong>viri·</strong></span> 
     </span>
     <span class='ocr_line' id='line_1_25' title="bbox 122 2821 1328 2906; baseline -0.002 -23"><span class='ocrx_word' id='word_1_222' title='bbox 122 2821 125 2828; x_wconf 83' lang='lat'>&#39;</span> <span class='ocrx_word' id='word_1_223' title='bbox 151 2823 226 2884; x_wconf 89' lang='lat' dir='ltr'><strong>darii</strong></span> <span class='ocrx_word' id='word_1_224' title='bbox 248 2824 327 2885; x_wconf 83' lang='lat' dir='ltr'><strong>lama</strong></span> <span class='ocrx_word' id='word_1_225' title='bbox 350 2825 388 2886; x_wconf 90' lang='lat' dir='ltr'><strong>ad</strong></span> <span class='ocrx_word' id='word_1_226' title='bbox 410 2825 604 2888; x_wconf 84' lang='lat' dir='ltr'><strong>Euristheum</strong></span> <span class='ocrx_word' id='word_1_227' title='bbox 627 2829 829 2906; x_wconf 89' lang='lat' dir='ltr'><strong>pervenisset,</strong></span> <span class='ocrx_word' id='word_1_228' title='bbox 860 2842 1019 2904; x_wconf 85' lang='lat' dir='ltr'><strong>pomorum</strong></span> <span class='ocrx_word' id='word_1_229' title='bbox 1041 2822 1192 2884; x_wconf 92' lang='lat' dir='ltr'><strong>desiderio</strong></span> <span class='ocrx_word' id='word_1_230' title='bbox 1215 2828 1328 2882; x_wconf 88' lang='lat' dir='ltr'><strong>tractus</strong></span> 
     </span>
     <span class='ocr_line' id='line_1_26' title="bbox 152 2925 1330 3007; baseline -0.001 -22"><span class='ocrx_word' id='word_1_231' title='bbox 152 2929 235 2987; x_wconf 89' lang='lat' dir='ltr'><strong>misit</strong></span> <span class='ocrx_word' id='word_1_232' title='bbox 256 2927 434 2999; x_wconf 86' lang='lat' dir='ltr'><strong>Herculem,</strong></span> <span class='ocrx_word' id='word_1_233' title='bbox 464 2936 496 2989; x_wconf 96' lang='lat' dir='ltr'><strong>ut</strong></span> <span class='ocrx_word' id='word_1_234' title='bbox 525 2931 603 2991; x_wconf 91' lang='lat' dir='ltr'><strong>mala</strong></span> <span class='ocrx_word' id='word_1_235' title='bbox 631 2930 682 2990; x_wconf 90' lang='lat' dir='ltr'><strong>illa</strong></span> <span class='ocrx_word' id='word_1_236' title='bbox 713 2927 886 3007; x_wconf 84' lang='lat' dir='ltr'><strong>surriperet.</strong></span> <span class='ocrx_word' id='word_1_237' title='bbox 934 2926 992 2999; x_wconf 88' lang='lat' dir='ltr'><strong>Qui</strong></span> <span class='ocrx_word' id='word_1_238' title='bbox 1020 2929 1144 2988; x_wconf 88' lang='lat' dir='ltr'><strong>veniens</strong></span> <span class='ocrx_word' id='word_1_239' title='bbox 1175 2925 1330 2985; x_wconf 89' lang='lat' dir='ltr'><strong>interemit</strong></span> 
     </span>
     <span class='ocr_line' id='line_1_27' title="bbox 151 3013 1327 3114; baseline -0.002 -25"><span class='ocrx_word' id='word_1_240' title='bbox 151 3028 326 3102; x_wconf 89' lang='lat' dir='ltr'><strong>draconem,</strong></span> <span class='ocrx_word' id='word_1_241' title='bbox 349 3030 469 3103; x_wconf 87' lang='lat' dir='ltr'><strong>hortum</strong></span> <span class='ocrx_word' id='word_1_242' title='bbox 491 3013 612 3094; x_wconf 89' lang='lat' dir='ltr'><strong>intravit</strong></span> <span class='ocrx_word' id='word_1_243' title='bbox 635 3039 666 3092; x_wconf 92' lang='lat' dir='ltr'><strong>et</strong></span> <span class='ocrx_word' id='word_1_244' title='bbox 688 3033 770 3094; x_wconf 88' lang='lat' dir='ltr'><strong>mala</strong></span> <span class='ocrx_word' id='word_1_245' title='bbox 788 3032 926 3114; x_wconf 88' lang='lat' dir='ltr'><strong>sustulit,</strong></span> <span class='ocrx_word' id='word_1_246' title='bbox 949 3036 1040 3108; x_wconf 89' lang='lat' dir='ltr'><strong>atque</strong></span> <span class='ocrx_word' id='word_1_247' title='bbox 1054 3030 1193 3090; x_wconf 88' lang='lat' dir='ltr'><strong>Euristeo</strong></span> <span class='ocrx_word' id='word_1_248' title='bbox 1209 3027 1327 3088; x_wconf 85' lang='lat' dir='ltr'><strong>detulit.</strong></span> 
     </span>
     <span class='ocr_line' id='line_1_28' title="bbox 151 3123 1327 3213; baseline 0.001 -22"><span class='ocrx_word' id='word_1_249' title='bbox 151 3131 216 3192; x_wconf 88' lang='lat' dir='ltr'><strong>Hoc</strong></span> <span class='ocrx_word' id='word_1_250' title='bbox 238 3132 351 3194; x_wconf 88' lang='lat' dir='ltr'><strong>lactum</strong></span> <span class='ocrx_word' id='word_1_251' title='bbox 373 3136 453 3194; x_wconf 90' lang='lat' dir='ltr'><strong>iuter</strong></span> <span class='ocrx_word' id='word_1_252' title='bbox 477 3138 602 3196; x_wconf 89' lang='lat' dir='ltr'><strong>virtutes</strong></span> <span class='ocrx_word' id='word_1_253' title='bbox 618 3135 760 3198; x_wconf 74' lang='lat' dir='ltr'><strong>Herculis.</strong></span> <span class='ocrx_word' id='word_1_254' title='bbox 780 3138 954 3213; x_wconf 85' lang='lat' dir='ltr'><strong>numeratur</strong></span> <span class='ocrx_word' id='word_1_255' title='bbox 977 3150 1046 3192; x_wconf 91' lang='lat' dir='ltr'><strong>esse</strong></span> <span class='ocrx_word' id='word_1_256' title='bbox 1062 3130 1139 3193; x_wconf 84' lang='lat' dir='ltr'><strong>xlv.</strong></span> <span class='ocrx_word' id='word_1_257' title='bbox 1185 3123 1236 3191; x_wconf 86' lang='lat' dir='ltr'><strong>Sic</strong></span> <span class='ocrx_word' id='word_1_258' title='bbox 1257 3149 1327 3211; x_wconf 91' lang='lat' dir='ltr'><strong>pro-</strong></span> 
     </span>
     <span class='ocr_line' id='line_1_29' title="bbox 150 3229 1326 3314; baseline -0.001 -21"><span class='ocrx_word' id='word_1_259' title='bbox 150 3232 230 3295; x_wconf 82' lang='lat' dir='ltr'><strong>fecto</strong></span> <span class='ocrx_word' id='word_1_260' title='bbox 252 3229 431 3304; x_wconf 88' lang='lat' dir='ltr'><strong>hortusille</strong></span> <span class='ocrx_word' id='word_1_261' title='bbox 456 3246 589 3299; x_wconf 87' lang='lat' dir='ltr'><strong>meretur</strong></span> <span class='ocrx_word' id='word_1_262' title='bbox 613 3257 681 3299; x_wconf 87' lang='lat' dir='ltr'><strong>esse</strong></span> <span class='ocrx_word' id='word_1_263' title='bbox 705 3232 825 3298; x_wconf 84' lang='lat' dir='ltr'><strong>clausus</strong></span> <span class='ocrx_word' id='word_1_264' title='bbox 849 3244 879 3297; x_wconf 91' lang='lat' dir='ltr'><strong>et</strong></span> <span class='ocrx_word' id='word_1_265' title='bbox 895 3233 1002 3296; x_wconf 87' lang='lat' dir='ltr'><strong>melius</strong></span> <span class='ocrx_word' id='word_1_266' title='bbox 1019 3237 1152 3295; x_wconf 91' lang='lat' dir='ltr'><strong>munitus</strong></span> <span class='ocrx_word' id='word_1_267' title='bbox 1169 3229 1235 3314; x_wconf 79' lang='lat' dir='ltr'><strong>(b).</strong></span> <span class='ocrx_word' id='word_1_268' title='bbox 1269 3233 1326 3312; x_wconf 92' lang='lat' dir='ltr'><strong>lgi-</strong></span> 
     </span>
     <span class='ocr_line' id='line_1_30' title="bbox 149 3339 1328 3420; baseline -0.002 -24"><span class='ocrx_word' id='word_1_269' title='bbox 149 3342 289 3398; x_wconf 83' lang='lat' dir='ltr'><strong>tutante</strong></span> <span class='ocrx_word' id='word_1_270' title='bbox 320 3340 463 3400; x_wconf 89' lang='lat' dir='ltr'><strong>ostiolum</strong></span> <span class='ocrx_word' id='word_1_271' title='bbox 497 3342 637 3404; x_wconf 86' lang='lat' dir='ltr'><strong>stetimus</strong></span> <span class='ocrx_word' id='word_1_272' title='bbox 668 3343 839 3420; x_wconf 88' lang='lat' dir='ltr'><strong>ingressum</strong></span> <span class='ocrx_word' id='word_1_273' title='bbox 868 3339 1102 3418; x_wconf 82' lang='lat' dir='ltr'><strong>praestolantes3</strong></span> <span class='ocrx_word' id='word_1_274' title='bbox 1134 3343 1328 3397; x_wconf 88' lang='lat' dir='ltr'><strong>accurrerunt</strong></span> 
     </span>
     <span class='ocr_line' id='line_1_31' title="bbox 150 3422 1327 3522; baseline -0.002 -23"><span class='ocrx_word' id='word_1_275' title='bbox 150 3446 251 3500; x_wconf 92' lang='lat' dir='ltr'><strong>autem</strong></span> <span class='ocrx_word' id='word_1_276' title='bbox 272 3440 423 3503; x_wconf 82' lang='lat' dir='ltr'><strong>foeminae</strong></span> <span class='ocrx_word' id='word_1_277' title='bbox 446 3443 606 3504; x_wconf 91' lang='lat' dir='ltr'><strong>custodum</strong></span> <span class='ocrx_word' id='word_1_278' title='bbox 629 3450 662 3504; x_wconf 91' lang='lat' dir='ltr'><strong>et</strong></span> <span class='ocrx_word' id='word_1_279' title='bbox 682 3445 799 3522; x_wconf 89' lang='lat' dir='ltr'><strong>parvuli</strong></span> <span class='ocrx_word' id='word_1_280' title='bbox 821 3443 1008 3521; x_wconf 89' lang='lat' dir='ltr'><strong>postulantes</strong></span> <span class='ocrx_word' id='word_1_281' title='bbox 1032 3461 1048 3504; x_wconf 90' lang='lat' dir='ltr'><strong>a</strong></span> <span class='ocrx_word' id='word_1_282' title='bbox 1071 3422 1157 3502; x_wconf 85' lang='lat' dir='ltr'><strong>uobis</strong></span> <span class='ocrx_word' id='word_1_283' title='bbox 1181 3439 1327 3499; x_wconf 86' lang='lat' dir='ltr'><strong>curtosias</strong></span> 
     </span>
     <span class='ocr_line' id='line_1_32' title="bbox 149 3542 1327 3619; baseline -0.003 -16"><span class='ocrx_word' id='word_1_284' title='bbox 149 3542 263 3604; x_wconf 87' lang='lat' dir='ltr'><strong>bibales</strong></span> <span class='ocrx_word' id='word_1_285' title='bbox 287 3550 318 3604; x_wconf 89' lang='lat' dir='ltr'><strong>et</strong></span> <span class='ocrx_word' id='word_1_286' title='bbox 340 3546 499 3615; x_wconf 83' lang='lat' dir='ltr'><strong>solvimus3</strong></span> <span class='ocrx_word' id='word_1_287' title='bbox 523 3544 632 3610; x_wconf 88' lang='lat' dir='ltr'><strong>deiude</strong></span> <span class='ocrx_word' id='word_1_288' title='bbox 655 3544 943 3607; x_wconf 84' lang='lat' dir='ltr'><strong>Trutschelmannus</strong></span> <span class='ocrx_word' id='word_1_289' title='bbox 967 3547 1069 3609; x_wconf 90' lang='lat' dir='ltr'><strong>divisit</strong></span> <span class='ocrx_word' id='word_1_290' title='bbox 1082 3561 1137 3604; x_wconf 91' lang='lat' dir='ltr'><strong>nos</strong></span> <span class='ocrx_word' id='word_1_291' title='bbox 1153 3544 1185 3602; x_wconf 92' lang='lat' dir='ltr'><strong>in</strong></span> <span class='ocrx_word' id='word_1_292' title='bbox 1199 3547 1327 3619; x_wconf 91' lang='lat' dir='ltr'><strong>quatuor</strong></span> 
     </span>
     <span class='ocr_line' id='line_1_33' title="bbox 150 3633 1325 3725; baseline -0.003 -19"><span class='ocrx_word' id='word_1_293' title='bbox 150 3652 269 3725; x_wconf 90' lang='lat' dir='ltr'><strong>parles,</strong></span> <span class='ocrx_word' id='word_1_294' title='bbox 298 3648 406 3725; x_wconf 92' lang='lat' dir='ltr'><strong>quinos</strong></span> <span class='ocrx_word' id='word_1_295' title='bbox 430 3653 461 3707; x_wconf 92' lang='lat' dir='ltr'><strong>et</strong></span> <span class='ocrx_word' id='word_1_296' title='bbox 484 3648 591 3725; x_wconf 92' lang='lat' dir='ltr'><strong>quinos</strong></span> <span class='ocrx_word' id='word_1_297' title='bbox 615 3647 722 3718; x_wconf 91' lang='lat' dir='ltr'><strong>simul,</strong></span> <span class='ocrx_word' id='word_1_298' title='bbox 755 3648 861 3709; x_wconf 91' lang='lat' dir='ltr'><strong>nolens</strong></span> <span class='ocrx_word' id='word_1_299' title='bbox 883 3633 974 3709; x_wconf 88' lang='lat' dir='ltr'><strong>simul</strong></span> <span class='ocrx_word' id='word_1_300' title='bbox 996 3657 1029 3710; x_wconf 91' lang='lat' dir='ltr'><strong>ut</strong></span> <span class='ocrx_word' id='word_1_301' title='bbox 1051 3664 1157 3708; x_wconf 89' lang='lat' dir='ltr'><strong>omues</strong></span> <span class='ocrx_word' id='word_1_302' title='bbox 1185 3642 1325 3723; x_wconf 88' lang='lat' dir='ltr'><strong>ingrede-</strong></span> 
     </span>
     <span class='ocr_line' id='line_1_34' title="bbox 150 3748 1325 3831; baseline -0.002 -23"><span class='ocrx_word' id='word_1_303' title='bbox 150 3765 266 3820; x_wconf 90' lang='lat' dir='ltr'><strong>remur,</strong></span> <span class='ocrx_word' id='word_1_304' title='bbox 289 3748 343 3809; x_wconf 88' lang='lat' dir='ltr'><strong>sed</strong></span> <span class='ocrx_word' id='word_1_305' title='bbox 367 3750 465 3810; x_wconf 92' lang='lat' dir='ltr'><strong>solum</strong></span> <span class='ocrx_word' id='word_1_306' title='bbox 488 3753 620 3829; x_wconf 92' lang='lat' dir='ltr'><strong>quinque</strong></span> <span class='ocrx_word' id='word_1_307' title='bbox 644 3751 735 3812; x_wconf 91' lang='lat' dir='ltr'><strong>simul</strong></span> <span class='ocrx_word' id='word_1_308' title='bbox 759 3758 789 3812; x_wconf 87' lang='lat' dir='ltr'><strong>et</strong></span> <span class='ocrx_word' id='word_1_309' title='bbox 811 3751 870 3811; x_wconf 93' lang='lat' dir='ltr'><strong>illis</strong></span> <span class='ocrx_word' id='word_1_310' title='bbox 894 3750 1041 3831; x_wconf 78' lang='lat' dir='ltr'><strong>expeditis</strong></span> <span class='ocrx_word' id='word_1_311' title='bbox 1064 3751 1114 3810; x_wconf 91' lang='lat' dir='ltr'><strong>alii</strong></span> <span class='ocrx_word' id='word_1_312' title='bbox 1133 3751 1265 3828; x_wconf 90' lang='lat' dir='ltr'><strong>quinque</strong></span> <span class='ocrx_word' id='word_1_313' title='bbox 1280 3748 1325 3806; x_wconf 90' lang='lat' dir='ltr'><strong>in-</strong></span> 
     </span>
     <span class='ocr_line' id='line_1_35' title="bbox 149 3850 1326 3933; baseline -0.002 -22"><span class='ocrx_word' id='word_1_314' title='bbox 149 3850 349 3928; x_wconf 89' lang='lat' dir='ltr'><strong>grederentur</strong></span> <span class='ocrx_word' id='word_1_315' title='bbox 370 3855 501 3930; x_wconf 90' lang='lat' dir='ltr'><strong>egressis</strong></span> <span class='ocrx_word' id='word_1_316' title='bbox 524 3854 598 3925; x_wconf 84' lang='lat' dir='ltr'><strong>illis3</strong></span> <span class='ocrx_word' id='word_1_317' title='bbox 622 3854 774 3933; x_wconf 89' lang='lat' dir='ltr'><strong>prohibuit</strong></span> <span class='ocrx_word' id='word_1_318' title='bbox 796 3855 901 3925; x_wconf 88' lang='lat' dir='ltr'><strong>etiam,</strong></span> <span class='ocrx_word' id='word_1_319' title='bbox 931 3852 1012 3931; x_wconf 93' lang='lat' dir='ltr'><strong>quod</strong></span> <span class='ocrx_word' id='word_1_320' title='bbox 1033 3850 1237 3931; x_wconf 84' lang='lat' dir='ltr'><strong>ingredientes</strong></span> <span class='ocrx_word' id='word_1_321' title='bbox 1266 3866 1326 3909; x_wconf 93' lang='lat' dir='ltr'><strong>non</strong></span> 
     </span>
     <span class='ocr_line' id='line_1_36' title="bbox 150 3938 1327 4034; baseline -0.004 -20"><span class='ocrx_word' id='word_1_322' title='bbox 150 3954 323 4033; x_wconf 88' lang='lat' dir='ltr'><strong>acciperent</strong></span> <span class='ocrx_word' id='word_1_323' title='bbox 353 3957 432 4015; x_wconf 89' lang='lat' dir='ltr'><strong>intus</strong></span> <span class='ocrx_word' id='word_1_324' title='bbox 464 3938 627 4034; x_wconf 92' lang='lat' dir='ltr'><strong>quidquam</strong></span> <span class='ocrx_word' id='word_1_325' title='bbox 656 3975 713 4017; x_wconf 91' lang='lat' dir='ltr'><strong>nec</strong></span> <span class='ocrx_word' id='word_1_326' title='bbox 742 3957 812 4022; x_wconf 87' lang='lat' dir='ltr'><strong>iolia</strong></span> <span class='ocrx_word' id='word_1_327' title='bbox 841 3962 893 4017; x_wconf 88' lang='lat' dir='ltr'><strong>ant</strong></span> <span class='ocrx_word' id='word_1_328' title='bbox 914 3956 1102 4016; x_wconf 90' lang='lat' dir='ltr'><strong>ramusculos</strong></span> <span class='ocrx_word' id='word_1_329' title='bbox 1126 3953 1327 4031; x_wconf 85' lang='lat' dir='ltr'><strong>decerperent</strong></span> 
     </span>
     <span class='ocr_line' id='line_1_37' title="bbox 150 4050 1326 4137; baseline 0.001 -23"><span class='ocrx_word' id='word_1_330' title='bbox 150 4061 201 4115; x_wconf 87' lang='lat' dir='ltr'><strong>aut</strong></span> <span class='ocrx_word' id='word_1_331' title='bbox 223 4050 398 4118; x_wconf 85' lang='lat' dir='ltr'><strong>vellicarent</strong></span> <span class='ocrx_word' id='word_1_332' title='bbox 420 4057 458 4119; x_wconf 91' lang='lat' dir='ltr'><strong>ad</strong></span> <span class='ocrx_word' id='word_1_333' title='bbox 480 4057 700 4137; x_wconf 89' lang='lat' dir='ltr'><strong>deportandum</strong></span> <span class='ocrx_word' id='word_1_334' title='bbox 752 4059 910 4122; x_wconf 57' lang='lat' dir='ltr'><strong>Patefacto&gt;</strong></span> <span class='ocrx_word' id='word_1_335' title='bbox 939 4076 1011 4137; x_wconf 91' lang='lat' dir='ltr'><strong>ergo</strong></span> <span class='ocrx_word' id='word_1_336' title='bbox 1041 4056 1150 4118; x_wconf 91' lang='lat' dir='ltr'><strong>ostiolo</strong></span> <span class='ocrx_word' id='word_1_337' title='bbox 1183 4057 1326 4116; x_wconf 88' lang='lat' dir='ltr'><strong>assumsit</strong></span> 
     </span>
     <span class='ocr_line' id='line_1_38' title="bbox 150 4158 1325 4243; baseline -0.003 -22"><span class='ocrx_word' id='word_1_338' title='bbox 150 4158 440 4222; x_wconf 88' lang='lat' dir='ltr'><strong>Trutschelmaunus</strong></span> <span class='ocrx_word' id='word_1_339' title='bbox 463 4165 595 4241; x_wconf 91' lang='lat' dir='ltr'><strong>quinque</strong></span> <span class='ocrx_word' id='word_1_340' title='bbox 618 4165 733 4243; x_wconf 92' lang='lat' dir='ltr'><strong>primos</strong></span> <span class='ocrx_word' id='word_1_341' title='bbox 752 4164 929 4243; x_wconf 90' lang='lat' dir='ltr'><strong>peregrinos</strong></span> <span class='ocrx_word' id='word_1_342' title='bbox 946 4169 976 4222; x_wconf 90' lang='lat' dir='ltr'><strong>et</strong></span> <span class='ocrx_word' id='word_1_343' title='bbox 990 4161 1153 4222; x_wconf 82' lang='lat' dir='ltr'><strong>introduxit</strong></span> <span class='ocrx_word' id='word_1_344' title='bbox 1168 4161 1198 4218; x_wconf 91' lang='lat' dir='ltr'><strong>iu</strong></span> <span class='ocrx_word' id='word_1_345' title='bbox 1214 4175 1325 4228; x_wconf 89' lang='lat' dir='ltr'><strong>aream,</strong></span> 
     </span>
     <span class='ocr_line' id='line_1_39' title="bbox 151 4258 1325 4346; baseline -0.003 -24"><span class='ocrx_word' id='word_1_346' title='bbox 151 4262 294 4324; x_wconf 89' lang='lat' dir='ltr'><strong>claudens</strong></span> <span class='ocrx_word' id='word_1_347' title='bbox 316 4266 428 4326; x_wconf 89' lang='lat' dir='ltr'><strong>ostium</strong></span> <span class='ocrx_word' id='word_1_348' title='bbox 449 4284 542 4346; x_wconf 90' lang='lat' dir='ltr'><strong>super</strong></span> <span class='ocrx_word' id='word_1_349' title='bbox 564 4283 598 4328; x_wconf 89' lang='lat' dir='ltr'><strong>se</strong></span> <span class='ocrx_word' id='word_1_350' title='bbox 622 4273 654 4327; x_wconf 91' lang='lat' dir='ltr'><strong>et</strong></span> <span class='ocrx_word' id='word_1_351' title='bbox 675 4265 809 4328; x_wconf 88' lang='lat' dir='ltr'><strong>ostendit</strong></span> <span class='ocrx_word' id='word_1_352' title='bbox 824 4265 869 4324; x_wconf 90' lang='lat' dir='ltr'><strong>eis</strong></span> <span class='ocrx_word' id='word_1_353' title='bbox 883 4265 1049 4343; x_wconf 88' lang='lat' dir='ltr'><strong>plantulam</strong></span> <span class='ocrx_word' id='word_1_354' title='bbox 1064 4263 1239 4345; x_wconf 85' lang='lat' dir='ltr'><strong>pretiosam.</strong></span> <span class='ocrx_word' id='word_1_355' title='bbox 1274 4258 1325 4319; x_wconf 91' lang='lat' dir='ltr'><strong>Sic</strong></span> 
     </span>
    </p>
   </div>
   <div class='ocr_carea' id='block_1_6' title="bbox 0 0 1442 4770">
    <p class='ocr_par' dir='ltr' id='par_1_6' title="bbox 0 0 1442 4770">
     <span class='ocr_line' id='line_1_40' title="bbox 0 0 1442 4770; baseline 0 1"><span class='ocrx_word' id='word_1_356' title='bbox 0 0 1442 4770; x_wconf 95' lang='lat' dir='ltr'><strong> </strong></span> 
     </span>
    </p>
   </div>
  </div>
 </body>
</html>
