2874 4770
687 193 754 264 223

128 379 259 437 mortem
282 372 456 439 translatam
479 371 574 433 luisse
599 369 689 433 rudes
712 368 886 443 credidere3
910 369 1082 450 diligentius
1105 379 1137 434 et
1159 375 1306 436 curiosius

129 478 334 559 perambulavi
357 483 388 538 01
411 478 567 556 perspexi,
600 483 629 537 ct
653 481 770 554 petram
799 476 831 535 in
860 474 961 536 littore
984 483 1138 537 extensam
1160 479 1192 538 in
1214 495 1307 550 mare,

129 601 220 663 quam
242 581 346 644 Venus
370 599 530 660 emergens
553 583 651 660 primo
671 579 885 659 apprehendit,
908 586 941 641 ut
964 580 1087 653 dicitur,
1109 581 1178 653 vidi,
1202 588 1233 641 et
1255 599 1306 642 su·

128 705 184 766 per
215 703 284 747 eam
315 684 381 745 sedi
412 685 564 745 admirans
596 685 786 762 antiquorum
818 684 965 744 fictiones.
1011 684 1074 745 Sed
1096 685 1211 747 diceret
1233 686 1308 748 mibi

128 790 234 869 aliquis
254 789 348 850 irater
362 793 514 848 maturus:
538 794 572 848 ut
595 787 680 874 quid,
704 786 797 847 frater
819 787 876 858 mi,
901 790 1075 865 quaesivisti
1097 789 1163 850 loca
1179 789 1305 852 Veneris

128 896 257 958 visitatis
288 893 372 954 locis,
397 894 525 964 sanctis,
560 909 637 970 quae
661 892 820 953 conventio
851 890 926 950 lucis
951 889 988 950 ad
1009 888 1125 953 Belial?
1158 893 1306 973 numquid

124 1000 317 1073 ¹conscientia
340 1004 392 1058 tua
416 997 599 1076 curiositatis
614 997 686 1058 vitio
709 1001 740 1055 te
758 992 874 1072 arguit?
898 994 1083 1072 Responsio:
1108 997 1175 1058 Non
1197 1000 1305 1072 solum,

127 1103 222 1170 trater
243 1103 370 1174 dilecte,
393 1104 424 1162 in
446 1100 498 1162 1110
523 1101 727 1161 conscientiae
750 1096 881 1159 stimulis
901 1117 1034 1177 pungor,
1059 1099 1167 1161 sedin
1190 1103 1304 1163 actibus

129 1206 224 1269 multo
247 1199 431 1269 melioribus.
477 1193 715 1267 Verumtamen
738 1190 846 1283 spero,
877 1204 954 1264 hanc
977 1205 1182 1266 curiositatem
1205 1208 1304 1268 erimi-

129 1311 237 1372 nalemv
252 1329 311 1371 non
337 1328 423 1382 csse,
455 1328 525 1370 curn
547 1309 657 1370 similia
679 1308 835 1387 gentilium
853 1306 944 1388 (151
963 1304 1006 1384 a)
1030 1307 1096 1370 loca
1119 1317 1150 1370 et
1172 1318 1308 1375 monstra

128 1417 222 1477 etiam
244 1415 346 1476 Sancti
377 1406 498 1476 videndi
526 1431 616 1474 causa
646 1413 756 1474 adiisse
791 1411 938 1490 legantur.
983 1412 1060 1472 Nam
1089 1415 1118 1473 11
1150 1413 1304 1478 1111010110

129 1518 293 1592 Clementis
313 1516 456 1595 legitur,
496 1522 527 1577 et
562 1516 688 1576 habetur
722 1517 754 1574 in
782 1513 914 1592 Speculo
946 1513 1015 1576 hist.
1048 1513 1082 1576 L.
1118 1513 1154 1579 11.
1181 1518 1216 1578 C.
1241 1515 1304 1592 26„

128 1622 210 1702 quod
240 1621 312 1683 dum
334 1621 366 1681 S.
390 1619 498 1681 Petrus
530 1622 561 1679 in
582 1618 760 1693 Ancborado
792 1626 875 1679 esset
905 1617 1146 1700 audivissetquc,
1175 1625 1305 1688 insulam

129 1725 165 1788 ad
182 1744 234 1787 001
250 1725 385 1785 1111110110
404 1725 582 1796 (1101011011,
598 1726 636 1783 11
653 1740 711 1802 qua
726 1722 884 1783 columnae
899 1725 1015 1785 vitreae
1030 1726 1197 1788 immensae
1220 1746 1303 1810 mag-

128 1828 272 1891 nitudinis
296 1836 326 1889 et
350 1829 493 1889 mirabilis
510 1829 645 1907 picturae
670 1835 700 1888 et
723 1828 824 1905 operis
849 1834 966 1899 essent,
990 1832 1084 1906 gratia
1099 1832 1220 1894 videndi
1237 1835 1303 1895 illas

128 1935 283 1996 columnas
306 1952 375 1995 cum
400 1915 553 2012 discipulis
577 1934 726 2010 navigavit
749 1934 779 1992 in
812 1932 942 1993 insulam
972 1935 1189 2016 columnasque
1216 1941 1304 2001 mira·
1339 1958 1341 1967 ’

128 2045 185 2103 tus¹
199 2040 330 2117 aspexit,
355 2037 445 2098 simul
468 2045 500 2099 et
522 2037 661 2116 discipuli
684 2035 759 2114 ejus.
791 2034 915 2114 Legitur
938 2040 1028 2099 etiam
1043 2041 1074 2100 in
1090 2042 1158 2103 vitis
1176 2049 1304 2121 patrum,

129 2142 211 2222 quod
241 2124 363 2221 quidam
393 2142 478 2229 lopus
511 2143 610 2202 estin
641 2142 777 2202 interiori
800 2140 938 2214 (1000110,
971 2141 1060 2223 longe
1092 2145 1127 2206 ab
1149 2146 1310 2213 hominum.

128 2247 310 2317 habitatione
340 2252 492 2317 00110110,
523 2246 553 2304 11
582 2263 642 2323 quo
665 2252 729 2305 erat
751 2244 856 2304 hortus
881 2243 1033 2322 quadratis
1062 2247 1209 2327 lapidibus
1233 2269 1304 2311 oon-

128 2355 261 2411 structus
290 2356 321 2410 et
341 2351 432 2412 variis
456 2348 617 2409 arbustulis
641 2349 810 2409 aromaticis
837 2350 987 2421 consitus,
1011 2356 1121 2429 puteus
1136 2357 1228 2416 etiam
1251 2355 1305 2417 de·

129 2455 275 2516 lectabilis
297 2456 338 2516 ibi
362 2462 443 2526 0101,
469 2461 503 2515 ⁴et
526 2453 655 2514 multum
677 2470 801 2524 aurum,
833 2461 992 2531 argentum
1024 2462 1056 2516 et
1086 2456 1201 2536 lapides
1235 2480 1304 2541 pre-

128 2560 200 2621 liosi
223 2561 361 2620 0101111
383 2558 471 2618 horto
494 2556 545 2617 illo
574 2556 738 2628 reconditi,
771 2562 801 2616 et
830 2558 923 2618 multa
958 2561 1032 2620 mira
1062 2560 1238 2627 dicebantur
1267 2566 1305 2628 de

127 2662 215 2723 horto
247 2663 308 2723 illo.
353 2660 440 2722 Hunc
471 2666 572 2722 autem
603 2663 725 2725 hortum
759 2666 986 2724 construxerant
1015 2664 1074 2727 duo
1108 2670 1307 2749 perditissimi

127 2767 208 2845 magi
229 2766 407 2841 Pharaonis,
430 2763 541 2826 lannes
565 2773 596 2827 et
617 2763 786 2837 Mambres,
810 2774 841 2827 et
864 2767 921 2828 sibi
944 2771 975 2829 in
999 2789 1035 2832 00
1058 2774 1228 2852 sepulturas
1251 2795 1304 2855 pa·

127 2873 281 2942 taverunt,
306 2877 339 2931 ut
361 2876 431 2948 post
455 2875 585 2930 mortem
608 2888 693 2931 suam
715 2870 756 2930 ibi
786 2877 941 2952 tamquam
963 2876 993 2936 in
1016 2878 1155 2956 paradiso
1187 2868 1304 2944 deliciis

127 2975 306 3046 fruerentur.
353 2974 429 3034 Cum
452 2981 554 3035 autem
584 2977 695 3037 mortui
718 2983 838 3050 esseut,
870 2997 939 3040 mou
961 2985 1045 3060 ,rapti
1069 3001 1105 3044 01(
1126 2970 1305 3066 Aegyptoa

127 3078 324 3141 daemonibus
355 3080 386 3139 11
419 3079 476 3138 hoe
506 3078 574 3140 loco
603 3080 638 3139 ab
673 3083 717 3140 010
747 3082 857 3160 sepulti
882 3092 961 3146 sunt.
991 3086 1029 3148 lli
1053 3088 1112 3150 duo
1146 3094 1224 3171 magi
1246 3091 1304 3151 soli

127 3185 304 3252 restiterunt
325 3180 441 3261 Moysi,
465 3181 537 3243 dum
559 3188 733 3262 percuteret
747 3183 919 3266 Aegyptum
934 3190 1081 3254 Dominus
1104 3212 1159 3272 per
1182 3212 1305 3256 manum

127 3285 203 3364 ejus,
227 3285 265 3346 de
289 3286 395 3364 quibus
411 3284 575 3365 Apostolus
598 3285 628 3351 2.
646 3286 777 3350 Timoth.
802 3290 849 3352 111.
874 3293 1023 3372 loquitur,
1047 3305 1078 3358 et
1094 3299 1241 3361 Eusebius
1265 3300 1304 3362 de

127 3406 263 3469 praepar.
288 3391 430 3469 Evangel.
454 3388 487 3452 L.
511 3389 561 3455 1Χ.
585 3391 617 3451 C.
642 3389 672 3456 3.
704 3391 838 3455 Audiens
872 3406 973 3459 autem
1002 3405 1211 3488 sanptissimus
1237 3402 1304 3467 Ma·

128 3494 226 3553 carius
258 3495 359 3554 eremi
387 3493 484 3554 cultor
520 3494 733 3558 devotissimus
770 3498 807 3559 de
843 3500 911 3561 loco
942 3503 1010 3577 illo,
1041 3508 1191 3583 quomodo
1221 3515 1304 3570 esset

127 3595 276 3657 inadibilis
300 3604 330 3657 et
345 3597 506 3669 mirabilis,
531 3602 670 3677 concepit
687 3599 871 3663 desiderium
886 3605 1008 3668 videndi
1030 3608 1139 3683 locum,
1163 3613 1218 3674 sed
1234 3614 1304 3692 quia
1350 3665 1353 3679 .

126 3701 206 3762 riam
228 3702 399 3780 ignorabat,
423 3700 536 3762 fascem
560 3702 745 3764 calamorum
768 3722 872 3767 secum
894 3711 1044 3786 portabat,
1074 3722 1105 3777 et
1128 3735 1183 3795 per
1206 3720 1303 3780 mille.

109 3821 183 3884 ‚nos
216 3823 324 3891 passus
348 3806 482 3884 singulos
514 3807 598 3885 figuit
621 3804 715 3888 (lixit),
739 3828 798 3888 quo
831 3801 961 3875 facilius
978 3817 1054 3878 haec
1083 3822 1167 3901 signa
1198 3825 1303 3889 videns

126 3925 263 3970 remeare
285 3916 398 3989 posset.
444 3908 502 3970 Per
524 3930 634 3972 novem
657 3915 748 3991 igitur
770 3915 834 3976 dies
857 3919 964 3980 itinere
989 3921 1127 3984 confecto
1151 3926 1226 3988 locis
1251 3947 1303 4008 ap-

126 4014 355 4091 propinquavit,
385 4016 434 4075 011
456 4014 664 4084 ferocissimus
688 4017 816 4081 daemon
841 4025 1010 4101 quiescenti
1043 4027 1173 4089 calamos
1197 4049 1305 4096 omnes

127 4131 164 4176 01(
187 4119 316 4195 propriis
339 4119 415 4179 locis
438 4119 585 4180 collectos
610 4119 646 4180 ad
670 4132 760 4204 caput
781 4129 897 4206 posuit,
921 4147 1051 4209 cumque
1069 4132 1190 4195 hortum
1210 4138 1303 4201 intra·

127 4224 184 4292 ret,
208 4217 291 4290 CXX
312 4220 478 4286 daemones
509 4225 588 4286 siout
610 4229 693 4290 corvi
721 4227 761 4292 (10
790 4230 858 4294 1000
888 4233 1081 4313 prosilientes
1104 4244 1305 4308 contraeunt
