<?xml version="1.0" encoding="UTF-8"?>
<!DOCTYPE html PUBLIC "-//W3C//DTD XHTML 1.0 Transitional//EN"
    "http://www.w3.org/TR/xhtml1/DTD/xhtml1-transitional.dtd">
<html xmlns="http://www.w3.org/1999/xhtml" xml:lang="en" lang="en">
 <head>
  <title>
</title>
<meta http-equiv="Content-Type" content="text/html;charset=utf-8" />
  <meta name='ocr-system' content='tesseract 3.04.00' />
  <meta name='ocr-capabilities' content='ocr_page ocr_carea ocr_par ocr_line ocrx_word'/>
</head>
<body>
  <div class='ocr_page' id='page_1' title='image "./fratrisfelicisf00fabrgoog_0404.png"; bbox 0 0 2874 4770; ppageno 0'>
   <div class='ocr_carea' id='block_1_1' title="bbox 683 75 748 197">
    <p class='ocr_par' dir='ltr' id='par_1_1' title="bbox 683 75 748 197">
     <span class='ocr_line' id='line_1_1' title="bbox 683 75 748 197; baseline 0.031 -2"><span class='ocrx_word' id='word_1_1' title='bbox 683 75 748 197; x_wconf 78' lang='lat' dir='ltr'><strong>act</strong></span> 
     </span>
    </p>
   </div>
   <div class='ocr_carea' id='block_1_2' title="bbox 104 300 1308 4128">
    <p class='ocr_par' dir='ltr' id='par_1_2' title="bbox 129 300 1308 887">
     <span class='ocr_line' id='line_1_2' title="bbox 129 300 1307 380; baseline -0.003 -16"><span class='ocrx_word' id='word_1_2' title='bbox 129 300 455 369; x_wconf 84' lang='grc'><strong>00011001011101000</strong></span> <span class='ocrx_word' id='word_1_3' title='bbox 482 304 514 365; x_wconf 93' lang='lat' dir='ltr'><strong>in</strong></span> <span class='ocrx_word' id='word_1_4' title='bbox 546 304 642 366; x_wconf 87' lang='lat' dir='ltr'><strong>serris</strong></span> <span class='ocrx_word' id='word_1_5' title='bbox 673 308 705 364; x_wconf 89' lang='lat' dir='ltr'><strong>et</strong></span> <span class='ocrx_word' id='word_1_6' title='bbox 727 303 859 375; x_wconf 80' lang='lat' dir='ltr'>ancillis,</span> <span class='ocrx_word' id='word_1_7' title='bbox 892 303 924 362; x_wconf 90' lang='lat' dir='ltr'><strong>in</strong></span> <span class='ocrx_word' id='word_1_8' title='bbox 955 307 1092 374; x_wconf 74' lang='lat' dir='ltr'><strong>uuiaet</strong></span> <span class='ocrx_word' id='word_1_9' title='bbox 1124 308 1248 380; x_wconf 83' lang='lat' dir='ltr'><strong>argente</strong></span> <span class='ocrx_word' id='word_1_10' title='bbox 1275 301 1307 361; x_wconf 91' lang='lat' dir='ltr'><strong>in</strong></span> 
     </span>
     <span class='ocr_line' id='line_1_3' title="bbox 130 405 1308 470; baseline 0.001 -4"><span class='ocrx_word' id='word_1_11' title='bbox 130 409 323 470; x_wconf 89' lang='lat' dir='ltr'><strong>immensum.</strong></span> <span class='ocrx_word' id='word_1_12' title='bbox 370 408 506 470; x_wconf 84' lang='lat' dir='ltr'><strong>Tandem</strong></span> <span class='ocrx_word' id='word_1_13' title='bbox 540 415 641 470; x_wconf 93' lang='lat' dir='ltr'><strong>autem</strong></span> <span class='ocrx_word' id='word_1_14' title='bbox 674 411 738 470; x_wconf 89' lang='lat' dir='ltr'><strong>viro</strong></span> <span class='ocrx_word' id='word_1_15' title='bbox 769 413 889 468; x_wconf 87' lang='lat' dir='ltr'><strong>mortuo</strong></span> <span class='ocrx_word' id='word_1_16' title='bbox 921 405 1042 468; x_wconf 89' lang='lat' dir='ltr'><strong>domina</strong></span> <span class='ocrx_word' id='word_1_17' title='bbox 1069 405 1151 468; x_wconf 89' lang='lat' dir='ltr'><strong>Nesa</strong></span> <span class='ocrx_word' id='word_1_18' title='bbox 1183 405 1308 469; x_wconf 90' lang='lat' dir='ltr'><strong>domum</strong></span> 
     </span>
     <span class='ocr_line' id='line_1_4' title="bbox 130 509 1306 593; baseline 0 -23"><span class='ocrx_word' id='word_1_19' title='bbox 130 513 314 588; x_wconf 89' lang='lat' dir='ltr'><strong>gubernabat</strong></span> <span class='ocrx_word' id='word_1_20' title='bbox 345 521 468 593; x_wconf 89' lang='lat' dir='ltr'><strong>eratque</strong></span> <span class='ocrx_word' id='word_1_21' title='bbox 491 511 642 592; x_wconf 86' lang='lat' dir='ltr'><strong>prudens,</strong></span> <span class='ocrx_word' id='word_1_22' title='bbox 677 512 778 584; x_wconf 92' lang='lat' dir='ltr'><strong>dives,</strong></span> <span class='ocrx_word' id='word_1_23' title='bbox 802 510 931 580; x_wconf 88' lang='lat' dir='ltr'><strong>affabilis</strong></span> <span class='ocrx_word' id='word_1_24' title='bbox 959 517 989 573; x_wconf 89' lang='lat' dir='ltr'><strong>et</strong></span> <span class='ocrx_word' id='word_1_25' title='bbox 1021 510 1193 590; x_wconf 87' lang='lat' dir='ltr'><strong>hospitalis,</strong></span> <span class='ocrx_word' id='word_1_26' title='bbox 1226 509 1306 572; x_wconf 90' lang='lat' dir='ltr'><strong>unde</strong></span> 
     </span>
     <span class='ocr_line' id='line_1_5' title="bbox 132 613 1306 695; baseline 0.003 -21"><span class='ocrx_word' id='word_1_27' title='bbox 132 613 240 677; x_wconf 91' lang='lat' dir='ltr'><strong>domus</strong></span> <span class='ocrx_word' id='word_1_28' title='bbox 264 617 403 678; x_wconf 86' lang='lat' dir='ltr'><strong>dominae</strong></span> <span class='ocrx_word' id='word_1_29' title='bbox 417 618 517 678; x_wconf 88' lang='lat' dir='ltr'><strong>Ncsae</strong></span> <span class='ocrx_word' id='word_1_30' title='bbox 541 616 619 677; x_wconf 89' lang='grc'><strong>10010</strong></span> <span class='ocrx_word' id='word_1_31' title='bbox 641 615 697 678; x_wconf 89' lang='grc'><strong>1011</strong></span> <span class='ocrx_word' id='word_1_32' title='bbox 718 616 883 695; x_wconf 84' lang='lat' dir='ltr'>hospitium</span> <span class='ocrx_word' id='word_1_33' title='bbox 907 622 938 676; x_wconf 90' lang='lat' dir='ltr'><strong>ct</strong></span> <span class='ocrx_word' id='word_1_34' title='bbox 959 615 1109 693; x_wconf 82' lang='lat' dir='ltr'><strong>retugium</strong></span> <span class='ocrx_word' id='word_1_35' title='bbox 1123 617 1306 695; x_wconf 76' lang='lat' dir='ltr'><strong>piscatorum</strong></span> 
     </span>
     <span class='ocr_line' id='line_1_6' title="bbox 133 719 1306 802; baseline 0.001 -22"><span class='ocrx_word' id='word_1_36' title='bbox 133 726 164 780; x_wconf 91' lang='lat' dir='ltr'><strong>et</strong></span> <span class='ocrx_word' id='word_1_37' title='bbox 188 721 315 783; x_wconf 90' lang='lat' dir='ltr'><strong>aliorum</strong></span> <span class='ocrx_word' id='word_1_38' title='bbox 338 724 378 784; x_wconf 90' lang='lat' dir='ltr'><strong>ibi</strong></span> <span class='ocrx_word' id='word_1_39' title='bbox 400 723 618 802; x_wconf 89' lang='lat' dir='ltr'><strong>navigantium,</strong></span> <span class='ocrx_word' id='word_1_40' title='bbox 654 728 685 782; x_wconf 90' lang='lat' dir='ltr'><strong>et</strong></span> <span class='ocrx_word' id='word_1_41' title='bbox 707 721 743 782; x_wconf 92' lang='lat' dir='ltr'><strong>ab</strong></span> <span class='ocrx_word' id='word_1_42' title='bbox 767 738 805 781; x_wconf 90' lang='lat' dir='ltr'><strong>ea</strong></span> <span class='ocrx_word' id='word_1_43' title='bbox 826 719 911 779; x_wconf 92' lang='lat' dir='ltr'><strong>locus</strong></span> <span class='ocrx_word' id='word_1_44' title='bbox 934 737 1047 781; x_wconf 91' lang='lat' dir='ltr'><strong>nomen</strong></span> <span class='ocrx_word' id='word_1_45' title='bbox 1069 721 1186 799; x_wconf 89' lang='lat' dir='ltr'><strong>accepit</strong></span> <span class='ocrx_word' id='word_1_46' title='bbox 1207 720 1306 792; x_wconf 88' lang='lat' dir='ltr'><strong>Nesia,</strong></span> 
     </span>
     <span class='ocr_line' id='line_1_7' title="bbox 132 824 981 887; baseline 0 -4"><span class='ocrx_word' id='word_1_47' title='bbox 132 828 164 883; x_wconf 91' lang='grc'><strong>01</strong></span> <span class='ocrx_word' id='word_1_48' title='bbox 187 826 241 885; x_wconf 90' lang='lat' dir='ltr'><strong>sub</strong></span> <span class='ocrx_word' id='word_1_49' title='bbox 265 827 315 886; x_wconf 93' lang='lat' dir='ltr'><strong>illa</strong></span> <span class='ocrx_word' id='word_1_50' title='bbox 337 826 417 887; x_wconf 87' lang='lat' dir='ltr'><strong>Nesa</strong></span> <span class='ocrx_word' id='word_1_51' title='bbox 441 827 533 887; x_wconf 90' lang='lat' dir='ltr'><strong>multa</strong></span> <span class='ocrx_word' id='word_1_52' title='bbox 557 825 691 886; x_wconf 86' lang='lat' dir='ltr'><strong>aedilicia</strong></span> <span class='ocrx_word' id='word_1_53' title='bbox 713 831 781 885; x_wconf 89' lang='lat' dir='ltr'><strong>suut</strong></span> <span class='ocrx_word' id='word_1_54' title='bbox 806 824 848 885; x_wconf 93' lang='lat' dir='ltr'><strong>ibi</strong></span> <span class='ocrx_word' id='word_1_55' title='bbox 871 829 981 884; x_wconf 90' lang='lat' dir='ltr'><strong>erecta.</strong></span> 
     </span>
    </p>

    <p class='ocr_par' dir='ltr' id='par_1_3' title="bbox 125 923 1308 3506">
     <span class='ocr_line' id='line_1_8' title="bbox 217 923 1308 992; baseline 0 -4"><span class='ocrx_word' id='word_1_56' title='bbox 217 927 309 990; x_wconf 91' lang='lat' dir='ltr'><strong>Porro</strong></span> <span class='ocrx_word' id='word_1_57' title='bbox 333 937 403 992; x_wconf 89' lang='lat' dir='ltr'><strong>ante</strong></span> <span class='ocrx_word' id='word_1_58' title='bbox 418 931 539 990; x_wconf 86' lang='lat' dir='ltr'><strong>Domini</strong></span> <span class='ocrx_word' id='word_1_59' title='bbox 562 930 799 989; x_wconf 73' lang='lat' dir='ltr'><strong>incarnationem</strong></span> <span class='ocrx_word' id='word_1_60' title='bbox 822 946 901 988; x_wconf 93' lang='lat' dir='ltr'><strong>anuo</strong></span> <span class='ocrx_word' id='word_1_61' title='bbox 926 923 1131 988; x_wconf 81' lang='lat' dir='ltr'><strong>mclxxvttt</strong></span> <span class='ocrx_word' id='word_1_62' title='bbox 1154 926 1308 988; x_wconf 89' lang='lat' dir='ltr'><strong>destructa</strong></span> 
     </span>
     <span class='ocr_line' id='line_1_9' title="bbox 128 1028 1307 1113; baseline 0.002 -23"><span class='ocrx_word' id='word_1_63' title='bbox 128 1028 234 1108; x_wconf 88' lang='lat' dir='ltr'><strong>Troja,</strong></span> <span class='ocrx_word' id='word_1_64' title='bbox 260 1054 329 1095; x_wconf 89' lang='lat' dir='ltr'><strong>cum</strong></span> <span class='ocrx_word' id='word_1_65' title='bbox 343 1035 476 1097; x_wconf 81' lang='lat' dir='ltr'><strong>Antenor</strong></span> <span class='ocrx_word' id='word_1_66' title='bbox 500 1051 552 1096; x_wconf 87' lang='lat' dir='ltr'><strong>rex</strong></span> <span class='ocrx_word' id='word_1_67' title='bbox 568 1032 677 1110; x_wconf 88' lang='lat' dir='ltr'><strong>Trojae</strong></span> <span class='ocrx_word' id='word_1_68' title='bbox 693 1033 833 1113; x_wconf 73' lang='lat' dir='ltr'><strong>tepuistis</strong></span> <span class='ocrx_word' id='word_1_69' title='bbox 858 1031 896 1092; x_wconf 90' lang='lat' dir='ltr'><strong>dc</strong></span> <span class='ocrx_word' id='word_1_70' title='bbox 912 1049 1007 1109; x_wconf 90' lang='lat' dir='ltr'><strong>reguo</strong></span> <span class='ocrx_word' id='word_1_71' title='bbox 1031 1038 1122 1102; x_wconf 89' lang='lat' dir='ltr'><strong>esset,</strong></span> <span class='ocrx_word' id='word_1_72' title='bbox 1146 1049 1216 1092; x_wconf 90' lang='lat' dir='ltr'><strong>cum</strong></span> <span class='ocrx_word' id='word_1_73' title='bbox 1232 1030 1307 1092; x_wconf 94' lang='lat' dir='ltr'><strong>duo·</strong></span> 
     </span>
     <span class='ocr_line' id='line_1_10' title="bbox 127 1134 1308 1217; baseline 0.001 -22"><span class='ocrx_word' id='word_1_74' title='bbox 127 1134 184 1197; x_wconf 91' lang='lat' dir='ltr'><strong>bus</strong></span> <span class='ocrx_word' id='word_1_75' title='bbox 208 1139 338 1199; x_wconf 92' lang='lat' dir='ltr'><strong>millibus</strong></span> <span class='ocrx_word' id='word_1_76' title='bbox 361 1137 516 1216; x_wconf 89' lang='lat' dir='ltr'><strong>Trojauis,</strong></span> <span class='ocrx_word' id='word_1_77' title='bbox 541 1140 592 1217; x_wconf 88' lang='lat' dir='ltr'><strong>qui</strong></span> <span class='ocrx_word' id='word_1_78' title='bbox 616 1145 647 1198; x_wconf 89' lang='lat' dir='ltr'><strong>et</strong></span> <span class='ocrx_word' id='word_1_79' title='bbox 669 1136 779 1199; x_wconf 81' lang='lat' dir='ltr'><strong>Heneti</strong></span> <span class='ocrx_word' id='word_1_80' title='bbox 802 1135 874 1197; x_wconf 91' lang='lat' dir='ltr'><strong>dicti</strong></span> <span class='ocrx_word' id='word_1_81' title='bbox 898 1142 987 1206; x_wconf 89' lang='lat' dir='ltr'><strong>suut,</strong></span> <span class='ocrx_word' id='word_1_82' title='bbox 1011 1134 1125 1214; x_wconf 83' lang='lat' dir='ltr'><strong>aufugit</strong></span> <span class='ocrx_word' id='word_1_83' title='bbox 1148 1154 1203 1215; x_wconf 90' lang='lat' dir='ltr'><strong>per</strong></span> <span class='ocrx_word' id='word_1_84' title='bbox 1225 1152 1308 1196; x_wconf 88' lang='lat' dir='ltr'><strong>marc</strong></span> 
     </span>
     <span class='ocr_line' id='line_1_11' title="bbox 131 1238 1308 1319; baseline -0.001 -18"><span class='ocrx_word' id='word_1_85' title='bbox 131 1240 168 1301; x_wconf 92' lang='lat' dir='ltr'><strong>ad</strong></span> <span class='ocrx_word' id='word_1_86' title='bbox 191 1261 259 1303; x_wconf 93' lang='lat' dir='ltr'><strong>oras</strong></span> <span class='ocrx_word' id='word_1_87' title='bbox 273 1244 418 1304; x_wconf 76' lang='lat' dir='ltr'><strong>Adriatici</strong></span> <span class='ocrx_word' id='word_1_88' title='bbox 442 1245 532 1303; x_wconf 90' lang='lat' dir='ltr'><strong>maris</strong></span> <span class='ocrx_word' id='word_1_89' title='bbox 555 1248 586 1302; x_wconf 91' lang='grc'><strong>01</strong></span> <span class='ocrx_word' id='word_1_90' title='bbox 609 1243 651 1302; x_wconf 85' lang='grc'><strong>111</strong></span> <span class='ocrx_word' id='word_1_91' title='bbox 673 1241 776 1319; x_wconf 91' lang='lat' dir='ltr'><strong>plures</strong></span> <span class='ocrx_word' id='word_1_92' title='bbox 803 1239 1036 1301; x_wconf 85' lang='lat' dir='ltr'><strong>aedificaverunt</strong></span> <span class='ocrx_word' id='word_1_93' title='bbox 1057 1242 1203 1300; x_wconf 89' lang='lat' dir='ltr'><strong>civitates.</strong></span> <span class='ocrx_word' id='word_1_94' title='bbox 1235 1238 1308 1311; x_wconf 87' lang='lat' dir='ltr'><strong>Qui·</strong></span> 
     </span>
     <span class='ocr_line' id='line_1_12' title="bbox 128 1342 1307 1426; baseline 0 -22"><span class='ocrx_word' id='word_1_95' title='bbox 128 1343 197 1405; x_wconf 90' lang='lat' dir='ltr'><strong>dam</strong></span> <span class='ocrx_word' id='word_1_96' title='bbox 221 1354 323 1408; x_wconf 90' lang='lat' dir='ltr'><strong>autem</strong></span> <span class='ocrx_word' id='word_1_97' title='bbox 346 1346 384 1408; x_wconf 92' lang='lat' dir='ltr'><strong>de</strong></span> <span class='ocrx_word' id='word_1_98' title='bbox 408 1348 592 1426; x_wconf 89' lang='lat' dir='ltr'><strong>principibus</strong></span> <span class='ocrx_word' id='word_1_99' title='bbox 615 1343 834 1420; x_wconf 89' lang='lat' dir='ltr'><strong>illisTrojauis‚</strong></span> <span class='ocrx_word' id='word_1_100' title='bbox 860 1344 957 1404; x_wconf 86' lang='lat' dir='ltr'><strong>dictus</strong></span> <span class='ocrx_word' id='word_1_101' title='bbox 972 1342 1124 1416; x_wconf 86' lang='lat' dir='ltr'><strong>Venetus,</strong></span> <span class='ocrx_word' id='word_1_102' title='bbox 1148 1346 1178 1404; x_wconf 87' lang='lat' dir='ltr'><strong>in</strong></span> <span class='ocrx_word' id='word_1_103' title='bbox 1202 1361 1307 1423; x_wconf 90' lang='lat' dir='ltr'><strong>campo</strong></span> 
     </span>
     <span class='ocr_line' id='line_1_13' title="bbox 128 1446 1307 1526; baseline 0 -17"><span class='ocrx_word' id='word_1_104' title='bbox 128 1447 255 1521; x_wconf 90' lang='lat' dir='ltr'><strong>Nesiae,</strong></span> <span class='ocrx_word' id='word_1_105' title='bbox 286 1451 336 1511; x_wconf 92' lang='lat' dir='ltr'><strong>ubi</strong></span> <span class='ocrx_word' id='word_1_106' title='bbox 359 1457 424 1511; x_wconf 89' lang='lat' dir='ltr'><strong>erat</strong></span> <span class='ocrx_word' id='word_1_107' title='bbox 445 1450 553 1520; x_wconf 87' lang='lat' dir='ltr'><strong>domus</strong></span> <span class='ocrx_word' id='word_1_108' title='bbox 576 1449 695 1519; x_wconf 90' lang='lat' dir='ltr'><strong>Nesae,</strong></span> <span class='ocrx_word' id='word_1_109' title='bbox 728 1449 784 1509; x_wconf 90' lang='lat' dir='ltr'><strong>sibi</strong></span> <span class='ocrx_word' id='word_1_110' title='bbox 807 1446 981 1515; x_wconf 88' lang='lat' dir='ltr'><strong>fortalitium</strong></span> <span class='ocrx_word' id='word_1_111' title='bbox 1017 1449 1182 1525; x_wconf 77' lang='lat' dir='ltr'><strong>construxit</strong></span> <span class='ocrx_word' id='word_1_112' title='bbox 1216 1447 1307 1526; x_wconf 90' lang='lat' dir='ltr'><strong>idque</strong></span> 
     </span>
     <span class='ocr_line' id='line_1_14' title="bbox 130 1550 1308 1630; baseline -0.001 -17"><span class='ocrx_word' id='word_1_113' title='bbox 130 1551 289 1614; x_wconf 86' lang='lat' dir='ltr'><strong>Venetiam</strong></span> <span class='ocrx_word' id='word_1_114' title='bbox 312 1556 490 1626; x_wconf 90' lang='lat' dir='ltr'><strong>nominavit,</strong></span> <span class='ocrx_word' id='word_1_115' title='bbox 525 1561 557 1614; x_wconf 88' lang='lat' dir='ltr'><strong>et</strong></span> <span class='ocrx_word' id='word_1_116' title='bbox 580 1551 846 1630; x_wconf 89' lang='lat' dir='ltr'><strong>circumjacentem</strong></span> <span class='ocrx_word' id='word_1_117' title='bbox 869 1553 1026 1630; x_wconf 81' lang='lat' dir='ltr'><strong>regionem</strong></span> <span class='ocrx_word' id='word_1_118' title='bbox 1059 1550 1166 1629; x_wconf 89' lang='lat' dir='ltr'><strong>vulgus</strong></span> <span class='ocrx_word' id='word_1_119' title='bbox 1199 1551 1308 1625; x_wconf 88' lang='lat' dir='ltr'><strong>eodem</strong></span> 
     </span>
     <span class='ocr_line' id='line_1_15' title="bbox 130 1655 1306 1740; baseline -0.002 -22"><span class='ocrx_word' id='word_1_120' title='bbox 130 1660 252 1718; x_wconf 89' lang='lat' dir='ltr'><strong>nomine</strong></span> <span class='ocrx_word' id='word_1_121' title='bbox 276 1658 453 1740; x_wconf 90' lang='lat' dir='ltr'><strong>appellavit,</strong></span> <span class='ocrx_word' id='word_1_122' title='bbox 477 1664 540 1717; x_wconf 91' lang='lat' dir='ltr'><strong>turn</strong></span> <span class='ocrx_word' id='word_1_123' title='bbox 565 1663 688 1736; x_wconf 89' lang='grc'><strong>0000100</strong></span> <span class='ocrx_word' id='word_1_124' title='bbox 710 1655 862 1726; x_wconf 87' lang='lat' dir='ltr'><strong>Henetus,</strong></span> <span class='ocrx_word' id='word_1_125' title='bbox 897 1662 964 1716; x_wconf 91' lang='lat' dir='ltr'><strong>tum</strong></span> <span class='ocrx_word' id='word_1_126' title='bbox 986 1657 1077 1715; x_wconf 90' lang='lat' dir='ltr'><strong>etiam</strong></span> <span class='ocrx_word' id='word_1_127' title='bbox 1100 1662 1225 1735; x_wconf 89' lang='lat' dir='ltr'><strong>propter</strong></span> <span class='ocrx_word' id='word_1_128' title='bbox 1247 1655 1306 1719; x_wconf 88' lang='lat' dir='ltr'><strong>Ve-</strong></span> 
     </span>
     <span class='ocr_line' id='line_1_16' title="bbox 131 1759 1305 1842; baseline 0 -22"><span class='ocrx_word' id='word_1_129' title='bbox 131 1769 237 1821; x_wconf 92' lang='lat' dir='ltr'><strong>netum</strong></span> <span class='ocrx_word' id='word_1_130' title='bbox 259 1763 438 1842; x_wconf 88' lang='lat' dir='ltr'><strong>principem.</strong></span> <span class='ocrx_word' id='word_1_131' title='bbox 483 1762 534 1823; x_wconf 90' lang='lat' dir='ltr'><strong>Sic</strong></span> <span class='ocrx_word' id='word_1_132' title='bbox 559 1779 631 1839; x_wconf 88' lang='lat' dir='ltr'><strong>ergo</strong></span> <span class='ocrx_word' id='word_1_133' title='bbox 656 1762 739 1820; x_wconf 88' lang='lat' dir='ltr'><strong>stetit</strong></span> <span class='ocrx_word' id='word_1_134' title='bbox 762 1759 847 1819; x_wconf 89' lang='grc'><strong>10000</strong></span> <span class='ocrx_word' id='word_1_135' title='bbox 870 1759 921 1819; x_wconf 87' lang='grc'><strong>1110</strong></span> <span class='ocrx_word' id='word_1_136' title='bbox 945 1759 1047 1820; x_wconf 93' lang='lat' dir='ltr'><strong>multis</strong></span> <span class='ocrx_word' id='word_1_137' title='bbox 1071 1761 1155 1820; x_wconf 91' lang='lat' dir='ltr'><strong>aunis</strong></span> <span class='ocrx_word' id='word_1_138' title='bbox 1180 1762 1209 1820; x_wconf 92' lang='lat' dir='ltr'><strong>iu</strong></span> <span class='ocrx_word' id='word_1_139' title='bbox 1235 1779 1305 1821; x_wconf 91' lang='lat' dir='ltr'><strong>cou-</strong></span> 
     </span>
     <span class='ocr_line' id='line_1_17' title="bbox 129 1864 1306 1945; baseline 0.001 -21"><span class='ocrx_word' id='word_1_140' title='bbox 129 1867 213 1927; x_wconf 92' lang='lat' dir='ltr'><strong>tinuo</strong></span> <span class='ocrx_word' id='word_1_141' title='bbox 237 1867 392 1945; x_wconf 87' lang='grc'><strong>00010010,</strong></span> <span class='ocrx_word' id='word_1_142' title='bbox 427 1875 458 1928; x_wconf 90' lang='grc'><strong>01</strong></span> <span class='ocrx_word' id='word_1_143' title='bbox 481 1866 743 1945; x_wconf 80' lang='grc'><strong>1100010011000,</strong></span> <span class='ocrx_word' id='word_1_144' title='bbox 778 1864 858 1943; x_wconf 87' lang='lat' dir='ltr'><strong>quod</strong></span> <span class='ocrx_word' id='word_1_145' title='bbox 880 1864 923 1924; x_wconf 92' lang='lat' dir='ltr'><strong>illi</strong></span> <span class='ocrx_word' id='word_1_146' title='bbox 947 1864 1056 1924; x_wconf 88' lang='lat' dir='ltr'><strong>Veneti</strong></span> <span class='ocrx_word' id='word_1_147' title='bbox 1080 1881 1149 1924; x_wconf 89' lang='lat' dir='ltr'><strong>cum</strong></span> <span class='ocrx_word' id='word_1_148' title='bbox 1183 1865 1306 1925; x_wconf 89' lang='lat' dir='ltr'><strong>navibus</strong></span> 
     </span>
     <span class='ocr_line' id='line_1_18' title="bbox 128 1967 1306 2049; baseline 0.002 -21"><span class='ocrx_word' id='word_1_149' title='bbox 128 1967 287 2049; x_wconf 81' lang='lat' dir='ltr'><strong>Phrygiam</strong></span> <span class='ocrx_word' id='word_1_150' title='bbox 318 1974 494 2033; x_wconf 90' lang='lat' dir='ltr'><strong>iutraverint</strong></span> <span class='ocrx_word' id='word_1_151' title='bbox 525 1970 562 2032; x_wconf 93' lang='lat' dir='ltr'><strong>ad</strong></span> <span class='ocrx_word' id='word_1_152' title='bbox 593 1971 695 2032; x_wconf 90' lang='lat' dir='ltr'><strong>locum</strong></span> <span class='ocrx_word' id='word_1_153' title='bbox 732 1970 915 2031; x_wconf 88' lang='grc'><strong>1001000100</strong></span> <span class='ocrx_word' id='word_1_154' title='bbox 938 1967 1046 2045; x_wconf 87' lang='lat' dir='ltr'><strong>Trojae</strong></span> <span class='ocrx_word' id='word_1_155' title='bbox 1083 1975 1114 2028; x_wconf 91' lang='lat' dir='ltr'><strong>et</strong></span> <span class='ocrx_word' id='word_1_156' title='bbox 1144 1969 1181 2030; x_wconf 93' lang='grc'><strong>10</strong></span> <span class='ocrx_word' id='word_1_157' title='bbox 1211 1970 1306 2030; x_wconf 89' lang='grc'><strong>001010</strong></span> 
     </span>
     <span class='ocr_line' id='line_1_19' title="bbox 127 2071 1306 2154; baseline 0.002 -22"><span class='ocrx_word' id='word_1_158' title='bbox 127 2071 192 2150; x_wconf 87' lang='lat' dir='ltr'><strong>ejus</strong></span> <span class='ocrx_word' id='word_1_159' title='bbox 216 2076 371 2137; x_wconf 89' lang='lat' dir='ltr'><strong>columnas</strong></span> <span class='ocrx_word' id='word_1_160' title='bbox 401 2095 601 2147; x_wconf 88' lang='lat' dir='ltr'><strong>marmoreas,</strong></span> <span class='ocrx_word' id='word_1_161' title='bbox 631 2075 748 2137; x_wconf 84' lang='lat' dir='ltr'><strong>tabutas</strong></span> <span class='ocrx_word' id='word_1_162' title='bbox 781 2076 889 2154; x_wconf 90' lang='lat' dir='ltr'><strong>politas</strong></span> <span class='ocrx_word' id='word_1_163' title='bbox 926 2081 957 2134; x_wconf 90' lang='grc'><strong>01</strong></span> <span class='ocrx_word' id='word_1_164' title='bbox 986 2074 1120 2152; x_wconf 85' lang='grc'><strong>00010100</strong></span> <span class='ocrx_word' id='word_1_165' title='bbox 1151 2081 1250 2152; x_wconf 86' lang='grc'><strong>001000</strong></span> <span class='ocrx_word' id='word_1_166' title='bbox 1275 2081 1306 2134; x_wconf 94' lang='grc'><strong>01</strong></span> 
     </span>
     <span class='ocr_line' id='line_1_20' title="bbox 128 2177 1304 2258; baseline 0.001 -21"><span class='ocrx_word' id='word_1_167' title='bbox 128 2179 256 2240; x_wconf 88' lang='lat' dir='ltr'><strong>conchas</strong></span> <span class='ocrx_word' id='word_1_168' title='bbox 288 2181 453 2242; x_wconf 83' lang='lat' dir='ltr'><strong>levaverint</strong></span> <span class='ocrx_word' id='word_1_169' title='bbox 485 2188 516 2241; x_wconf 93' lang='lat' dir='ltr'><strong>et</strong></span> <span class='ocrx_word' id='word_1_170' title='bbox 537 2181 663 2242; x_wconf 91' lang='lat' dir='ltr'><strong>navibus</strong></span> <span class='ocrx_word' id='word_1_171' title='bbox 693 2182 849 2258; x_wconf 86' lang='lat' dir='ltr'><strong>impositas</strong></span> <span class='ocrx_word' id='word_1_172' title='bbox 873 2179 1016 2240; x_wconf 78' lang='lat' dir='ltr'><strong>Venetiae</strong></span> <span class='ocrx_word' id='word_1_173' title='bbox 1040 2177 1193 2250; x_wconf 87' lang='lat' dir='ltr'><strong>duxerint,</strong></span> <span class='ocrx_word' id='word_1_174' title='bbox 1222 2196 1304 2238; x_wconf 90' lang='lat' dir='ltr'><strong>eam-</strong></span> 
     </span>
     <span class='ocr_line' id='line_1_21' title="bbox 128 2281 1306 2360; baseline -0.001 -18"><span class='ocrx_word' id='word_1_175' title='bbox 128 2299 187 2360; x_wconf 88' lang='lat' dir='ltr'><strong>que</strong></span> <span class='ocrx_word' id='word_1_176' title='bbox 216 2285 323 2344; x_wconf 89' lang='lat' dir='ltr'><strong>urbem</strong></span> <span class='ocrx_word' id='word_1_177' title='bbox 353 2285 390 2346; x_wconf 91' lang='lat' dir='ltr'><strong>de</strong></span> <span class='ocrx_word' id='word_1_178' title='bbox 420 2286 514 2346; x_wconf 89' lang='lat' dir='ltr'><strong>ruinis</strong></span> <span class='ocrx_word' id='word_1_179' title='bbox 544 2284 750 2345; x_wconf 87' lang='lat' dir='ltr'><strong>nobilissimae</strong></span> <span class='ocrx_word' id='word_1_180' title='bbox 784 2281 893 2359; x_wconf 91' lang='lat' dir='ltr'><strong>Trojae</strong></span> <span class='ocrx_word' id='word_1_181' title='bbox 928 2281 1167 2352; x_wconf 88' lang='lat' dir='ltr'><strong>suscitaverunt,</strong></span> <span class='ocrx_word' id='word_1_182' title='bbox 1202 2283 1306 2360; x_wconf 88' lang='lat' dir='ltr'><strong>sicque</strong></span> 
     </span>
     <span class='ocr_line' id='line_1_22' title="bbox 128 2359 1307 2466; baseline 0 -20"><span class='ocrx_word' id='word_1_183' title='bbox 128 2388 210 2447; x_wconf 90' lang='grc'><strong>010111</strong></span> <span class='ocrx_word' id='word_1_184' title='bbox 233 2395 371 2466; x_wconf 90' lang='lat' dir='ltr'><strong>tempore</strong></span> <span class='ocrx_word' id='word_1_185' title='bbox 395 2387 541 2449; x_wconf 89' lang='lat' dir='ltr'><strong>adventus</strong></span> <span class='ocrx_word' id='word_1_186' title='bbox 566 2388 676 2448; x_wconf 82' lang='lat' dir='ltr'><strong>Christi</strong></span> <span class='ocrx_word' id='word_1_187' title='bbox 699 2403 795 2464; x_wconf 87' lang='lat' dir='ltr'><strong>usquc</strong></span> <span class='ocrx_word' id='word_1_188' title='bbox 826 2384 863 2445; x_wconf 91' lang='lat' dir='ltr'><strong>ad</strong></span> <span class='ocrx_word' id='word_1_189' title='bbox 886 2382 995 2444; x_wconf 89' lang='lat' dir='ltr'><strong>Attilae</strong></span> <span class='ocrx_word' id='word_1_190' title='bbox 1018 2359 1196 2444; x_wconf 69' lang='lat' dir='ltr'><strong>Hunnorum</strong></span> <span class='ocrx_word' id='word_1_191' title='bbox 1226 2388 1307 2463; x_wconf 90' lang='lat' dir='ltr'><strong>regis</strong></span> 
     </span>
     <span class='ocr_line' id='line_1_23' title="bbox 126 2485 1305 2572; baseline -0.003 -20"><span class='ocrx_word' id='word_1_192' title='bbox 126 2497 281 2570; x_wconf 88' lang='lat' dir='ltr'><strong>tempora,</strong></span> <span class='ocrx_word' id='word_1_193' title='bbox 305 2495 356 2572; x_wconf 83' lang='lat' dir='ltr'><strong>qui</strong></span> <span class='ocrx_word' id='word_1_194' title='bbox 379 2495 566 2572; x_wconf 73' lang='lat' dir='ltr'><strong>tyrannizare</strong></span> <span class='ocrx_word' id='word_1_195' title='bbox 590 2494 690 2571; x_wconf 91' lang='lat' dir='ltr'><strong>coepit</strong></span> <span class='ocrx_word' id='word_1_196' title='bbox 714 2509 792 2552; x_wconf 89' lang='lat' dir='ltr'><strong>anno</strong></span> <span class='ocrx_word' id='word_1_197' title='bbox 808 2489 929 2551; x_wconf 87' lang='lat' dir='ltr'><strong>Domini</strong></span> <span class='ocrx_word' id='word_1_198' title='bbox 945 2485 1009 2551; x_wconf 83' lang='lat'><strong>450</strong></span> <span class='ocrx_word' id='word_1_199' title='bbox 1033 2494 1064 2548; x_wconf 90' lang='lat' dir='ltr'><strong>et</strong></span> <span class='ocrx_word' id='word_1_200' title='bbox 1086 2487 1305 2549; x_wconf 89' lang='lat' dir='ltr'><strong>terribilissimo</strong></span> 
     </span>
     <span class='ocr_line' id='line_1_24' title="bbox 126 2593 1306 2676; baseline -0.003 -19"><span class='ocrx_word' id='word_1_201' title='bbox 126 2601 243 2676; x_wconf 88' lang='lat' dir='ltr'><strong>impetu</strong></span> <span class='ocrx_word' id='word_1_202' title='bbox 266 2598 421 2667; x_wconf 78' lang='lat' dir='ltr'><strong>universas</strong></span> <span class='ocrx_word' id='word_1_203' title='bbox 443 2597 581 2676; x_wconf 83' lang='lat' dir='ltr'><strong>Europae</strong></span> <span class='ocrx_word' id='word_1_204' title='bbox 605 2599 745 2674; x_wconf 89' lang='lat' dir='ltr'><strong>regiones</strong></span> <span class='ocrx_word' id='word_1_205' title='bbox 768 2595 895 2657; x_wconf 84' lang='lat' dir='ltr'><strong>vexarit.</strong></span> <span class='ocrx_word' id='word_1_206' title='bbox 927 2593 1049 2654; x_wconf 89' lang='lat' dir='ltr'><strong>Nobiles</strong></span> <span class='ocrx_word' id='word_1_207' title='bbox 1073 2611 1145 2673; x_wconf 90' lang='lat' dir='ltr'><strong>ergo</strong></span> <span class='ocrx_word' id='word_1_208' title='bbox 1161 2593 1306 2654; x_wconf 89' lang='lat' dir='ltr'><strong>Venetiae</strong></span> 
     </span>
     <span class='ocr_line' id='line_1_25' title="bbox 127 2697 1305 2779; baseline -0.004 -17"><span class='ocrx_word' id='word_1_209' title='bbox 127 2703 259 2779; x_wconf 89' lang='lat' dir='ltr'><strong>regionis</strong></span> <span class='ocrx_word' id='word_1_210' title='bbox 282 2708 313 2761; x_wconf 89' lang='grc'><strong>01</strong></span> <span class='ocrx_word' id='word_1_211' title='bbox 326 2699 428 2762; x_wconf 88' lang='grc'><strong>1101100</strong></span> <span class='ocrx_word' id='word_1_212' title='bbox 452 2708 484 2762; x_wconf 90' lang='grc'><strong>01</strong></span> <span class='ocrx_word' id='word_1_213' title='bbox 506 2702 728 2762; x_wconf 88' lang='lat' dir='ltr'><strong>convicinarum</strong></span> <span class='ocrx_word' id='word_1_214' title='bbox 751 2699 870 2760; x_wconf 91' lang='lat' dir='ltr'><strong>urbium</strong></span> <span class='ocrx_word' id='word_1_215' title='bbox 885 2698 1061 2775; x_wconf 90' lang='lat' dir='ltr'><strong>congregati</strong></span> <span class='ocrx_word' id='word_1_216' title='bbox 1082 2697 1184 2757; x_wconf 90' lang='lat' dir='ltr'><strong>locum</strong></span> <span class='ocrx_word' id='word_1_217' title='bbox 1206 2704 1305 2758; x_wconf 92' lang='lat' dir='ltr'><strong>tutum</strong></span> 
     </span>
     <span class='ocr_line' id='line_1_26' title="bbox 127 2796 1305 2884; baseline -0.001 -19"><span class='ocrx_word' id='word_1_218' title='bbox 127 2822 273 2884; x_wconf 84' lang='lat' dir='ltr'><strong>quaerere</strong></span> <span class='ocrx_word' id='word_1_219' title='bbox 290 2796 547 2877; x_wconf 85' lang='lat' dir='ltr'><strong>deliberaverunt,</strong></span> <span class='ocrx_word' id='word_1_220' title='bbox 570 2807 601 2865; x_wconf 91' lang='lat' dir='ltr'><strong>in</strong></span> <span class='ocrx_word' id='word_1_221' title='bbox 625 2823 685 2883; x_wconf 89' lang='lat' dir='ltr'><strong>quo</strong></span> <span class='ocrx_word' id='word_1_222' title='bbox 709 2822 744 2864; x_wconf 90' lang='lat' dir='ltr'><strong>se</strong></span> <span class='ocrx_word' id='word_1_223' title='bbox 768 2822 784 2864; x_wconf 90' lang='lat' dir='ltr'><strong>a</strong></span> <span class='ocrx_word' id='word_1_224' title='bbox 807 2802 965 2882; x_wconf 83' lang='lat' dir='ltr'><strong>tyrannide</strong></span> <span class='ocrx_word' id='word_1_225' title='bbox 979 2800 1089 2864; x_wconf 90' lang='lat' dir='ltr'><strong>Attilae</strong></span> <span class='ocrx_word' id='word_1_226' title='bbox 1104 2802 1154 2864; x_wconf 92' lang='lat' dir='ltr'><strong>vel</strong></span> <span class='ocrx_word' id='word_1_227' title='bbox 1177 2803 1305 2864; x_wconf 92' lang='lat' dir='ltr'><strong>abscon·</strong></span> 
     </span>
     <span class='ocr_line' id='line_1_27' title="bbox 126 2907 1305 2982; baseline 0 -13"><span class='ocrx_word' id='word_1_228' title='bbox 126 2908 233 2971; x_wconf 91' lang='lat' dir='ltr'><strong>dereut</strong></span> <span class='ocrx_word' id='word_1_229' title='bbox 256 2909 305 2970; x_wconf 89' lang='lat' dir='ltr'><strong>vel</strong></span> <span class='ocrx_word' id='word_1_230' title='bbox 328 2908 545 2982; x_wconf 79' lang='lat' dir='ltr'><strong>defenderent,</strong></span> <span class='ocrx_word' id='word_1_231' title='bbox 581 2915 611 2970; x_wconf 91' lang='lat' dir='ltr'><strong>ct</strong></span> <span class='ocrx_word' id='word_1_232' title='bbox 635 2910 769 2969; x_wconf 90' lang='lat' dir='ltr'><strong>ascensis</strong></span> <span class='ocrx_word' id='word_1_233' title='bbox 793 2909 919 2970; x_wconf 91' lang='lat' dir='ltr'><strong>navibus</strong></span> <span class='ocrx_word' id='word_1_234' title='bbox 942 2924 1010 2966; x_wconf 89' lang='lat' dir='ltr'><strong>cum</strong></span> <span class='ocrx_word' id='word_1_235' title='bbox 1034 2907 1116 2967; x_wconf 91' lang='lat' dir='ltr'><strong>omni</strong></span> <span class='ocrx_word' id='word_1_236' title='bbox 1139 2908 1305 2969; x_wconf 87' lang='lat' dir='ltr'><strong>substantia</strong></span> 
     </span>
     <span class='ocr_line' id='line_1_28' title="bbox 125 3010 1304 3092; baseline -0.001 -19"><span class='ocrx_word' id='word_1_237' title='bbox 125 3030 180 3075; x_wconf 91' lang='lat' dir='ltr'><strong>sua</strong></span> <span class='ocrx_word' id='word_1_238' title='bbox 203 3015 478 3092; x_wconf 89' lang='lat' dir='ltr'><strong>commigraverunt·</strong></span> <span class='ocrx_word' id='word_1_239' title='bbox 498 3013 536 3074; x_wconf 92' lang='lat' dir='ltr'><strong>ad</strong></span> <span class='ocrx_word' id='word_1_240' title='bbox 559 3012 720 3083; x_wconf 82' lang='lat' dir='ltr'><strong>Venetiae,</strong></span> <span class='ocrx_word' id='word_1_241' title='bbox 753 3012 908 3091; x_wconf 89' lang='lat' dir='ltr'><strong>parvulam</strong></span> <span class='ocrx_word' id='word_1_242' title='bbox 931 3010 1029 3073; x_wconf 88' lang='lat' dir='ltr'><strong>adbuc</strong></span> <span class='ocrx_word' id='word_1_243' title='bbox 1054 3010 1126 3072; x_wconf 88' lang='lat' dir='ltr'><strong>lieet</strong></span> <span class='ocrx_word' id='word_1_244' title='bbox 1148 3012 1304 3089; x_wconf 87' lang='lat' dir='ltr'><strong>pulchram</strong></span> 
     </span>
     <span class='ocr_line' id='line_1_29' title="bbox 126 3114 1303 3197; baseline -0.002 -19"><span class='ocrx_word' id='word_1_245' title='bbox 126 3123 158 3178; x_wconf 92' lang='grc'><strong>01</strong></span> <span class='ocrx_word' id='word_1_246' title='bbox 179 3119 325 3178; x_wconf 91' lang='lat' dir='ltr'><strong>munitam</strong></span> <span class='ocrx_word' id='word_1_247' title='bbox 347 3118 515 3189; x_wconf 84' lang='lat' dir='ltr'><strong>civitatem,</strong></span> <span class='ocrx_word' id='word_1_248' title='bbox 547 3118 602 3179; x_wconf 89' lang='lat' dir='ltr'><strong>sed</strong></span> <span class='ocrx_word' id='word_1_249' title='bbox 626 3119 696 3195; x_wconf 88' lang='lat' dir='ltr'><strong>quia</strong></span> <span class='ocrx_word' id='word_1_250' title='bbox 718 3117 804 3177; x_wconf 92' lang='lat' dir='ltr'><strong>locus</strong></span> <span class='ocrx_word' id='word_1_251' title='bbox 828 3123 929 3177; x_wconf 89' lang='lat' dir='ltr'><strong>arctus</strong></span> <span class='ocrx_word' id='word_1_252' title='bbox 953 3114 1115 3197; x_wconf 88' lang='lat' dir='ltr'><strong>admodum</strong></span> <span class='ocrx_word' id='word_1_253' title='bbox 1148 3121 1213 3176; x_wconf 89' lang='grc'><strong>0001</strong></span> <span class='ocrx_word' id='word_1_254' title='bbox 1245 3133 1303 3176; x_wconf 87' lang='grc'><strong>000</strong></span> 
     </span>
     <span class='ocr_line' id='line_1_30' title="bbox 125 3208 1304 3298; baseline -0.002 -18"><span class='ocrx_word' id='word_1_255' title='bbox 125 3226 238 3281; x_wconf 90' lang='lat' dir='ltr'><strong>tantam</strong></span> <span class='ocrx_word' id='word_1_256' title='bbox 270 3208 414 3283; x_wconf 89' lang='lat' dir='ltr'><strong>nobilium</strong></span> <span class='ocrx_word' id='word_1_257' title='bbox 447 3220 668 3281; x_wconf 90' lang='lat' dir='ltr'><strong>multitudinem</strong></span> <span class='ocrx_word' id='word_1_258' title='bbox 693 3239 761 3282; x_wconf 90' lang='lat' dir='ltr'><strong>cum</strong></span> <span class='ocrx_word' id='word_1_259' title='bbox 784 3227 847 3282; x_wconf 91' lang='lat' dir='ltr'><strong>tam</strong></span> <span class='ocrx_word' id='word_1_260' title='bbox 870 3221 985 3298; x_wconf 89' lang='lat' dir='ltr'><strong>ingenti</strong></span> <span class='ocrx_word' id='word_1_261' title='bbox 1006 3219 1170 3282; x_wconf 90' lang='lat' dir='ltr'><strong>substantia</strong></span> <span class='ocrx_word' id='word_1_262' title='bbox 1194 3236 1304 3298; x_wconf 89' lang='grc'><strong>000000</strong></span> 
     </span>
     <span class='ocr_line' id='line_1_31' title="bbox 127 3323 1303 3410; baseline -0.003 -25"><span class='ocrx_word' id='word_1_263' title='bbox 127 3331 266 3404; x_wconf 89' lang='grc'><strong>0010001,</strong></span> <span class='ocrx_word' id='word_1_264' title='bbox 298 3327 525 3386; x_wconf 81' lang='lat' dir='ltr'><strong>exsiccaverunt</strong></span> <span class='ocrx_word' id='word_1_265' title='bbox 548 3324 674 3385; x_wconf 85' lang='lat' dir='ltr'><strong>cottidie</strong></span> <span class='ocrx_word' id='word_1_266' title='bbox 704 3324 741 3384; x_wconf 90' lang='lat' dir='ltr'><strong>de</strong></span> <span class='ocrx_word' id='word_1_267' title='bbox 772 3323 920 3410; x_wconf 81' lang='lat' dir='ltr'><strong>industria</strong></span> <span class='ocrx_word' id='word_1_268' title='bbox 949 3324 1048 3383; x_wconf 91' lang='lat' dir='ltr'><strong>solum</strong></span> <span class='ocrx_word' id='word_1_269' title='bbox 1078 3331 1109 3384; x_wconf 91' lang='lat' dir='ltr'><strong>et</strong></span> <span class='ocrx_word' id='word_1_270' title='bbox 1132 3325 1303 3383; x_wconf 89' lang='lat' dir='ltr'><strong>mansiones</strong></span> 
     </span>
     <span class='ocr_line' id='line_1_32' title="bbox 126 3414 1303 3506; baseline -0.004 -17"><span class='ocrx_word' id='word_1_271' title='bbox 126 3431 327 3497; x_wconf 87' lang='lat' dir='ltr'><strong>muniverunt,</strong></span> <span class='ocrx_word' id='word_1_272' title='bbox 345 3425 479 3487; x_wconf 88' lang='lat' dir='ltr'><strong>aedilicia</strong></span> <span class='ocrx_word' id='word_1_273' title='bbox 494 3414 582 3487; x_wconf 78' lang='lat' dir='ltr'><strong>exilia</strong></span> <span class='ocrx_word' id='word_1_274' title='bbox 596 3427 696 3497; x_wconf 81' lang='lat' dir='ltr'><strong>Nesae</strong></span> <span class='ocrx_word' id='word_1_275' title='bbox 713 3431 744 3486; x_wconf 89' lang='grc'><strong>01</strong></span> <span class='ocrx_word' id='word_1_276' title='bbox 759 3427 885 3487; x_wconf 88' lang='lat' dir='ltr'><strong>aliorum</strong></span> <span class='ocrx_word' id='word_1_277' title='bbox 900 3427 1085 3506; x_wconf 88' lang='lat' dir='ltr'><strong>piscatomm</strong></span> <span class='ocrx_word' id='word_1_278' title='bbox 1101 3424 1303 3499; x_wconf 87' lang='lat' dir='ltr'><strong>destruentes,</strong></span> 
     </span>
    </p>

    <p class='ocr_par' dir='ltr' id='par_1_4' title="bbox 104 3527 1304 4128">
     <span class='ocr_line' id='line_1_33' title="bbox 104 3527 1304 3607; baseline -0.007 -14"><span class='ocrx_word' id='word_1_279' title='bbox 104 3532 157 3593; x_wconf 77' lang='lat' dir='ltr'><strong>&#39;in</strong></span> <span class='ocrx_word' id='word_1_280' title='bbox 188 3532 285 3591; x_wconf 88' lang='lat' dir='ltr'><strong>altiori</strong></span> <span class='ocrx_word' id='word_1_281' title='bbox 317 3536 419 3590; x_wconf 92' lang='lat' dir='ltr'><strong>autem</strong></span> <span class='ocrx_word' id='word_1_282' title='bbox 453 3529 521 3591; x_wconf 91' lang='lat' dir='ltr'><strong>loeo</strong></span> <span class='ocrx_word' id='word_1_283' title='bbox 561 3531 677 3607; x_wconf 85' lang='lat' dir='ltr'><strong>campi,</strong></span> <span class='ocrx_word' id='word_1_284' title='bbox 711 3531 763 3607; x_wconf 87' lang='lat' dir='ltr'><strong>qui</strong></span> <span class='ocrx_word' id='word_1_285' title='bbox 803 3529 958 3589; x_wconf 86' lang='lat' dir='ltr'><strong>dicebatur</strong></span> <span class='ocrx_word' id='word_1_286' title='bbox 988 3527 1173 3598; x_wconf 90' lang='lat' dir='ltr'><strong>llivoaltum,</strong></span> <span class='ocrx_word' id='word_1_287' title='bbox 1207 3528 1304 3606; x_wconf 91' lang='lat' dir='ltr'><strong>primo</strong></span> 
     </span>
     <span class='ocr_line' id='line_1_34' title="bbox 125 3612 1302 3709; baseline -0.007 -12"><span class='ocrx_word' id='word_1_288' title='bbox 125 3635 320 3697; x_wconf 79' lang='lat' dir='ltr'><strong>fundamenta</strong></span> <span class='ocrx_word' id='word_1_289' title='bbox 342 3632 506 3693; x_wconf 81' lang='lat' dir='ltr'><strong>fortissima</strong></span> <span class='ocrx_word' id='word_1_290' title='bbox 524 3630 712 3709; x_wconf 88' lang='lat' dir='ltr'><strong>jactaverant</strong></span> <span class='ocrx_word' id='word_1_291' title='bbox 727 3612 813 3692; x_wconf 30' lang='lat' dir='ltr'><strong>‘auno</strong></span> <span class='ocrx_word' id='word_1_292' title='bbox 828 3632 949 3691; x_wconf 91' lang='lat' dir='ltr'><strong>Domini</strong></span> <span class='ocrx_word' id='word_1_293' title='bbox 963 3627 1038 3693; x_wconf 76' lang='lat'>456.</span> <span class='ocrx_word' id='word_1_294' title='bbox 1068 3630 1169 3709; x_wconf 80' lang='lat' dir='ltr'><strong>Aliqui</strong></span> <span class='ocrx_word' id='word_1_295' title='bbox 1183 3630 1302 3700; x_wconf 90' lang='lat' dir='ltr'><strong>habeut,</strong></span> 
     </span>
     <span class='ocr_line' id='line_1_35' title="bbox 125 3732 1301 3825; baseline -0.005 -26"><span class='ocrx_word' id='word_1_296' title='bbox 125 3736 205 3817; x_wconf 89' lang='lat' dir='ltr'><strong>quod</strong></span> <span class='ocrx_word' id='word_1_297' title='bbox 220 3736 420 3825; x_wconf 21' lang='lat' dir='ltr'><strong>&#39;fundamenta</strong></span> <span class='ocrx_word' id='word_1_298' title='bbox 435 3735 562 3796; x_wconf 81' lang='lat' dir='ltr'><strong>llivoalti</strong></span> <span class='ocrx_word' id='word_1_299' title='bbox 578 3737 675 3813; x_wconf 88' lang='lat' dir='ltr'><strong>primo</strong></span> <span class='ocrx_word' id='word_1_300' title='bbox 694 3733 884 3812; x_wconf 76' lang='lat' dir='ltr'><strong>Jactatasint</strong></span> <span class='ocrx_word' id='word_1_301' title='bbox 905 3751 982 3795; x_wconf 91' lang='lat' dir='ltr'><strong>anuo</strong></span> <span class='ocrx_word' id='word_1_302' title='bbox 999 3732 1061 3799; x_wconf 82' lang='lat'><strong>321</strong></span> <span class='ocrx_word' id='word_1_303' title='bbox 1088 3737 1217 3814; x_wconf 89' lang='lat' dir='ltr'><strong>septimo</strong></span> <span class='ocrx_word' id='word_1_304' title='bbox 1232 3733 1301 3794; x_wconf 90' lang='lat' dir='ltr'><strong>ldus</strong></span> 
     </span>
     <span class='ocr_line' id='line_1_36' title="bbox 123 3835 1301 3920; baseline -0.003 -17"><span class='ocrx_word' id='word_1_305' title='bbox 123 3839 243 3920; x_wconf 88' lang='lat' dir='ltr'><strong>Aprilis,</strong></span> <span class='ocrx_word' id='word_1_306' title='bbox 266 3847 297 3902; x_wconf 88' lang='lat' dir='ltr'><strong>et</strong></span> <span class='ocrx_word' id='word_1_307' title='bbox 313 3840 475 3901; x_wconf 88' lang='lat' dir='ltr'><strong>eeclesiam</strong></span> <span class='ocrx_word' id='word_1_308' title='bbox 491 3839 522 3898; x_wconf 87' lang='lat' dir='ltr'><strong>S.</strong></span> <span class='ocrx_word' id='word_1_309' title='bbox 534 3838 638 3899; x_wconf 88' lang='lat' dir='ltr'><strong>Jacobi</strong></span> <span class='ocrx_word' id='word_1_310' title='bbox 654 3856 745 3917; x_wconf 90' lang='lat' dir='ltr'><strong>super</strong></span> <span class='ocrx_word' id='word_1_311' title='bbox 768 3837 864 3920; x_wconf 73' lang='lat'>(212</span> <span class='ocrx_word' id='word_1_312' title='bbox 873 3835 917 3917; x_wconf 68' lang='grc' dir='ltr'><strong>α)</strong></span> <span class='ocrx_word' id='word_1_313' title='bbox 933 3840 1103 3902; x_wconf 90' lang='lat' dir='ltr'><strong>llivoaltum</strong></span> <span class='ocrx_word' id='word_1_314' title='bbox 1126 3839 1301 3901; x_wconf 87' lang='grc'><strong>0011110000-</strong></span> 
     </span>
     <span class='ocr_line' id='line_1_37' title="bbox 125 3940 1300 4023; baseline -0.002 -17"><span class='ocrx_word' id='word_1_315' title='bbox 125 3954 209 4019; x_wconf 88' lang='grc'><strong>0001,</strong></span> <span class='ocrx_word' id='word_1_316' title='bbox 243 3963 320 4023; x_wconf 87' lang='lat' dir='ltr'><strong>quae</strong></span> <span class='ocrx_word' id='word_1_317' title='bbox 342 3945 433 4006; x_wconf 93' lang='lat' dir='ltr'><strong>bodie</strong></span> <span class='ocrx_word' id='word_1_318' title='bbox 455 3944 496 4004; x_wconf 88' lang='lat' dir='ltr'><strong>ibi</strong></span> <span class='ocrx_word' id='word_1_319' title='bbox 519 3949 636 4013; x_wconf 89' lang='lat' dir='ltr'><strong>manet,</strong></span> <span class='ocrx_word' id='word_1_320' title='bbox 670 3949 701 4003; x_wconf 90' lang='lat' dir='ltr'><strong>et</strong></span> <span class='ocrx_word' id='word_1_321' title='bbox 723 3940 779 4004; x_wconf 90' lang='grc'><strong>1011</strong></span> <span class='ocrx_word' id='word_1_322' title='bbox 808 3944 904 4022; x_wconf 90' lang='lat' dir='ltr'><strong>prima</strong></span> <span class='ocrx_word' id='word_1_323' title='bbox 933 3944 1074 4023; x_wconf 88' lang='lat' dir='ltr'><strong>parochia</strong></span> <span class='ocrx_word' id='word_1_324' title='bbox 1097 3942 1300 4004; x_wconf 87' lang='lat' dir='ltr'><strong>Venetiarum.</strong></span> 
     </span>
     <span class='ocr_line' id='line_1_38' title="bbox 126 4045 1303 4128; baseline -0.003 -18"><span class='ocrx_word' id='word_1_325' title='bbox 126 4046 255 4112; x_wconf 76' lang='grc'><strong>00111110</strong></span> <span class='ocrx_word' id='word_1_326' title='bbox 278 4057 380 4113; x_wconf 85' lang='lat' dir='ltr'><strong>autem</strong></span> <span class='ocrx_word' id='word_1_327' title='bbox 411 4047 659 4128; x_wconf 83' lang='lat' dir='ltr'><strong>augmentabatur</strong></span> <span class='ocrx_word' id='word_1_328' title='bbox 688 4065 815 4111; x_wconf 89' lang='lat' dir='ltr'><strong>numero</strong></span> <span class='ocrx_word' id='word_1_329' title='bbox 847 4048 993 4113; x_wconf 89' lang='lat' dir='ltr'><strong>nobilium</strong></span> <span class='ocrx_word' id='word_1_330' title='bbox 1026 4047 1242 4110; x_wconf 86' lang='lat' dir='ltr'><strong>confluentium</strong></span> <span class='ocrx_word' id='word_1_331' title='bbox 1265 4045 1303 4106; x_wconf 90' lang='lat' dir='ltr'><strong>ad</strong></span> 
     </span>
    </p>
   </div>
   <div class='ocr_carea' id='block_1_3' title="bbox 1058 4167 1092 4220">
    <p class='ocr_par' dir='ltr' id='par_1_5' title="bbox 1058 4167 1092 4220">
     <span class='ocr_line' id='line_1_39' title="bbox 1058 4167 1092 4220; baseline 0 0"><span class='ocrx_word' id='word_1_332' title='bbox 1058 4167 1092 4220; x_wconf 79' lang='grc'><strong>26</strong></span> 
     </span>
    </p>
   </div>
   <div class='ocr_carea' id='block_1_4' title="bbox 0 0 1442 4770">
    <p class='ocr_par' dir='ltr' id='par_1_6' title="bbox 0 0 1442 4770">
     <span class='ocr_line' id='line_1_40' title="bbox 0 0 1442 4770; baseline 0 1"><span class='ocrx_word' id='word_1_333' title='bbox 0 0 1442 4770; x_wconf 95' lang='lat' dir='ltr'><strong> </strong></span> 
     </span>
    </p>
   </div>
  </div>
 </body>
</html>
