2874 4770
690 170 735 245 38

125 355 202 415 Sunt
225 356 307 414 enirn
329 350 491 414 Mamalooi
515 353 644 414 civitatis
669 356 700 412 et
723 352 823 428 gentis
845 349 925 412 illius
946 352 1104 420 rectores,
1127 355 1162 411 ut
1183 351 1305 430 patebit

126 465 157 516 et
180 474 286 518 eorum
310 457 456 519 clamores
480 464 510 518 et
533 458 629 517 minas
652 470 758 514 omnes
790 459 915 532 pavent,
945 471 1003 513 nec
1034 456 1193 532 percussi,
1224 450 1304 525 trusi,

44 577 48 587 ’
125 558 216 629 laesi,
246 561 318 620 tacti
349 560 460 620 audent
489 564 684 638 repercutere
720 562 772 617 aut
807 556 972 616 reclamare
1015 575 1075 618 nec
1106 575 1306 628 murmurare,

126 664 186 721 imo
209 679 265 721 neo
300 670 417 722 torvum
447 663 563 723 vultum
595 660 766 721 ostendere.
815 657 890 718 Cum
921 675 993 736 ergo
1024 661 1068 719 sic
1101 679 1175 721 cum
1205 660 1306 739 popula·

124 761 234 840 injuria
268 767 314 826 via
347 763 468 828 daretur
508 772 539 826 et
571 764 701 843 populus
730 767 864 832 notaret,
899 761 980 840 quod
1010 769 1135 842 propter
1169 769 1305 825 nostrum

125 868 283 928 transitum
305 867 390 928 illum
413 871 556 930 sustinuit
580 865 737 936 insultum,
769 866 929 926 currebant
951 872 1022 945 post
1043 883 1100 926 nos
1123 867 1232 937 multi,
1261 871 1304 928 iu·

125 969 304 1041 clamantes,
337 971 514 1042 irridentes,
544 970 661 1049 linguas
691 971 722 1028 in
750 985 806 1028 nos
830 967 1060 1046 protendentes,
1094 975 1124 1030 et
1148 971 1304 1049 pulverem

125 1079 318 1152 spargentes,
353 1076 504 1152 quianon
528 1079 599 1133 sunt
621 1075 662 1134 ibi
685 1071 818 1152 lapidcs;
854 1071 946 1149 aliqui
968 1071 1129 1132 trahebant
1153 1092 1212 1134 nos
1236 1092 1305 1135 cum

123 1180 273 1248 vestibus,
303 1177 394 1255 aliqui
428 1175 537 1237 caudas
561 1177 714 1236 asinorum
737 1173 1024 1253 apprehendebant,
1059 1180 1091 1234 et
1114 1177 1305 1238 circulariter

124 1289 281 1342 currentes
306 1282 441 1341 crebrius
465 1280 641 1340 evertebant
662 1278 791 1338 bestiam
813 1283 882 1337 cum
897 1294 1034 1348 sessore,
1058 1295 1116 1337 neo
1132 1282 1304 1340 curavimus

123 1383 248 1460 injurias
272 1403 332 1444 non
355 1385 499 1452 laesivas,
534 1381 589 1442 sed
612 1398 681 1441 cum
705 1380 813 1459 aliquis
835 1381 1012 1457 peregrinus
1034 1378 1213 1443 laedebatur
1236 1400 1302 1462 per·

124 1487 331 1556 cussionibus,
355 1493 405 1546 aut
429 1486 466 1546 de
488 1487 586 1546 bestia
607 1483 797 1554 trahebatur,
821 1484 871 1543 alii
886 1484 961 1543 socii
977 1484 1148 1544 clamabant
1164 1484 1202 1545 ad
1216 1503 1302 1564 prae·

127 1586 272 1647 cedentes
295 1586 500 1658 MamalucoS‚
530 1589 581 1665 qui
612 1587 750 1647 conversi
781 1585 936 1647 laedentes
959 1585 1110 1664 fugabant.
1159 1586 1302 1649 Penetra·

124 1691 220 1750 vimus
247 1709 319 1768 ergo
343 1690 488 1770 populum
510 1682 552 1750 ib'i
576 1692 660 1750 etin
683 1690 758 1749 locis
782 1689 848 1750 aliis
873 1707 942 1749 curn
964 1689 1066 1750 labore
1091 1696 1121 1751 et
1154 1692 1301 1768 periculo.

211 1792 243 1853 ln
259 1812 404 1872 processu
420 1799 566 1853 venemnt
584 1794 672 1853 nobis
700 1794 819 1854 obviam
840 1792 899 1853 duo
915 1791 1088 1861 Sarraceni,
1110 1795 1168 1854 viri
1183 1796 1302 1864 maturi,

126 1894 327 1970 procedentes
350 1899 381 1955 in
404 1898 494 1956 asinis
518 1913 572 1973 per
595 1881 831 1966 multitudinem,
861 1901 891 1955 et
912 1894 1090 1981 videbantur
1112 1912 1184 1957 esse
1208 1896 1301 1957 hono-

125 1995 233 2055 rabiles
258 2016 416 2075 personae.
463 1999 573 2058 Contra
604 1999 660 2059 hos
688 1996 765 2060 duos
797 2000 1025 2060 insurrexerunt
1056 1997 1115 2058 duo
1138 1993 1302 2061 Mamalu‘ci

125 2097 267 2160 ductores
290 2104 385 2162 nostri
409 2119 523 2180 eosque
545 2101 673 2163 lustibus
699 2101 874 2163 exciderunt
900 2109 930 2163 et
955 2099 1132 2178 dejecerunt
1155 2100 1192 2161 de
1209 2107 1303 2164 asinis

125 2203 154 2262 in
179 2208 307 2278 terram,
330 2212 361 2265 et
382 2205 479 2282 longis
503 2205 684 2265 clamoribus
700 2203 789 2264 simul
804 2205 995 2282 litigaverunt
1010 2211 1190 2266 accurrente
1207 2207 1302 2268 multo

124 2310 251 2385 populo,
284 2311 321 2372 de
353 2327 412 2388 quo
445 2327 501 2368 nos
531 2309 729 2378 mirabamur,
764 2309 834 2385 quia
856 2308 1033 2385 mysterium
1066 2305 1138 2388 (88
1153 2305 1200 2387 a),
1233 2309 1302 2370 iacti

95 2427 99 2434 ’
122 2411 324 2487 ignoravimus
347 2414 455 2490 primo.
501 2410 554 2471 llla
576 2417 677 2471 autem
701 2410 757 2471 luit
780 2428 884 2481 causa,
917 2416 1040 2489 propter
1062 2427 1153 2487 quam
1172 2412 1218 2474 illi
1244 2413 1302 2475 duo

124 2511 239 2573 detrusi
262 2515 384 2576 luerunt
407 2515 444 2574 de
469 2516 577 2584 asinis,
610 2514 679 2590 quia
711 2511 810 2590 legem
841 2513 942 2572 curiae
966 2512 1088 2574 Soldani
1118 2519 1301 2595 transgressi

128 2614 261 2675 lucrant:
286 2623 430 2677 statutum
454 2619 534 2676 enim
558 2625 619 2687 est,
643 2614 723 2694 quod
738 2615 856 2694 quando
872 2615 1056 2676 Sarracenos
1073 2618 1164 2678 habet
1178 2620 1301 2680 obvium

91 2736 95 2744 ¹
125 2717 269 2777 curialem
285 2707 488 2779 Mamalucu'm
511 2726 702 2797 equestrem,
726 2718 807 2796 quod
821 2719 888 2796 ipse
905 2718 1104 2791 Sarracenos,
1126 2723 1153 2780 si
1168 2722 1198 2779 in
1218 2725 1301 2782 asino

125 2823 182 2877 aut·
198 2835 276 2895 equo
301 2818 401 2892 sedet,
425 2823 564 2905 extrahat=
583 2820 678 2900 pedes
702 2820 739 2881 de
763 2823 876 2900 strepis
899 2829 930 2884 et
955 2821 1085 2884 dimittat
1107 2824 1300 2902 dependere;

126 2920 152 2978 si
175 2919 233 2978 hoc
256 2919 343 2992 lacit,
366 2924 492 2994 bonum3
517 2925 543 2983 si
566 2942 642 3007 non,
667 2923 705 2984 de
728 2927 814 2985 asino
831 2927 1042 2986 incunctanter
1056 2926 1208 3003 dejicitur.
1237 2930 1301 2990 Nec

125 3023 351 3100 possunt‘bene
376 3028 509 3105 equitare
526 3026 683 3087 Sarraceni
700 3029 730 3085 in
747 3030 873 3106 strepis,
897 3031 967 3107 quia
982 3031 1123 3091 continue
1142 3037 1301 3093 transeunt

124 3121 302 3196 Mamaluoi,
326 3132 356 3186 et
372 3129 498 3206 quiailli
516 3131 639 3207 strepati
656 3130 849 3201 incedebant,
873 3130 994 3192 luerunt
1008 3136 1115 3194 vexati.
1148 3134 1180 3194 Si
1198 3144 1301 3212 autem

123 3227 244 3304 penitus
268 3228 356 3290 alieni
379 3233 517 3294 homines
540 3233 682 3294 sedentes
698 3232 727 3291 in
744 3235 835 3293 asinis
851 3225 961 3294 habent
980 3233 1168 3298 Mamaluoos
1184 3240 1299 3310 obvios,

124 3316 184 3389 non
208 3330 334 3403 suflicit,
358 3341 391 3395 ut
413 3335 506 3414 pedes
524 3336 666 3419 astrepis
680 3334 816 3407 solvant,
840 3335 896 3397 sed
911 3345 1044 3415 oportet,
1068 3339 1149 3417 quod
1166 3341 1300 3403 totaliter

124 3431 161 3492 de
178 3434 269 3492 asinis
286 3434 471 3522 descendant
487 3444 518 3498 et
533 3445 628 3508 stent,
653 3423 810 3516 quousque
828 3442 1016 3512 transierint3
1042 3444 1068 3502 si
1085 3461 1144 3502 non
1161 3442 1298 3517 iecerint,

123 3537 252 3612 graviter
275 3539 522 3603 molestabuntur.
569 3541 726 3600 Sarraceni
754 3561 812 3602 non
838 3543 966 3604 curiales
990 3553 1117 3622 possunt
1139 3547 1168 3605 in
1191 3548 1299 3608 bestiis

123 3641 250 3699 transire
274 3641 332 3701 soli
355 3645 405 3703 ubi
428 3645 543 3722 placet,
566 3646 632 3704 sine
656 3652 757 3706 tamen
780 3665 836 3707 usu
853 3653 1038 3724 streparum,
1062 3647 1116 3708 sed
1135 3649 1299 3714 Christiani

123 3746 153 3798 et
176 3739 300 3813 ludaei,
330 3745 501 3822 ubicunque
524 3749 636 3826 reperti
667 3747 780 3809 luerint
809 3751 839 3831 in
873 3751 994 3810 civitate
1015 3751 1045 3809 in
1066 3749 1172 3828 equis,
1205 3757 1298 3815 asinis

123 3849 173 3902 aut
197 3844 339 3918 camelis,
371 3845 566 3924 dejiciuntur,
598 3853 656 3910 nisi
685 3852 813 3914 habeant
834 3852 879 3938 yde
904 3855 986 3913 curia
1009 3852 1131 3914 Soldani
1155 3855 1299 3918 ductores

122 3948 263 4018 comites,
293 3956 323 4009 et
346 3957 417 4011 tunc
439 3954 470 4012 in
493 3956 579 4031 equis
601 3961 728 4032 possunt
749 3948 907 4027 incedere,
929 3963 961 4017 et
984 3961 1013 4018 in
1036 3958 1147 4034 strepis
1171 3976 1205 4019 se
1230 3979 1297 4021 sus-

122 4054 255 4120 tentaro3
287 4053 412 4130 quilibet
441 4061 541 4114 tamen
577 4064 680 4135 potest
703 4059 743 4117 ibi
766 4052 860 4121 libere
883 4059 978 4138 pedes
1002 4061 1170 4132 ambulare,
1194 4062 1297 4139 cujus-

123 4167 251 4228 cumque
275 4155 455 4216 conditionis
478 4158 568 4218 bomo
592 4159 698 4230 fuerit,
721 4160 776 4221 sed
800 4181 888 4241 grave
912 4169 943 4223 et
965 4164 1170 4242 periculosum
1193 4166 1297 4227 estibi
