2874 4770
680 140 749 211 2⁷⁰

124 333 158 388 et
184 321 358 386 necessaria
387 318 430 380 ibi
460 319 713 398 comparavimus.
756 317 889 398 ingressi
921 326 1026 378 autem
1052 318 1240 398 hospitium,
1272 329 1305 383 ut

123 448 230 491 rerum
250 427 347 488 fatear
367 422 571 502 turpitudinis,
591 423 633 483 ibi
657 421 849 484 comedimus
871 431 902 484 et
924 424 1054 484 bhimus
1065 444 1075 495 ;
1100 443 1173 484 uam
1196 428 1228 486 in
1242 433 1304 488 tota

123 537 199 596 urbe
221 550 282 592 uon
305 536 354 591 est
374 528 462 588 loom
483 529 652 606 peregrinis
681 526 721 588 ad
742 527 926 588 manendum
953 531 1014 588 nisi
1042 529 1189 608 lupanar,
1223 529 1304 609 quod

123 645 226 700 tamen
247 635 375 695 lenones
409 631 447 692 ad
474 634 647 711 ingressum
679 631 874 694 dominorum
895 636 1126 714 peregrinorum
1160 635 1304 697 mundant

122 749 156 802 et
175 744 208 801 in
228 739 357 799 honesta
378 735 575 797 transierunt.
617 735 705 796 Sicut
727 739 812 797 enim
833 737 906 798 olim
927 737 986 798 fuit
1005 741 1039 798 in
1061 742 1198 811 oriente,
1222 739 1303 818 qnod

122 863 185 907 uon
206 847 293 904 eraut
314 840 460 918 hospitia,
482 843 542 901 nisi
563 839 672 901 domus
693 842 883 914 inhonestae,
905 851 939 904 ut
961 852 1046 922 patet
1066 842 1184 905 Josuae
1204 844 1241 905 ll
1265 843 1300 906 de

123 948 378 1030 exploratoribus,
410 949 464 1025 qui
486 946 611 1008 domum
642 950 812 1009 meretricis
833 951 966 1028 ingressi
991 950 1129 1021 fumant,
1165 958 1197 1011 et
1219 948 1302 1010 Judi·

124 1074 194 1118 eum
217 1051 295 1113 xtt.
318 1050 357 1112 de
379 1050 546 1112 Samsoue:
573 1053 619 1111 sic
640 1051 731 1112 hodie
754 1060 812 1114 est.
854 1053 888 1113 Si
910 1061 1013 1114 autem
1034 1055 1128 1132 aliqui
1151 1057 1301 1133 peregrini

124 1161 193 1223 alibi
217 1158 320 1220 solunt
342 1172 482 1225 insuere,
514 1172 622 1233 magna
644 1158 772 1233 erigitur
793 1160 921 1235 pecunia
942 1157 980 1218 ad
1003 1157 1171 1218 emendum
1193 1161 1301 1229 omnia,

123 1265 216 1336 ollas,
239 1260 368 1323 caldaria
391 1265 424 1318 et
445 1264 582 1330 caetera,
612 1276 691 1336 quae
708 1261 745 1319 iu
767 1261 896 1337 publicis
918 1260 1059 1322 domibus
1080 1261 1232 1323 habentur
1253 1280 1302 1340 pa·

123 1376 203 1438 rata,
235 1373 266 1426 et
288 1382 351 1424 non
382 1364 413 1422 iu
436 1363 569 1440 privatis.
614 1361 823 1424 Communiter
851 1367 944 1425 etiam
964 1367 1084 1444 patroni
1106 1365 1301 1444 turpitudinis

123 1480 194 1535 suut
214 1469 390 1539 Alemanni,
412 1467 461 1528 sel
483 1467 584 1526 sciunt
605 1465 755 1546 linguam,
787 1469 858 1531 ideo
880 1479 1006 1549 propter
1028 1471 1217 1532 locutionem
1243 1489 1301 1531 non

124 1579 263 1639 obstante
286 1573 479 1635 inhonestate
501 1570 711 1650 ingrediuntur
733 1576 887 1653 peregrini
908 1573 947 1636 ad
961 1593 1034 1648 eos,
1057 1577 1129 1655 quia
1143 1575 1219 1636 alias
1233 1593 1302 1636 suas

123 1682 324 1744 necessitates
346 1668 517 1758 exprimere
539 1681 691 1753 nesciunt.

452 1976 650 2071 Descriptio
678 1978 804 2075 Cretae
830 1979 976 2053 insulae.
1037 2056 1040 2060 .

210 2204 332 2266 Cretam
355 2199 421 2263 sive
433 2195 579 2262 Candiam
594 2199 801 2282 descripturus
815 2201 911 2262 multa
925 2201 1082 2279 gentilium
1098 2208 1130 2261 et
1145 2208 1302 2280 poetarum

122 2312 201 2374 iacta
222 2309 368 2372 inducere
390 2307 475 2384 regio
498 2307 591 2384 cogit.
635 2306 826 2369 sicutenim
857 2305 1020 2384 descriptio
1051 2312 1152 2366 terrae
1178 2314 1301 2368 sanctae

123 2416 336 2497 complectitur
357 2431 459 2475 sacras
481 2413 641 2485 historias,
663 2395 715 2473 sic·
732 2411 896 2492 descriptio
909 2410 1064 2482 Graeciae,
1088 2415 1180 2474 maris
1203 2421 1236 2474 et
1256 2417 1300 2475 in·

123 2524 258 2585 aularum
280 2519 348 2598 ejus
370 2520 509 2581 dodones
524 2519 660 2598 implicat
674 2520 827 2597 poeticae·
850 2517 928 2578 Nam
948 2519 1030 2578 sicut
1050 2518 1082 2577 iu
1102 2524 1185 2578 terra
1200 2525 1302 2578 saneta

124 2635 247 2690 exortae
270 2632 340 2688 sunt
363 2626 505 2689 veritates
528 2623 727 2702 theologicae,
750 2624 848 2683 sicin
872 2623 998 2684 Graecia
1012 2629 1096 2682 ortae
1111 2629 1185 2684 sunt
1207 2622 1300 2683 fictio·

122 2751 180 2796 nes
204 2733 352 2815 poeticae.
381 2728 419 2790 lit
440 2713 520 2789 sicot
542 2728 572 2786 iu
587 2733 668 2787 terra
683 2733 788 2788 saneta
809 2727 949 2807 apparuit
970 2743 1048 2786 uuus
1063 2724 1147 2786 Deus
1164 2734 1197 2787 et
1211 2727 1301 2788 homo

123 2853 234 2907 verus,
258 2836 302 2897 sic
324 2838 356 2898 in
378 2835 467 2896 terris
490 2833 537 2894 hia
560 2838 764 2911 apparuerunt
786 2831 889 2911 plures
911 2831 1065 2903 homines,
1089 2831 1130 2896 dii
1152 2831 1232 2894 falsi.
1266 2833 1303 2893 Et

123 2939 204 3000 sieut
226 2945 306 3000 terra
320 2947 423 3000 saneta
438 2937 541 2999 habuit
555 2936 694 2996 homines
711 2941 851 3007 sanctos,
875 2937 920 2994 sic
935 2941 1034 2995 terrae
1049 2935 1118 2996 illae
1133 2935 1303 2997 habueruut

123 3041 263 3102 homines
285 3043 514 3119 spurcissimos,
549 3039 588 3102 de
612 3039 718 3118 quibus
742 3038 866 3119 quidem
889 3037 993 3100 taedet
1021 3055 1070 3099 me
1095 3038 1214 3113 dicere,
1248 3040 1303 3100 sed

122 3151 267 3223 superato
290 3145 391 3207 taedio
414 3135 605 3207 occurrentia
628 3143 666 3206 de
688 3144 735 3204 his
758 3151 888 3223 tangam.

209 3246 306 3325 liujus
321 3248 440 3310 insulae
452 3252 575 3310 nomina
593 3256 663 3311 sunt
677 3249 780 3329 plura:
804 3250 877 3311 olim
893 3248 974 3309 euim
989 3245 1144 3310 dicebatur
1160 3248 1302 3322 Oceania,

122 3357 232 3433 postea
252 3350 486 3426 Macaroueaon‚
521 3352 631 3415 deinde
656 3352 760 3426 Creta,
783 3352 907 3414 demum
929 3352 1120 3432 centapolis,
1143 3354 1243 3416 Atrea
1273 3361 1304 3414 et

124 3456 246 3519 Gaudia.
291 3455 426 3519 Primum
456 3444 566 3518 nomen
595 3438 701 3519 habuit
725 3459 897 3537 aquodam
928 3457 1010 3520 dicto
1034 3457 1177 3532 Oceano,
1210 3477 1303 3540 quem

124 3561 252 3623 credunt
273 3562 315 3622 ibi
337 3563 505 3635 habitasse,
539 3561 687 3624 etlilium
712 3562 797 3625 Coeli
819 3570 851 3624 et
873 3563 984 3625 Vestae
1008 3566 1072 3625 sive
1095 3563 1208 3624 Terrae
1232 3581 1303 3625 eum

120 3661 280 3759 dicebant,
301 3681 319 3726 a
341 3682 401 3744 quo
425 3671 457 3726 et
478 3683 564 3726 mare
586 3667 734 3734 muudum
749 3670 930 3731 circumiens
948 3668 1064 3732 Oceani
1079 3686 1192 3730 nomeu
1214 3686 1302 3730 aece-

123 3768 184 3846 pit‚
212 3772 348 3846 'eumque
382 3786 437 3848 pro
465 3787 585 3833 summo
608 3770 674 3832 Deo
698 3771 864 3845 colebant,
883 3775 947 3834 imo
976 3780 1007 3833 et
1030 3779 1146 3852 patrem
1176 3771 1303 3834 deorum

123 3870 281 3942 dicebant,
304 3870 348 3930 illi
361 3873 541 3951 praecipue,
564 3875 617 3951 qui
631 3873 841 3938 humiditatem
855 3878 1037 3958 principium
1049 3879 1184 3939 omnium
1200 3894 1303 3938 rerum

123 3993 195 4038 esse
219 3973 368 4036 dicebant.

120 4149 124 4156 .
210 4079 297 4140 Dicta
329 4078 420 4139 etiam
450 4074 507 4138 tuit
536 4077 626 4142 idaea
658 4082 736 4143 haec
763 4084 876 4158 insula,
912 4087 948 4147 ab
977 4103 1071 4148 urere
1102 4088 1186 4148 lovis
1213 4085 1304 4149 idaea

120 4182 221 4279 'dicim
240 4196 291 4245 fex
311 4198 371 4262 qua
392 4180 503 4243 multos
516 4186 632 4263 ,genuit
651 4186 811 4273 gentilium
832 4188 926 4264 deos,
956 4193 1117 4272 ipsamque
1146 4191 1206 4255 diis
1228 4210 1301 4257 eon·
