2874 4770
191 1348 328 1416 Indioem,
356 1349 402 1417 qni
427 1348 565 1416 sequitur,
593 1364 610 1399 s
627 1314 724 1400 Fratre
748 1347 867 1400 ilenrico
892 1348 967 1401 wild
993 1349 1166 1417 confectum,
1197 1353 1233 1402 ab
1251 1353 1301 1404 alio

122 1438 237 1507 quodum
257 1437 388 1489 monacho
407 1441 574 1501 correctum,
593 1435 653 1504 ipse
666 1436 849 1488 nosterFellx
867 1436 986 1488 seeundo
1006 1437 1099 1506 operis
1119 1438 1164 1490 sni
1179 1439 1304 1491 volumini

121 1524 251 1593 praefixit.
288 1524 318 1576 ln
338 1541 390 1595 quq
409 1521 557 1575 evolvendo
576 1522 643 1575 illud
663 1522 822 1589 tenendum,
841 1522 911 1590 qnod
927 1524 1102 1590 praemonui,
1122 1541 1182 1576 non
1202 1527 1302 1593 quidem

122 1610 156 1663 sd
176 1617 285 1663 nostrae
307 1609 436 1662 editionis
455 1609 572 1677 paginas
598 1609 698 1661 referri
724 1609 823 1662 debere
846 1625 972 1661 numeros
999 1617 1025 1663 et
1043 1611 1169 1679 litteras,
1198 1615 1247 1665 sed
1272 1614 1300 1664 ad

122 1697 264 1768 pristinam
285 1697 349 1749 libri
368 1698 488 1750 indolem
508 1696 677 1765 interpositis
698 1697 816 1749 numeris
830 1703 907 1766 atque
920 1690 1020 1751 litteris
1039 1716 1218 1768 expressam,
1237 1707 1264 1752 ut
1282 1701 1302 1751 si

122 1785 202 1852 legas
216 1785 313 1849 mon,
333 1783 425 1836 folium
445 1787 496 1838 268
515 1786 618 1853 primae
637 1786 739 1838 codicis
759 1786 844 1852 partis
864 1788 977 1854 ejusque
995 1793 1090 1854 reeta,·
1105 1806 1187 1856 quam
1208 1791 1304 1856 dieunt,

122 1870 241 1941 pagina,
269 1871 376 1923 sivero
398 1872 476 1940 legas
496 1873 579 1937 osb,
608 1870 701 1926 foliam
722 1875 755 1926 62
784 1873 921 1928 secundae
945 1874 1048 1926 oodieis
1076 1877 1166 1942 partis
1195 1880 1304 1945 ejusque

123 1973 203 2009 verso
229 1957 332 2026 pagina
350 1958 495 2042 indicetur
532 1956 586 2012 Ubi
605 1959 687 2028 Qrel
707 1949 857 2012 ordonum
878 1966 952 2026 est,
961 1960 994 2012 de
1012 1962 1062 2012 rlla
1079 1965 1198 2014 materia
1228 1966 1302 2016 etism

124 2041 218 2095 folium
240 2043 359 2112 proxime
371 2038 489 2112 sequens
509 2046 727 2112 perlustrandum
746 2047 808 2098 es‘se
826 2028 1004 2115 signifieatur.
1029 2049 1101 2100 Illud
1120 2050 1242 2119 (lenique
1260 2069 1303 2104 no·

124 2130 232 2182 tandum
252 2136 307 2198 est,
327 2133 459 2185 voeabula
477 2133 568 2185 littera
586 2149 618 2186 ae
631 2133 791 2201 incipientia
804 2152 852 2203 pro
866 2133 987 2201 diversa,
1008 2151 1060 2204 qua
1074 2136 1113 2188 uti
1127 2139 1202 2191 solet
1215 2147 1303 2192 anetor

124 2219 263 2273 scribendi
282 2220 396 2286 ratione,
416 2221 576 2290 saepissime
589 2221 741 2274 sublittora
760 2238 774 2273 e
792 2223 946 2289 quaerenda
961 2223 1183 2291 atquesimilitor
1203 2227 1302 2279 litteras

126 2308 135 2359 i
154 2313 180 2361 et
198 2326 224 2375 y,
245 2324 259 2359 o
278 2308 334 2360 etk
352 2307 473 2375 aliasque
492 2309 565 2362 inter
580 2325 610 2362 se
629 2325 692 2362 esso
710 2315 893 2378 permutatam
