2874 4770
681 183 746 252 tec

122 365 262 434 baberet,
285 379 356 423 curn
379 379 416 422 eo
431 368 569 438 tempore
585 359 669 440 pluat
683 357 763 439 apud
779 375 835 418 nos
851 359 997 428 marime;
1021 355 1078 417 sed
1102 357 1175 435 quia
1188 361 1310 417 aestate

123 472 251 544 augetur
280 466 311 525 in
334 481 410 524 zona
432 462 518 524 nobis
540 463 679 542 opposita
701 462 753 522 ubi
775 461 872 521 hiems
895 467 943 521 cst
965 464 997 519 et
1019 459 1141 537 pluviae
1157 476 1194 520 ac
1210 461 1309 532 uires,

123 570 219 629 oritur
241 574 273 628 et
295 569 516 627 incrementum
546 569 674 628 suscitat
706 572 737 626 et
768 583 823 644 per
850 563 1062 625 inhabitabiles
1093 563 1242 642 regiones
1273 563 1310 625 ad

123 689 180 734 nos
204 670 279 733 fluit.
325 669 387 731 Sed
410 689 467 732 nec
490 669 549 730 hoc
571 670 669 741 rdet,
700 670 770 747 quia
791 667 979 746 impossibile
1008 673 1073 740 est,
1102 685 1141 730 ex
1163 670 1309 747 opposito

123 777 213 839 nobis
234 777 308 838 orbe
332 773 446 836 humen
469 773 507 835 ad
528 791 584 834 nos
614 771 741 844 deferri,
770 790 839 832 cum
867 777 949 832 terra
972 768 1112 831 rotunda
1142 772 1257 833 existat
1278 778 1309 832 et

124 897 234 958 aquam
257 897 378 941 sursum
409 895 531 943 eumere
560 894 690 939 necesse
719 882 810 938 esset.
856 873 969 936 Mirum
998 877 1090 935 etiam
1120 881 1189 948 est,
1212 875 1309 954 ‘qnod

123 982 206 1045 solus
222 984 307 1045 Nilus
331 982 370 1044 de
392 982 445 1042 illo
467 982 540 1045 orbe
558 979 595 1042 ad
617 998 673 1041 nos
690 979 834 1042 ascendat
856 985 888 1038 et
909 995 970 1038 non
993 979 1086 1038 etiam
1101 976 1179 1039 aliae
1195 995 1305 1056 aquae.

124 1086 267 1166 inopides
290 1086 376 1158 dicit,
408 1103 501 1164 aquas
534 1085 614 1146 intra
640 1091 754 1145 terram
786 1089 902 1161 aestate
925 1099 995 1142 esse
1018 1079 1160 1159 frigidas,
1192 1083 1307 1144 calidas

124 1191 239 1263 hicme,
271 1192 358 1251 utin
381 1192 481 1269 puteis
504 1188 653 1251 videmus.
699 1189 751 1250 Sic
775 1187 861 1248 Nilus
889 1186 991 1247 hieme
1022 1185 1205 1266 depressus,
1237 1208 1308 1250 enm

123 1301 204 1356 terra
227 1294 300 1355 alias
323 1294 433 1354 habeat
455 1292 683 1363 humiditatem,
718 1291 773 1352 sed
796 1297 912 1351 aestate
936 1287 1046 1361 effluit,
1070 1309 1139 1352 cum
1162 1299 1248 1355 terra
1270 1295 1309 1353 sit

124 1397 215 1460 arida.
262 1396 324 1458 Sed
345 1413 404 1457 nec
427 1396 485 1456 hoc
508 1402 572 1467 est,
608 1413 678 1455 cum
701 1394 775 1455 aliae
806 1411 903 1472 aquae
934 1390 1046 1471 Lybiae
1074 1394 1135 1454 alio
1165 1403 1308 1476 tempore

124 1519 216 1581 quam
238 1500 325 1561 Nilus
349 1507 488 1560 crescant
516 1506 547 1559 et
570 1497 757 1560 decrescant.
803 1497 1023 1576 Agathargines
1048 1507 1151 1562 autem
1179 1506 1307 1581 propius

123 1608 243 1669 veritati
266 1606 411 1665 accessit:
443 1605 485 1663 ait
508 1605 602 1674 enim,
634 1603 761 1680 singulis
794 1604 877 1663 annis
900 1620 956 1681 per
977 1601 1158 1684 Aethiopiae
1182 1615 1308 1669 montes

124 1712 284 1771 continuos
307 1707 443 1768 aestivali
463 1708 595 1768 solstitio
618 1725 716 1784 nsque
740 1707 777 1768 ad
801 1709 1027 1785 aequinoctium
1049 1709 1225 1770 autumnale
1251 1713 1309 1771 im·

125 1813 196 1874 bre-s
225 1811 299 1871 lieri.
352 1808 439 1871 Haud
467 1812 591 1880 mimm,
624 1807 726 1869 Nilum
757 1808 857 1869 bieme
891 1828 1101 1890 compressum
1135 1814 1312 1876 secundnm

123 1922 261 1976 naturam
284 1914 331 1974 his
357 1917 442 1993 aquis
466 1912 578 1988 liuere,
602 1933 677 1994 quas
701 1915 801 1990 fontes
825 1919 1069 1987 subministrant,
1092 1923 1209 1977 aestate
1233 1937 1310 1981 vero

125 2025 250 2101 propter
279 2018 390 2078 imbres
421 2020 643 2079 incrementum
675 2037 794 2097 capere.
816 2076 819 2080 .
839 2021 876 2080 Et
903 2020 961 2080 hoe
990 2038 1051 2079 non
1080 2020 1187 2098 procul
1218 2029 1312 2083 esta

124 2141 213 2194 vero,
244 2140 313 2182 cum
334 2122 515 2201 Aethiopiae
540 2128 659 2182 montes
683 2121 822 2202 Aegypto
845 2125 1005 2203 propinqui
1029 2126 1103 2194 sint,
1135 2141 1171 2184 er
1197 2128 1311 2204 quibus

126 2224 292 2286 fluentibus
316 2228 402 2304 aquis
426 2225 465 2287 de
488 2226 632 2287 imbribus
655 2225 724 2287 Nilo
748 2229 970 2288 incrementum
999 2227 1080 2289 dant.
1125 2227 1217 2300 Quod
1238 2231 1311 2291 bar-

123 2334 188 2394 bari
211 2350 248 2393 ea
269 2332 439 2393 incolentes
463 2333 530 2394 loca
563 2332 727 2394 affirmant:
760 2333 870 2394 similia
893 2334 974 2392 enim
997 2334 1028 2391 in
1050 2332 1117 2391 aliis
1140 2333 1218 2393 loeis
1242 2336 1311 2397 lieri

126 2438 253 2507 scimus,
277 2453 347 2496 nam
369 2437 400 2495 in
424 2435 547 2514 Scythia
571 2444 689 2497 montes
714 2437 848 2498 Caucaso
872 2439 1031 2518 contiguos
1063 2438 1149 2497 annis
1178 2441 1310 2518 singulis

120 2538 186 2616 jam
209 2547 312 2600 exacta
334 2539 435 2599 hieme
458 2542 624 2602 immensae
648 2545 734 2602 nives
756 2544 905 2603 continuis
922 2541 1024 2600 multis
1048 2539 1153 2601 diebus
1169 2543 1309 2619 opplent.

125 2642 158 2704 ln
173 2646 234 2705 oris
253 2661 324 2721 ergo
337 2641 448 2713 indiae,
473 2661 551 2721 qnae
568 2643 605 2705 ad
621 2648 869 2721 septemtrionem
885 2651 1021 2722 vergunt,
1039 2646 1135 2705 ¹certis
1158 2651 1310 2726 tempori·

126 2748 183 2808 bus
207 2747 355 2823 plurimae
379 2744 540 2821 grandines
564 2754 594 2806 et
616 2747 735 2823 pluviae
757 2747 925 2808 incredibili
948 2749 1154 2825 magnitudine
1175 2748 1309 2812 descen-

125 2849 209 2909 dunt.
254 2848 373 2907 Fluvius
394 2855 501 2908 noster
530 2849 654 2909 Rhenus
678 2856 793 2908 aestate
817 2853 884 2928 plus
908 2870 999 2930 quarn
1021 2853 1120 2913 hieme
1144 2858 1309 2928 excrescit,

127 2959 251 3028 propter
273 2952 490 3011 resolutionem
524 2955 638 3013 nivium
668 2955 699 3013 in
723 2953 859 3032 Alpibus
905 2955 1029 3016 Praeter
1057 2956 1121 3033 jam
1153 2956 1248 3030 dicta,
1282 2962 1310 3019 si

126 3053 226 3132 placet
249 3055 350 3132 legere
375 3053 413 3113 de
436 3054 497 3114 Nili
521 3058 737 3128 excrescentia,
761 3058 829 3119 vide
853 3062 885 3119 in
906 3061 997 3139 Spec.
1021 3062 1127 3122 histor.
1151 3059 1233 3122 Libr.
1252 3061 1308 3126 32.

127 3176 192 3236 cap.
217 3157 269 3221 57.
740 3181 742 3183 ’

212 3261 284 3323 ldeo
307 3271 462 3342 praestans
487 3271 565 3325 terra
590 3273 635 3325 est
658 3268 800 3346 singulari
815 3269 1033 3330 foecunditate:
1047 3267 1113 3350 (h)
1129 3271 1309 3349 frequenter
1326 3353 1329 3357 .

126 3369 208 3428 enim
230 3368 360 3445 legimns
383 3371 413 3428 in
436 3368 546 3440 Bibba,
577 3371 655 3448 quod
687 3373 825 3433 homines
849 3380 987 3452 tempore
1017 3376 1118 3445 lamis,
1150 3374 1308 3436 derelictis

127 3472 190 3530 suis
220 3473 326 3531 nativis
359 3475 448 3532 terris
479 3482 508 3535 et
539 3478 662 3553 optimis
692 3477 781 3548 locis,
814 3481 845 3538 in
867 3478 1038 3556 Aegyptum
1070 3479 1308 3553 descenderunt,

128 3577 218 3634 etiam
249 3579 344 3637 sancti
367 3576 469 3638 Patres
501 3587 532 3640 et
554 3581 705 3641 Abraham
740 3601 808 3641 curn
843 3601 896 3642 sua
930 3582 1041 3642 familia
1073 3583 1231 3643 descendit
1266 3585 1307 3646 de

126 3674 233 3737 bethel
267 3679 401 3750 Canaan‚
426 3680 536 3742 Genes.
563 3681 611 3744 12.
658 3685 693 3744 Et
726 3684 810 3745 lsaac
840 3686 1013 3746 intendebat
1043 3686 1232 3748 descendere
1266 3689 1306 3749 de

125 3778 223 3838 Ebron
246 3782 277 3839 in
300 3781 489 3860 Aegyptum,
520 3787 574 3848 sed
599 3789 739 3848 nonfuit
769 3789 873 3851 aDea
898 3794 1080 3870 permissus,
1109 3791 1219 3852 Genes.
1248 3790 1304 3855 le.

126 3882 162 3941 Et
185 3881 237 3941 lilii
260 3882 351 3944 luae!
375 3894 512 3963 ternpore
536 3889 623 3948 famis
647 3890 871 3953 descenderunt
894 3897 923 3952 in
932 3894 1111 3973 Aegyptum,
1132 3894 1174 3956 ad
1197 3913 1305 3957 emen·

128 3985 199 4046 dnm
216 3984 373 4059 frumenta,
399 3988 509 4050 Genes.
526 3989 579 4053 42.
611 3993 648 4053 Et
664 3993 755 4056 Jacob
772 4016 842 4056 cnm
857 3999 940 4056 omni
957 3997 1048 4060 domo
1064 4017 1119 4059 sna
1134 3997 1171 4060 ad
1186 3998 1304 4078 lugien-

127 4087 199 4148 dnm
222 4088 333 4150 famem
357 4091 513 4153 descendit
537 4093 575 4154 de
598 4101 678 4156 terra
693 4108 812 4171 sancta,
839 4099 949 4160 Genes.
965 4099 1018 4166 itt.
1058 4104 1186 4182 Semper
1209 4106 1303 4176 enim,

126 4200 160 4254 ut
183 4192 257 4268 dini,
289 4195 380 4256 habet
401 4197 532 4270 fructus,
566 4200 712 4263 beneficio
735 4220 858 4283 semper
880 4209 1029 4269 currentis
1050 4207 1131 4281 Nili,
1153 4215 1186 4272 et
1206 4210 1235 4269 si
1256 4209 1304 4272 ias
