2874 4770
647 204 713 274 267

94 379 267 461 Centauris,
298 383 350 460 qui
373 399 441 443 cum
463 380 646 463 Argonautis
670 385 701 444 in
725 380 902 446 Colchidem
926 384 1076 464 navigavit
1110 390 1270 447 eteorum

92 483 167 556 dur,
197 483 291 564 judex
324 493 353 547 et
384 486 520 548 medicus
550 489 622 561 luit,
654 489 827 569 Aesculapii
850 495 881 550 et
902 486 1027 549 Achillis
1050 492 1195 569 magister
1218 509 1270 552 ex·

90 589 177 660 stitit.
209 588 318 650 Statim
340 591 513 669 posthunc
536 589 976 672 Aesculapius'celeherrimus
992 593 1129 654 medicus
1154 595 1269 667 claruit,

89 694 139 754 bic
161 694 293 777 primum
322 696 480 774 speculum
504 695 655 758 adinvenit
684 704 714 758 et
741 698 817 759 alvei
851 699 1059 776 purgationem
1082 705 1114 759 et
1135 699 1270 760 dentium

90 797 289 862 evulsionem.
352 798 408 860 Hic
451 800 602 879 quondam
640 802 835 882 Hippolytum
874 801 1040 862 frustratim
1081 801 1269 881 discerptum

91 906 236 967 memhris
260 904 397 977 collectis
420 903 585 984 undique'
576 924 608 966 m
629 908 720 968 vitam
744 907 896 967 revocavit
911 905 1024 966 Dianae
1047 906 1196 984 precibus,
1221 906 1270 966 cui

89 1010 249 1073 liomaui
240 1012 358 1090 insigne
381 1009 529 1089 templum
552 1010 670 1081 iecere,
701 1010 773 1072 dum
797 1028 813 1072 a
837 1009 976 1071 diuturna
1008 1015 1095 1088 peste
1119 1027 1172 1069 eos
1194 1009 1268 1071 libe-

52 1125 54 1130 ·
88 1121 220 1186 revomi,
253 1121 299 1174 et
307 1112 381 1175 deus
405 1103 610 1176 Romanorum
633 1113 699 1175 luit.
745 1113 807 1175 Sed
838 1121 869 1175 et
891 1112 1055 1185 Machaon,
1088 1111 1167 1172 filius
1192 1111 1269 1189 ejus,

89 1217 197 1280 eadem
227 1200 290 1280 arte
321 1219 436 1279 claruit.
484 1218 612 1290 Quidam
644 1220 734 1280 etiam
756 1217 915 1279 Mercurus
945 1220 1024 1279 inter
1054 1216 1127 1278 deos
1156 1217 1268 1277 relatus

86 1330 214 1406 propter
241 1323 421 1385 medicinam
443 1323 517 1395 luit,
543 1324 632 1413 unde
656 1312 747 1385 etiam
780 1318 850 1404 post
873 1331 1003 1385 mortem
1026 1323 1164 1384 homines
1184 1321 1269 1400 juxta

88 1431 284 1511 sepulchrum
308 1428 374 1507 ejus
398 1448 469 1490 suos
493 1429 631 1515 delectus
655 1431 839 1509 explicantes
863 1429 1052 1514 sanabantur.
1092 1426 1174 1487 Deus
1197 1426 1266 1496 vini,

89 1534 244 1606 Bacchus,
264 1533 357 1612 jussit
380 1554 477 1614 usque
501 1535 538 1596 ad
562 1524 743 1596 ebrietatem
758 1542 790 1596 et
804 1552 901 1614 usque
925 1535 962 1597 ad
978 1536 1140 1620 vanitatem
1155 1533 1268 1605 bibere,

12 1664 17 1673 ·
88 1640 194 1701 dicens
218 1657 287 1700 esse
311 1639 501 1701 medicinam.
555 1640 670 1702 Deinde
694 1640 894 1720 Hippocrates
919 1639 1118 1708 Choacensis,
1147 1636 1268 1714 dequo

86 1742 203 1805 dictum
226 1750 288 1815 est,
320 1743 422 1805 floruit
446 1752 514 1806 ante
539 1745 650 1829 Christi
671 1740 908 1807 incarnationem
930 1741 996 1808 464
1019 1745 1119 1814 annis,
1146 1743 1197 1820 qui
1219 1757 1268 1801 re·

88 1849 209 1910 novavit
232 1848 372 1910 abolitam
386 1849 577 1912 medicinam
607 1850 644 1912 ad
669 1853 849 1930 quingentos
873 1867 978 1911 annos
1024 1846 1098 1908 Post
1119 1864 1189 1906 eum
1211 1844 1268 1905 luit

87 1948 225 2014 Macides
249 1951 399 2024 medicus,
425 1972 532 2032 quem,
557 1973 625 2016 cum
648 1955 756 2016 Darius
780 1973 832 2016 rex
853 1946 1015 2016 Persarum
1040 1969 1108 2012 cum
1132 1949 1267 2028 pluribus

89 2048 154 2120 aliie
178 2048 359 2137 captivasset
382 2065 411 2118 et
436 2076 488 2120 rex
511 2058 596 2138 pedis
623 2061 835 2121 vehementem
852 2058 988 2119 dolorem
1004 2039 1175 2136 pateretur,
1200 2048 1265 2112 Ma-

89 2160 173 2223 cides
196 2179 266 2221 eum
291 2163 406 2223 sanavit
430 2172 461 2225 et
483 2174 609 2245 magnos
633 2165 763 2225 hon'ores
786 2163 890 2227 habuit
912 2169 943 2224 et
966 2161 1146 2221 libertatem.

155 2265 158 2269 ’
176 2264 357 2326 Aristoteles
372 2269 463 2327 etiam
479 2268 614 2328 medicus
631 2267 687 2348 luit
702 2273 771 2328 ante
787 2267 908 2327 Domini
930 2265 1167 2326 incarnationem
1191 2260 1265 2336 att,

88 2375 159 2453 post
182 2374 272 2448 quem
294 2377 440 2432 venerunt
464 2370 673 2441 Ptolomaeus,
708 2352 854 2442 Galenus,
887 2367 1053 2439 Aviceuna,
1086 2364 1266 2437 Averrboes,

88 2470 239 2534 lohannes
256 2475 470 2546 Damascenm,
486 2472 594 2546 Lucas,
609 2473 706 2545 Rasis,
722 2473 913 2545 Alburnasar,
928 2473 1021 2542 lsaae,
1037 2472 1163 2543 Seneca,
1187 2471 1265 2531 Con-

88 2579 236 2640 stantinus
259 2578 380 2651 lllesve,
405 2587 435 2640 et
456 2596 554 2660 usque
578 2582 608 2640 io
630 2581 708 2641 banc
731 2581 836 2641 horam
860 2581 995 2658 insignes
1019 2576 1133 2640 clarent
1156 2578 1211 2638 viri
1235 2579 1266 2638 in

87 2668 153 2761 hac
166 2682 308 2744 facultate
333 2685 541 2745 communibus
564 2683 653 2745 utiles
677 2691 708 2744 et
731 2684 905 2744 necessarii.

176 2788 213 2848 Et
236 2795 269 2848 ut
292 2788 329 2849 de
354 2791 481 2850 caeteris
504 2795 638 2860 taceam,
674 2795 777 2849 nostro
802 2806 875 2849 aevo
898 2790 929 2848 in
952 2795 1055 2851 nostro
1079 2787 1189 2868 oppido
1212 2789 1265 2852 Ul·

86 2873 187 2957 mensi
217 2893 376 2954 habuimus
401 2900 542 2971 expertos
567 2901 597 2954 et
621 2893 736 2953 nobiles
772 2893 930 2977 clarosque
963 2892 1053 2971 hujus
1089 2896 1160 2955 artis
1191 2893 1264 2956 doc·

86 3004 187 3067 tores,
211 2997 330 3058 scilicet
354 2997 523 3057 iohannem
538 2994 671 3068 Wtrter,
694 2996 872 3057 Heinricum
888 2997 1081 3070 Steinhdwel,
1106 2999 1265 3061 Nicolaum

88 3099 217 3163 Stocher
245 3109 276 3162 et
305 3099 371 3178 ejus
402 3100 495 3161 filium
519 3100 686 3175 iohannem
716 3101 857 3173 Stoclrer,
891 3101 1059 3163 iohannem
1090 3101 1264 3182 Minsinger,

85 3206 254 3283 Iohannem
277 3200 369 3286 long,
401 3205 570 3267 iohannem
592 3205 684 3285 Hyier
719 3213 749 3266 et
771 3205 906 3267 Ulricum
929 3205 1042 3268 Ulmer.
1087 3206 1125 3267 Hi
1158 3226 1264 3269 omnes

88 3328 157 3372 cum
181 3312 244 3371 suis
269 3310 509 3371 antecessoribus
534 3317 603 3371 suot
626 3310 818 3391 Hippocratis
842 3311 971 3383 alumni,
1006 3328 1096 3390 quem
1120 3312 1205 3371 nobis
1229 3312 1265 3373 ab

87 3406 145 3476 hac
168 3414 265 3476 insula
282 3414 379 3475 Choes
404 3416 529 3475 missum
553 3432 622 3475 esse
637 3414 779 3486 diximus,
803 3414 918 3495 dequo
942 3415 1052 3486 fertur,
1076 3412 1156 3493 quod
1174 3414 1265 3475 liliam

86 3516 225 3581 hahuerit
247 3520 377 3596 ingentis
396 3520 578 3598 elegantiae,
603 3534 692 3598 quam
715 3519 810 3580 Diana
825 3522 855 3580 in
870 3519 1032 3581 draconem
1047 3523 1181 3581 mutavit.
1213 3520 1267 3581 Est

87 3627 190 3713 antem
212 3622 297 3683 locus
321 3624 443 3703 quidam
460 3624 599 3684 desertus
624 3642 692 3685 cum
716 3627 830 3703 ingenti
854 3644 948 3705 specu
972 3626 1001 3685 in
1027 3625 1125 3686 insula
1148 3625 1212 3697 illa,
1235 3628 1265 3686 in

88 3743 146 3805 qua
169 3724 273 3787 dieunt
295 3726 385 3788 hodie
409 3726 573 3788 draconem
596 3730 713 3800 vivere,
748 3730 798 3806 qui
830 3729 972 3790 terribilis
1003 3735 1052 3789 est
1083 3736 1208 3808 aspectu
1235 3737 1267 3790 et

87 3831 300 3909 conspectibus
324 3832 479 3892 hominum
503 3849 536 3892 se
561 3833 694 3904 exhibet,
718 3835 803 3911 quasi
827 3833 1003 3896 desiderans
1026 3834 1265 3898 liberationema

87 3932 251 3995 dracouiua
280 3934 395 4007 forma3
430 3935 534 3996 dicunt
562 3938 643 3996 enim
673 3937 853 4010 delirantes,
886 3938 967 4017 quod
996 3941 1046 4018 qui
1070 3939 1242 4002 audacter
1234 3959 1265 4003 m

87 4018 257 4137 amplexum
281 4039 419 4101 draconis
442 4042 571 4101 irrueret
595 4039 695 4122 (166
712 4039 773 4120 a),
797 4055 867 4117 mox
882 4043 1004 4122 virginis
1020 4048 1153 4124 speciem
1177 4065 1266 4109 recu-.

87 4130 208 4221 peraret
239 4160 366 4222 eamque
390 4163 459 4205 cum
481 4145 707 4224 incomparabili
730 4147 872 4207 thesauro
899 4147 1034 4210 haberet.
1078 4145 1167 4211 Multi
1191 4168 1263 4230 ergo

89 4246 217 4309 audaces
243 4250 343 4309 conati
365 4256 435 4310 sunt
457 4250 605 4329 virginem
628 4252 746 4329 eripere
770 4258 801 4312 et
827 4251 986 4313 thesauros
1009 4254 1184 4331 acquirere,
1209 4252 1264 4315 sed
