2902 4710
686 136 795 219 259·

131 321 279 384 machinis
312 321 439 400 aliisque
462 321 657 388 armamentis
693 317 795 379 hostili
819 319 917 379 animo
939 319 971 378 in
993 316 1134 379 Rhodum
1166 318 1249 382 duxit
1279 323 1312 382 et

132 428 260 487 statione
284 427 358 486 mari
382 430 522 502 terraque
545 424 662 484 firmata
684 424 800 500 ingenti
823 422 952 491 tumultu
966 414 1057 482 'urbis
1080 426 1199 484 moenia
1224 425 1310 486 bom·

131 529 233 592 bardis
261 529 447 601 dilaceravit,
472 547 561 607 porro
586 528 616 588 S.
642 526 759 588 Nicolai
782 525 943 587 custodem
965 514 1070 605 portus
1094 525 1221 604 dejecit,
1245 547 1310 589 rno-

133 631 322 695 lendinarum
351 640 450 695 turres
480 631 548 693 Xlll
579 633 754 712 prostravit,
785 631 859 694 alios
890 634 982 692 etiarn
1015 639 1115 693 turres
1144 641 1175 694 et
1208 653 1311 713 muros

133 738 340 802 machinarum
362 738 640 818 importunitatibus
663 736 848 815 invalidavit,
880 735 993 797 fossata
1016 737 1096 798 urbis
1120 737 1310 823 terracreli·

133 856 210 920 quac
243 843 421 920 coaequavit
452 847 483 903 et
506 840 660 915 fortalitia,
679 842 768 919 rupit.
814 838 929 900 Verum
962 857 1031 900 cum
1063 858 1185 901 ornnem
1207 858 1312 918 agrum

131 943 252 1006 insulae
267 944 469 1024 depopulatus
486 945 608 1017 fuisset,
633 943 807 1007 etlihodios
823 944 934 1004 milites
950 961 1005 1022 per
1023 962 1133 1029 novem
1156 953 1188 1006 et
1202 942 1312 1007 LXXX

133 1055 199 1118 dics
219 1034 283 1136 lb)
315 1042 533 1114 cruentissimis
564 1049 687 1130 proeliis
716 1056 870 1120 vexasset,
903 1055 967 1109 turn
1002 1048 1101 1109 divino
1142 1047 1258 1109 auxilio
1281 1053 1313 1109 ct

135 1158 296 1220 clarissimi
328 1157 408 1218 illius
440 1158 583 1248 principis
605 1153 742 1233 Magistri
764 1153 845 1215 Petri
868 1153 1037 1215 Dambussa
1062 1153 1199 1214 sollertia
1221 1151 1312 1213 Turci

133 1262 243 1325 cinnes
267 1263 396 1322 maxima
413 1261 576 1338 ignominia
599 1266 630 1320 et
646 1259 740 1319 caede
763 1241 942 1320 discessere
972 1257 1085 1318 Ferunt
1098 1264 1208 1329 autem,
1232 1254 1312 1335 quod

62 1402 65 1407 ·
125 1367 208 1444 ¹dum
220 1364 311 1427 Tusci
333 1365 439 1435 ultimo
463 1366 579 1443 impetu
602 1363 684 1425 urbis
707 1363 828 1424 moenia
851 1345 1102 1424 conscendissent
1125 1382 1250 1425 nurnero
1273 1360 1311 1425 ad

134 1467 187 1530 XL
210 1470 320 1542 millia,
354 1487 392 1533 eo
422 1470 454 1528 in
477 1465 628 1529 condictu*
647 1465 752 1528 vexilla
775 1456 896 1530 Domini
925 1469 1020 1528 nostri
1043 1467 1116 1528 lesu
1140 1468 1250 1531 Christi
1281 1476 1311 1530 et
1400 1476 1404 1485 “

133 1574 325 1658 beatissimae
343 1575 464 1651 virginis
479 1569 608 1643 Mariae,
624 1588 658 1631 ac
674 1573 804 1632 maxime
820 1570 965 1632 lobannis
985 1572 1133 1651 baptistae
1149 1572 1311 1635 Christiani

133 1686 294 1758 erexerunt
317 1677 680 1757 divinumqueauxilium
703 1675 802 1738 valido
826 1694 896 1738 curn
912 1677 1043 1737 clamore
1066 1678 1311 1755 imploraverunt,

49 1805 52 1808 ’
134 1786 240 1847 armati
255 1790 359 1845 contra
372 1781 474 1843 locum
488 1784 644 1860 ingressus
661 1781 854 1841 inimicorum
870 1778 1087 1858 procedentes,
1111 1787 1142 1842 et
1165 1782 1223 1842 hoc
1239 1782 1311 1844 dum

133 1888 235 1962 lieret,
270 1886 485 1950 candidissima
512 1889 595 1965 virgo
619 1905 688 1948 cum
720 1887 818 1965 clipeo
842 1891 873 1946 et
894 1887 981 1946 hasta
1006 1886 1196 1948 inmanibus
1219 1886 1334 1967 appae'

134 1994 210 2064 ruit,
233 1998 265 2061 et
288 1992 412 2071 quidam
434 1993 525 2054 homo
549 1991 600 2054 vili
623 1998 708 2055 veste
724 1992 849 2062 obsitus,
873 1989 929 2057 sed
952 1989 1196 2068 splendidissimo
1219 1993 1311 2072 stipa-

135 2102 183 2157 tus
208 2098 368 2169 comitatu,
403 2082 554 2177 praesidio
578 2095 722 2156 militibus
747 2094 856 2167 adluit,
890 2112 967 2173 quae
991 2096 1065 2155 visio
1089 2114 1149 2157 non
1172 2096 1312 2157 soluma
1368 2161 1376 2167 ,

133 2202 245 2263 nostris
277 2200 373 2262 seda
396 2199 503 2261 Turcis
533 2201 625 2260 etiarn
648 2200 847 2278 apertissime·
870 2198 932 2258 visa
954 2204 1071 2258 tanturn
1095 2201 1139 2260 eis
1161 2205 1311 2260 terrorem

133 2305 276 2377 incussit,
300 2309 333 2364 ut
355 2304 432 2364 ultra
447 2302 589 2382 progredi
612 2321 673 2369 non
688 2292 832 2381 possent,
857 2300 913 2362 sed
928 2303 1026 2362 aversi
1042 2310 1217 2376 retrorsum,
1241 2323 1311 2383 pro.-

135 2405 211 2485 lapsi
234 2407 272 2467 de
294 2423 382 2466 muro
406 2423 439 2465 se
463 2407 545 2483 ipsos
562 2411 758 2485 peremerunt
781 2398 944 2485 plurimum
972 2407 1135 2486 statimque
1158 2411 1311 2471 solventes

135 2511 264 2572 classem
279 2508 501 2580 discesserunt,
525 2508 598 2570 nihil
621 2510 661 2570 ibi
688 2507 894 2586 relinquentes
918 2510 975 2570 nisi
999 2529 1139 2590 campum
1161 2513 1312 2596 repletum

135 2612 329 2687 cadaveribus
362 2620 392 2675 et
424 2613 505 2674 littus
536 2613 626 2678 maris
665 2611 811 2672 infectum
846 2611 977 2695 hpmanc
1007 2605 1172 2693 sanguine,
1206 2617 1311 2694 sicque

134 2733 230 2778 naves
250 2716 412 2778 vulneratis
430 2716 560 2795 repletas
584 2715 770 2778 abduxerunt
793 2722 824 2777 et
850 2715 944 2776 multa
967 2715 1058 2777 millia
1081 2735 1208 2796 corpora
1230 2735 1310 2778 mur·

134 2828 257 2884 tuorum
278 2838 403 2882 sucrum
431 2821 463 2881 in
485 2820 586 2880 littore
621 2822 853 2883 combusserunt
887 2822 949 2880 et
940 2839 971 2882 ιιι
995 2839 1078 2882 mare
1102 2812 1310 2900 projecerunt3

135 2927 166 2988 et
187 2925 282 2993 multa
304 2925 361 2986 alia
385 2925 617 2991 memorabilia
609 2943 639 2985 ιιι
662 2925 718 2986 hac
734 2906 891 2986 obsidione
908 2907 1115 3004 contigerunt,
1139 2926 1181 2994 de
1201 2928 1311 3007 quibus

135 3031 273 3092 contecta
294 3037 367 3092 sunt
389 3029 506 3092 diversa
530 3029 690 3110 opuscula,
723 3036 753 3090 et
776 3048 833 3109 ego
862 3030 943 3109 ipse,
978 3030 1047 3108 quia
1077 3037 1150 3090 tunc
1176 3033 1209 3093 iu
1237 3032 1312 3091 mari

136 3118 233 3208 eram,
257 3134 436 3197 conlecide
459 3135 518 3196 hoc
540 3115 676 3195 libellum
698 3134 890 3215 singularem.
920 3115 1047 3212 Egregie
1070 3140 1171 3195 tamen
1195 3133 1232 3195 de
1253 3134 1311 3211 hcc

134 3242 214 3313 bello
245 3243 347 3304 scribit
377 3221 506 3319 quidam*
527 3245 628 3300 orator
662 3240 802 3323 insignis,
838 3237 1016 3300 Guilielmus
1047 3239 1311 3308 vicecancellarius

132 3347 329 3418 Rhodiorum,
354 3361 446 3423 quem
468 3361 525 3422 ego
549 3343 618 3416 vidi,
643 3342 769 3422 ejusque
786 3345 1013 3429 inscriptionem
1028 3345 1158 3405 inseruit
1172 3343 1311 3417 dominus

136 3449 267 3529 decunus
282 3446 479 3526 Moguntinus
510 3465 565 3508 suo
581 3448 808 3526 peregrinaric,
828 3447 876 3507 cui
899 3439 1001 3526 legere
1017 3447 1117 3526 placet
1139 3447 1180 3508 ibi
1201 3447 1311 3520 videat,

133 3572 193 3633 ego
216 3539 286 3615 vcro
306 3568 476 3637 persequar
498 3553 657 3629 sequentia
680 3548 883 3623 obsidionem,
919 3549 956 3612 dc
980 3552 1088 3629 quibus
1111 3543 1202 3632 supra
1230 3549 1263 3612 P
1287 3549 1309 3612 l.

130 3657 199 3720 Pol.
226 3652 275 3720 18.
299 3656 359 3718 ieci
383 3656 580 3716 mentionem.

223 3760 335 3825 Eodem
345 3767 492 3840 tempore,
508 3758 643 3843 Turcis
635 3778 667 3821 ιιι
681 3757 836 3823 obsidione
852 3776 888 3820 ea
904 3712 1145 3834 debachantibus,
1169 3780 1226 3841 ego
1243 3779 1313 3823 cum

137 3866 271 3947 pluribus
294 3883 378 3927 eram
400 3866 431 3926 in
454 3834 638 3936 Jerusalem,
661 3866 692 3926 in
714 3864 889 3945 reversione
911 3869 1015 3925 autem
1035 3862 1250 3926 declinavimus
1274 3861 1312 3924 de

136 3972 213 4032 mari
234 3971 353 4048 syriaco
383 3969 414 4039 iu
446 3986 530 4031 mare
563 3969 708 4030 creticum
736 3967 927 4048 lugientesa
957 3970 1033 4030 inari
1064 3970 1186 4032 asiatico
1208 3966 1311 4048 Aegeo

137 4082 262 4157 propter
277 4071 410 4146 Turcos3
434 4072 490 4134 sed
505 4071 635 4151 quadarn
651 4071 700 4133 die
723 4072 839 4151 galcam
853 4073 1051 4136 Venetianam
1067 4073 1184 4135 ehviam
1199 4072 1311 4134 haben·

136 4187 203 4253 tes,
224 4194 295 4247 oum
308 4169 546 4265 audivissemus,
569 4175 686 4257 Tuscos
702 4175 897 4242 obsidionem
919 4176 1055 4241 Rhodiae
1078 4177 1216 4250 solvisse,
1239 4192 1312 4251 con·

1045 4288 1105 4348 tr*
