2874 4770
662 169 727 239 28⁷

105 350 185 411 tibus
207 345 433 418 deterrumum,
456 345 511 407 aed
534 362 614 406 nuuc
633 343 726 425 (1⁷2
737 340 782 424 ⁸)
805 344 1089 435 considerana‚per
1111 360 1165 406 eos
1188 347 1283 406 totam

104 451 208 513 Asiam
230 453 262 511 in
285 449 453 511 Turoornm
477 467 582 510 manus
606 449 782 521 devenisse,
813 448 884 509 lacti
907 414 1081 527 poenitentij‘,
1106 455 1188 528 optat
1219 468 1282 522 eos,

107 555 179 616 dum
201 563 309 634 potens
333 561 411 625 erat,
429 544 602 615 delevisse.
649 552 774 613 Certum
796 558 843 612 est
873 554 972 624 enim,
1008 552 1107 631 quode
1140 544 1154 569 “
1193 572 1284 633 quam

105 658 290 721 Machameti
312 665 396 719 secta
420 664 537 718 tantum
560 659 720 728 crevisset,
744 658 769 716 si
786 655 893 716 Graeci
915 655 992 716 lirmi
1008 663 1039 715 et
1052 654 1110 717 lide
1157 656 1283 720 ‘'catho-

106 763 157 824 lici
179 761 327 837 luisseutg
360 763 390 821 in
414 759 527 822 odium,
550 763 630 821 enim
660 759 981 820 romanaeecclesiae
1011 758 1121 836 multas
1144 763 1283 839 regiones

106 866 240 928 fidelium
266 866 395 926 Satanae
421 865 618 927 tradiderunt.
664 865 783 939 Quanta
806 862 1026 943 impedimenta
1049 862 1157 927 Graeci
1181 865 1283 926 catho-

108 973 175 1032 licis
199 971 514 1052 praestiterint„dum
537 978 599 1043 tcta
622 969 774 1032 Occidens
805 969 842 1030 ad
864 976 975 1030 terram
998 976 1133 1030 sanctam
1157 988 1283 1049 recupe-

108 1077 232 1139 randam
254 1095 309 1157 per
331 1095 436 1139 eorum
459 1080 599 1157 regiones
615 1079 756 1138 transiret
769 1083 850 1137 terra
866 1082 897 1136 et
912 1076 1002 1146 mari,
1026 1073 1093 1135 libri
1109 1075 1190 1153 pleni
1205 1080 1284 1149 suut,
1373 1138 1376 1143 ξ

105 1174 140 1240 ‘et
161 1180 219 1240 hoc
242 1179 347 1243 ultimo
371 1189 509 1261 tempore
532 1182 642 1243 fideles
662 1174 766 1243 contra
788 1180 905 1242 Turcos
930 1178 1131 1261 procedentes
1158 1180 1284 1259 panibus

109 1291 141 1343 et
163 1285 248 1361 aquis
270 1284 390 1345 intectis
407 1291 606 1347 necaverunt.
653 1285 715 1346 Sed
738 1293 768 1347 et
799 1287 882 1345 omni
915 1284 1139 1363 diedominico
1164 1300 1284 1345 excom·

109 1388 262 1449 municanl
283 1389 313 1448 in
330 1391 393 1450 suis
408 1390 578 1450 ecclesiolis
604 1407 728 1469 papam,
752 1406 906 1450 romanam
930 1389 1088 1448 civitatem·
1104 1395 1135 1448 et
1164 1376 1286 1449 curnem

110 1491 224 1551 olerum
249 1497 279 1551 et
302 1492 446 1570 populum
469 1492 661 1553 catholicum.
707 1493 758 1553 De
777 1493 822 1552 his
845 1491 913 1553 vide
937 1489 968 1552 Ρ.
994 1490 1015 1552 l.
1047 1489 1097 1552 tot.
1122 1487 1165 1555 68
1186 1491 1232 1563 A,
1255 1495 1287 1551 et

109 1592 160 1654 iol.
189 1591 312 1665 1348,
348 1602 380 1656 et
415 1593 502 1675 Parte
525 1595 560 1656 lt.
590 1595 641 1656 iol.
669 1593 707 1659 13
731 1614 764 1668 a,
796 1603 827 1657 et
848 1595 899 1657 iol.
924 1594 966 1659 70
996 1597 1046 1668 ab,
1078 1602 1110 1657 et
1138 1596 1190 1657 lol.
1224 1592 1286 1660 160

111 1704 142 1758 et
164 1698 230 1770 hic,
253 1705 287 1760 ut
308 1704 401 1779 patet.
587 1714 592 1721 ·

112 2021 347 2094 Ecclesiarum
375 2027 411 2098 iu
437 2028 541 2100 Creta
559 2029 775 2129 visitatio-et
803 2029 1029 2122 reliquiarum
1061 2029 1288 2107 deosculatio.

200 2242 301 2316 Quum
318 2252 418 2307 autem
433 2253 553 2328 tempus
570 2268 711 2312 recessus
727 2252 823 2311 nostri
838 2253 966 2329 instaret
982 2270 998 2313 a
1015 2251 1136 2326 Gaudia,
1159 2255 1289 2332 ingressi

115 2364 220 2407 sumus
244 2350 405 2410 ecclesiam
429 2352 460 2413 S.
478 2351 538 2414 Titi
561 2373 615 2434 pro
632 2355 826 2434 indulgentiis
851 2363 881 2417 et
907 2356 944 2418 ad
968 2356 1287 2542 videndufflliqulps

113 2451 310 2515 Sanctorum:
334 2456 378 2514 sic
403 2458 482 2516 enim
506 2459 535 2517 in
560 2461 641 2519 omni
664 2460 733 2520 loco
757 2461 908 2539 peregrini
931 2459 1059 2534 faciunt,
1192 2466 1289 2543 primo

113 2565 145 2618 et
167 2557 273 2617 ultimo
305 2561 336 2619 in
360 2560 506 2621 ecclesias
541 2569 664 2624 currunt
693 2556 748 2642 pro
777 2562 982 2644 indulgentiis.
1028 2565 1060 2626 ln
1083 2567 1133 2628 illa
1157 2569 1290 2631 ecclesia

114 2668 161 2723 est
190 2663 334 2740 caputS.
359 2662 419 2724 Titi
443 2669 587 2745 apostoli,
618 2667 701 2730 Pauli
733 2667 871 2748 discipuli
903 2678 934 2730 et
968 2671 1186 2751 archiepiscopi
1217 2672 1288 2733 Cre·

114 2767 225 2837 tensis;
251 2774 281 2827 et
303 2767 457 2854 brachium
481 2771 511 2831 S.
529 2771 656 2846 Ellrem‚
681 2775 793 2853 antiqui
810 2773 942 2836 doctoris
959 2775 1158 2849 Graecorum3
1184 2784 1216 2838 et
1238 2795 1288 2840 oa·

113 2878 167 2948 put
190 2871 221 2930 S.
245 2870 393 2933 Barbarae
416 2876 547 2954 virginis.
596 2877 692 2939 Credo
716 2881 818 2960 plures
841 2883 972 2960 virgines
1003 2881 1098 2944 luisse
1122 2883 1210 2961 hujus
1233 2873 1294 2947 no·-

113 2976 203 3034 minis
227 2974 370 3048 Barbara,
395 2980 464 3056 quia
487 2980 572 3059 plura
595 2982 654 3044 vidi
679 2987 794 3063 capita,
824 2995 900 3064 qua'e
924 2985 1063 3048 dicuntur
1085 2986 1116 3048 S.
1140 2988 1288 3052 Barbarae

112 3079 246 3157 virginis.
290 3079 372 3142 Alias
396 3083 486 3143 etiam
509 3087 704 3162 particulares
728 3089 870 3168 reliquias
894 3089 1036 3163 vidimus,
1061 3074 1143 3170 qua!
1160 3091 1288 3154 deoscu·
1402 3110 1405 3115 ’

113 3182 165 3243 lati
188 3201 305 3256 sumus,
330 3185 367 3246 de
391 3186 498 3265 quibus
521 3194 651 3252 transeo.

461 3489 644 3582 Reliquiae
658 3457 943 3566 'Rhodianornm

359 3653 436 3736 (Hoc
458 3660 589 3737 pertinet
612 3678 703 3739 supra
726 3660 764 3723 ad
785 3661 890 3723 lolium
917 3659 977 3726 155
1001 3662 1041 3742 a.)

203 3863 349 3942 Superius
372 3867 462 3928 omisi
486 3866 524 3928 de
548 3871 684 3931 maximis
707 3870 842 3949 reliquiis
865 3870 1104 3947 Rhodiauorum‚
1137 3893 1213 3954 quas
1235 3878 1288 3939 ali·

117 3973 237 4048 quoties
260 3974 335 4042 vidi,
359 3991 437 4035 nuuc
452 3981 551 4034 autem
567 3976 727 4037 occasione
744 3976 844 4037 habita
858 3975 896 4036 de
912 3976 1028 4037 eisdem
1044 3978 1158 4058 loquar.
1190 3979 1290 4043 Primo

118 4089 165 4143 est
186 4085 228 4144 ibi
250 4102 323 4145 crux
345 4100 454 4154 aenea,
481 4099 517 4143 ex
539 4081 589 4142 illa
613 4078 742 4142 conflata
765 4080 859 4158 pelvi,
892 4080 973 4142 unde
997 4081 1134 4145 Christus
1156 4083 1289 4164 discipu·

118 4186 216 4250 lorum
237 4206 363 4253 suorum
383 4189 455 4252 lavit
478 4188 589 4269 pedes,
613 4194 644 4248 et
659 4185 768 4259 lemur,
791 4184 872 4265 quod
895 4188 921 4247 si
936 4186 1017 4248 dicta
1039 4206 1111 4250 crux
1133 4190 1165 4249 in
1188 4196 1291 4250 ceram
