2874 4770
687 172 733 245 68

208 345 314 412 'lertio
331 351 483 413 celebrem
501 352 581 413 bunc
596 360 732 416 montem
747 353 846 416 reddit
861 353 1016 432 sepultura
1033 352 1144 433 Magni
1161 356 1303 438 Pompeji

122 455 173 532 qui
196 454 309 515 idcireo
333 452 462 534 Magnus
492 455 610 528 dicitur,
635 459 705 535 quia
727 476 834 536 magna
857 460 921 518 suis
944 460 1140 537 temporibus
1165 471 1303 541 operatus

122 566 179 621 est.
224 559 295 620 Erat
318 561 400 620 enim
422 561 466 620 vir
487 557 737 621 bellicosissimus
771 569 801 621 et
833 562 863 621 in
894 562 984 622 bellis
1014 561 1185 639 plurimum
1210 566 1300 627 fortu-

121 672 219 725 natus.
266 663 342 724 Nam
365 664 463 742 primo
485 661 569 722 llllll
593 667 732 741 regiones
756 664 889 724 Orientis
912 665 1050 727 Romano
1080 668 1221 730 subdidit
1250 673 1299 730 im-

122 770 208 846 perio
245 773 276 828 et
299 766 425 827 Romam
450 768 600 828 thesauris
623 771 686 829 auri
716 776 745 829 et
778 773 892 848 argenti
925 770 1081 847 implevit,
1118 773 1300 851 tandemque

125 875 199 947 post
222 871 382 949 plurimam
407 868 559 930 fortunam
582 869 805 950 lerosolymam
827 879 875 932 est
898 874 1055 951 ingressus
1088 880 1121 933 et
1154 876 1300 954 templum

122 971 244 1031 Domini
268 971 435 1050 profanavit
458 971 611 1035 stabulans
644 992 740 1052 equos
771 979 889 1036 suosin
913 973 980 1051 ejus
1004 977 1099 1036 atriis.
1135 976 1205 1048 Quo
1227 978 1300 1039 facto

122 1093 244 1135 omnem
277 1076 420 1153 pristinae
449 1077 588 1138 fortunae
614 1077 836 1155 jucunditatem
859 1081 957 1139 amisit
997 1085 1029 1139 et
1059 1081 1163 1158 ipsum
1189 1080 1298 1143 iulium

124 1180 284 1241 Caesarem
318 1180 374 1240 sibi
407 1181 561 1241 inimicum
596 1185 706 1255 sensit,
744 1190 774 1243 et
817 1181 915 1244 indies
952 1181 1105 1242 infelicior
1142 1183 1243 1246 factus
1273 1188 1300 1245 iu

123 1281 296 1361 Aegyptum
319 1282 461 1361 perfugus
485 1282 523 1344 ad
546 1283 754 1347 Ptolomaeum
778 1303 882 1363 regem
904 1283 1084 1363 transfugit,
1109 1286 1192 1366 apud
1216 1305 1300 1365 quem

123 1384 321 1446 Alexandriae
345 1386 449 1459 latuit,
474 1385 555 1464 quod
588 1394 620 1447 ut
655 1386 765 1448 Caesar
790 1386 920 1459 audivit,
951 1384 1166 1449 Alexandriam
1191 1391 1299 1469 appulit

125 1488 161 1550 ad
185 1489 391 1567 quaerendum
414 1488 601 1569 Pompejum.
646 1488 709 1550 ller
743 1507 816 1568 ergo
841 1488 971 1568 Aegypti
994 1488 1193 1553 Ptolomaeus
1217 1493 1298 1556 Pom-

125 1587 227 1672 peJ‘um
251 1592 430 1672 decapitavit
466 1600 496 1653 et
519 1599 609 1670 caput
632 1611 702 1654 cum
726 1595 836 1654 annulo
851 1593 972 1654 Caesari
988 1597 1166 1666 transmisit,
1194 1615 1297 1675 corpus

125 1713 197 1755 vero
222 1693 288 1772 ejus
312 1698 343 1757 in
366 1702 501 1757 montem
527 1696 649 1757 Casium
671 1700 822 1758 transtulit
857 1698 958 1776 ibique
993 1701 1077 1778 regio
1106 1700 1190 1764 cultu
1216 1720 1298 1780 sepe-

125 1798 189 1860 livit
207 1798 292 1876 juxta
314 1808 445 1863 statuam
467 1801 640 1862 Nectanabi.

214 1901 327 1974 Quarto
343 1906 438 1982 magis
463 1904 616 1965 celebrem
638 1904 710 1965 facit
733 1904 819 1965 nobis
843 1904 923 1964 hunc
946 1912 1085 1971 montem
1106 1909 1300 1968 memorabile

126 2006 239 2066 factum
255 2006 329 2066 fabri
345 2007 434 2078 illius,
458 2007 540 2085 quod
555 2009 695 2087 superius
720 2009 878 2068 recitatum
902 2015 961 2080 est;
985 2027 1056 2069 nam
1078 2010 1178 2070 multo
1202 2010 1302 2071 fortior

128 2116 192 2170 erat
213 2108 288 2170 fabri
304 2111 384 2171 illius
400 2109 488 2181 tides,
512 2128 603 2189 quam
625 2109 763 2172 Herculis
786 2113 874 2182 vires,
898 2114 949 2190 qui
973 2111 1099 2192 Calpem
1122 2120 1153 2172 et
1178 2113 1301 2183 Abilam,

126 2220 259 2293 pepetuo
278 2212 353 2292 jugo
373 2212 495 2290 junctos
519 2221 655 2286 montes,
688 2213 800 2275 dicitur
826 2214 962 2276 fabulose
985 2215 1134 2286 divisisse,
1160 2233 1302 2295 mareque

127 2314 398 2386 mediterraneum,
434 2317 516 2394 quod
546 2336 607 2377 nou
636 2323 713 2389 erat,
745 2320 831 2378 terris
864 2320 1081 2379 intromississe
1116 2337 1153 2379 ex
1179 2338 1301 2381 oceano.

127 2421 184 2482 llio
217 2426 316 2479 autem
340 2417 424 2480 faber
447 2439 508 2481 non
531 2419 666 2481 fabulose
706 2428 840 2482 montem
864 2421 984 2493 divisit,
1020 2421 1075 2482 sed
1109 2422 1146 2483 ad
1176 2424 1301 2485 modum

128 2542 201 2586 suae
224 2525 400 2584 verissimae
423 2522 493 2583 fidei
517 2524 698 2601 operabatur
720 2523 915 2594 divisionem,
946 2543 1002 2602 per
1024 2542 1115 2604 quam
1136 2545 1201 2587 non
1224 2546 1303 2589 mare

127 2630 216 2689 terris
249 2633 296 2688 est
320 2628 500 2697 immissum,
524 2626 579 2686 sed
601 2626 661 2688 fide
684 2643 767 2687 mare
791 2634 931 2705 terraque
955 2630 1155 2716 complexum.

214 2729 326 2802 Quinto
368 2730 449 2792 hunc
482 2738 617 2811 montem
652 2730 859 2792 honorabilem
891 2725 946 2810 (b)
965 2729 1053 2792 facit
1087 2732 1204 2793 domini
1228 2735 1305 2812 regis

130 2832 252 2896 Sbldani
274 2835 424 2906 solatium,
448 2853 517 2895 uam
541 2834 659 2913 quando
683 2836 804 2913 spatiari
826 2834 898 2906 vult,
922 2845 991 2895 eum
1015 2835 1162 2897 ascendit.

217 2938 325 3010 Sexto,
357 2941 426 3017 quia
457 2939 494 2998 de
525 2956 561 2998 eo
585 2945 648 2998 tota
670 2939 825 3016 Aegyptus
855 2937 919 2997 fere
950 2938 1101 3016 pervideri
1132 2946 1237 3017 potest
1277 2947 1305 3000 et

134 3039 248 3101 deserti
278 3061 347 3120 pars
382 3033 490 3121 magna
513 3044 591 3103 ultra
613 3042 767 3116 brachium
792 3045 882 3102 maris
907 3039 997 3102 rubri.
1043 3039 1179 3103 Vocatur
1204 3050 1304 3103 autem

132 3161 218 3203 mous
247 3144 297 3205 ille
334 3145 455 3217 Casius,
485 3146 563 3206 forte
590 3164 606 3207 a
631 3146 755 3207 Casibus
787 3146 898 3217 latine,
930 3144 979 3207 vel
1010 3163 1027 3232 a
1060 3145 1146 3207 Casis
1188 3165 1305 3226 graece.

133 3245 217 3308 Casia
241 3250 320 3313 enim
345 3266 452 3327 graece
476 3249 557 3310 idem
580 3256 636 3321 est,
661 3249 743 3327 quod
765 3248 890 3309 altitudo
915 3248 961 3310 vel
985 3247 1131 3319 custodia,
1155 3251 1206 3311 vel
1224 3269 1303 3312 surn-

132 3351 221 3410 mitas
254 3349 361 3423 latine,
390 3370 467 3429 quae
497 3338 597 3413 omnia
628 3355 698 3414 huic
735 3354 830 3412 monti
863 3354 1055 3412 conveniunt.
1108 3349 1167 3412 Vel
1200 3352 1307 3414 dicitur

133 3471 149 3514 a
173 3451 298 3514 Casibus
321 3453 423 3525 latine,
446 3457 569 3515 namin
592 3474 629 3516 eo
653 3432 815 3516 tractatum
837 3455 893 3515 fuit
916 3457 995 3515 inter
1009 3455 1108 3514 Deum
1132 3461 1162 3514 et
1178 3454 1307 3535 Moysen

133 3555 172 3616 de
195 3556 319 3619 Casibus
344 3555 481 3636 Aegypti,
506 3561 613 3636 quibus
638 3561 737 3620 attrita
760 3560 825 3619 fuit.
871 3559 908 3618 Et
930 3560 961 3616 iu
985 3575 1021 3617 eo
1046 3556 1184 3626 cadaver,
1218 3576 1235 3618 a
1260 3577 1306 3621 ea-

134 3659 232 3722 dendo
249 3661 371 3733 dictum,
396 3663 491 3741 ipsius
506 3661 644 3740 Pompeji
659 3662 763 3740 Magni
786 3663 840 3722 fuit
856 3664 1064 3731 incineratum,
1089 3667 1120 3721 et
1135 3659 1308 3724 Alexander

132 3762 261 3844 Magnus
292 3773 394 3845 spreta
425 3767 558 3844 ingenita
589 3766 743 3826 nobilitate
777 3785 810 3826 se
842 3766 935 3826 filium
965 3764 1045 3842 lifagi
1069 3762 1307 3836 mendacissimi,

133 3867 272 3931 draconis
305 3876 336 3930 et
366 3871 443 3930 tauri
473 3869 629 3950 professus
653 3862 729 3928 fuit*
771 3871 832 3931 Sed
868 3870 940 3948 quid
971 3866 1117 3928 tandem?
1156 3869 1236 3931 hanc
1270 3871 1307 3931 ob

134 3987 256 4032 causam
278 3970 412 4048 rejicitur
434 3974 561 4045 merito,
591 3991 629 4033 ne
659 3971 763 4033 fraude
794 3972 939 4050 gaudeat,
975 3971 1025 4049 qui
1048 3970 1158 4033 virtute
1189 3980 1309 4052 poterat

134 4071 264 4147 laudari;
288 4074 369 4137 unde
391 4092 511 4137 veneno
533 4077 564 4135 in
588 4057 725 4136 convivio
749 4083 849 4137 sumto
873 4082 1030 4154 peremtus
1062 4081 1110 4134 est
1133 4077 1307 4140 et'cecidit.

134 4173 203 4255 lpse
234 4177 325 4239 etiam
345 4178 538 4241 Nectanabus
569 4179 602 4239 in
631 4177 690 4238 hoc
720 4187 825 4243 *monte
855 4177 1027 4241 columnam
1048 4179 1079 4240 in
1101 4179 1228 4259 siguum
1261 4185 1310 4247 sui
