2874 4770
680 184 747 255 203

123 367 214 428 miles
236 365 285 428 vel
306 358 430 444 pejores
459 365 560 424 mimis
583 361 684 443 (lau
697 361 741 443 tt)
773 371 805 425 et
833 364 1046 436 histrionibus,
1081 362 1133 440 qui
1161 362 1193 420 in
1222 359 1301 420 lodis

124 471 256 532 scenicis
286 470 433 530 saltantes
456 475 488 527 et
510 468 676 545 effigiantes
701 471 832 530 motibus
855 470 990 546 corporis
1014 484 1069 538 ea,
1092 483 1170 543 quae
1193 467 1223 523 in
1247 463 1300 523 do·

125 573 268 636 muricula
299 571 389 653 (quae
411 591 505 632 scena
528 572 700 643 dicebatur,
732 581 763 633 et
785 579 851 632 erat
878 574 909 631 in
932 569 1034 630 medio
1056 568 1178 646 theatri)
1211 584 1301 627 eane-

124 680 234 743 bantur
254 679 355 755 turpia
376 683 439 736 tarn
461 676 499 737 de
522 675 579 736 diis
601 693 692 753 quam
722 676 909 745 hominibus,
941 681 974 734 ut
1002 674 1092 734 habet
1115 673 1301 752 Augustinus

126 781 166 842 de
188 782 309 842 ciuitate
331 780 389 840 Dei
411 779 445 839 L.
472 777 500 842 l.
525 778 558 839 C.
582 775 634 840 32.
681 779 758 838 Cum
786 780 889 838 inultis
920 796 994 855 ergo
1021 778 1188 838 insolentiis
1221 776 1301 836 diem

126 886 208 946 hunc
228 885 455 944 sanctissimum
476 885 611 943 omnium
633 882 816 942 Sanctorum
838 882 997 942 Sarraceni
1023 881 1224 959 peragebant,
1246 896 1303 938 nos

127 994 228 1049 autem
250 1005 322 1047 cum
343 987 437 1047 multa
457 988 578 1046 tristitia
605 993 731 1065 propter
758 992 915 1046 recentem
943 992 1075 1044 mortem
1104 983 1217 1042 domini
1250 1000 1301 1041 co·

101 1094 110 1105 ¹
127 1093 218 1162 initis,
239 1092 317 1151 socii
339 1098 371 1151 et
393 1089 552 1150 confratris
573 1091 679 1160 nostri,
703 1096 735 1150 et
756 1107 827 1150 curn
846 1089 968 1150 decenti
984 1089 1155 1147 maturitate
1177 1091 1304 1163 propter

127 1195 187 1256 diei
210 1197 401 1255 sanctitatem
428 1200 461 1254 et
483 1212 553 1254 curn
575 1174 780 1253 sollicitudine
812 1199 938 1271 propter
958 1193 1123 1251 instantem
1144 1205 1303 1249 recessum

127 1304 264 1360 nostrum
285 1299 480 1360 transivimus
502 1295 585 1358 diem
606 1296 702 1356 illurn.

479 1597 653 1669 Recessus
679 1596 951 1684 peregrinorum.

189 1880 200 1898 ‚
218 1815 359 1877 Secunda
373 1816 433 1888 die,
457 1834 535 1896 qnae
558 1823 607 1877 est
621 1815 686 1876 dies
702 1814 885 1887 Animarum,
910 1821 941 1876 et
964 1821 1029 1874 erat
1043 1813 1192 1874 dominica
1207 1810 1303 1874 XXlll

126 1922 197 2001 post
210 1920 374 1993 Trinitatis,
397 1938 486 1981 mane
502 1920 590 1980 dictis
614 1920 720 1980 officiis
736 1924 845 1980 missas
859 1922 989 1997 legimus
1004 1921 1035 1979 in
1050 1919 1165 1996 capella
1185 1918 1302 1988 domus,

127 2024 235 2105 quibus
257 2026 424 2085 intererant
438 2023 562 2102 quidam
577 2024 721 2085 officiales
737 2024 841 2103 galeae
864 2032 985 2084 nostrae
1008 2031 1038 2084 et
1065 2024 1151 2084 multi
1167 2023 1302 2100 galeotae

127 2129 165 2190 de
189 2130 301 2199 classe,
325 2147 342 2190 a
365 2128 473 2207 quibus
495 2146 557 2188 non
580 2131 668 2207 pauci
691 2129 806 2188 denarii
829 2128 920 2188 oblati
943 2127 1063 2188 lucrant
1083 2129 1113 2187 in
1137 2129 1303 2188 animarum

126 2231 313 2310 suffragium.
359 2231 465 2291 Finitis
489 2239 590 2292 autem
612 2234 713 2292 missis
736 2232 932 2292 hortabantur
951 2250 1006 2291 nos
1022 2231 1127 2309 galeae
1149 2230 1302 2299 officiales,

128 2341 162 2395 ut
183 2339 446 2411 praesentaremus
469 2353 525 2395 nos
548 2337 579 2395 in
602 2336 721 2413 galeas,
745 2338 830 2414 quia,
853 2353 912 2414 qua
935 2335 1009 2395 hora
1032 2352 1092 2394 non
1115 2341 1302 2412 putaremus,

128 2438 236 2497 classis
258 2444 342 2497 esset
363 2455 531 2499 recessura.
577 2439 686 2498 Statim
708 2456 780 2516 ergo
804 2439 962 2516 prandium
985 2446 1017 2499 et
1039 2455 1175 2497 mensam
1205 2438 1303 2517 parari

124 2539 289 2617 jussimus,
312 2547 346 2600 ut
367 2540 473 2602 relecti
495 2541 725 2613 recederemus;
754 2541 834 2602 iacto
857 2541 982 2620 prandio
1006 2528 1304 2618 ad'eomputandum

125 2643 261 2705 sedimus
284 2663 354 2706 curn
367 2646 487 2725 hospite
507 2653 628 2716 nostro,
652 2644 774 2705 domino
797 2646 942 2716 consule,
966 2651 998 2707 et
1019 2647 1164 2705 remansit
1179 2644 1304 2721 quilibet

126 2750 305 2826 peregrinus
334 2749 402 2826 ejus
432 2750 551 2811 debitor
576 2753 608 2811 in
638 2768 691 2810 sex
721 2749 848 2810 ducatis.
893 2747 1006 2810 Milites
1036 2767 1109 2826 ergo
1132 2749 1303 2826 aperientes

125 2852 232 2912 bursas
247 2854 403 2915 solvemnt
417 2854 565 2926 debiturn,
589 2873 647 2934 ego
662 2861 764 2915 autem
778 2872 904 2915 vacuam
918 2854 1040 2914 bursam
1055 2852 1168 2912 habens
1184 2851 1302 2911 solvere

126 2974 196 3016 cum
218 2974 279 3016 non
302 2974 442 3034 possem,
473 2961 574 3037 rogavi
596 2959 749 3019 dominam
771 2959 922 3036 hospitam
946 2965 1081 3028 secrete,
1115 2963 1150 3017 ut
1171 2958 1301 3015 interce·

126 3057 214 3118 deret
234 3076 290 3137 pro
314 3077 364 3120 me
387 3078 442 3138 pro
470 3064 651 3122 remissione
673 3065 766 3139 partis
789 3063 929 3140 alicujus,
962 3069 993 3122 et
1016 3062 1304 3139 reliquampartem

126 3168 232 3220 mutuo
256 3178 273 3221 a
296 3161 425 3223 dominis
448 3167 618 3243 peregrinis
642 3167 780 3245 accipere
803 3166 928 3237 vellem3
959 3166 1057 3227 iuerat
1080 3167 1161 3226 enim
1183 3163 1303 3223 domina

125 3263 177 3324 illa
196 3263 284 3325 valde
306 3266 438 3345 benigna
460 3268 497 3329 ad
520 3287 569 3329 me
585 3269 700 3339 diebus,
724 3270 831 3346 quibus
853 3272 884 3330 in
908 3270 998 3331 domo
1022 3272 1190 3348 deguimus.
1227 3266 1303 3327 Cum

127 3385 200 3445 ergo
222 3368 336 3448 hospes
360 3376 550 3449 exspectaret
573 3374 756 3434 solutionem
771 3392 887 3447 ineam,
911 3382 942 3436 et
963 3377 1131 3453 inciperem
1155 3391 1226 3433 eum
1248 3389 1302 3448 pro

127 3488 231 3532 amore
253 3471 312 3532 Dei
334 3489 456 3552 rogare,
487 3482 518 3536 et
540 3476 660 3555 hospita
683 3477 813 3549 diceret,
843 3496 892 3538 me
916 3495 1098 3556 pauperem,
1122 3477 1225 3536 etalii
1248 3493 1302 3552 pe·

126 3577 239 3653 regrini
262 3593 318 3654 pro
340 3595 390 3636 me
413 3579 627 3656 loquerentur,
651 3581 845 3641 exacerbatus
862 3581 918 3641 luit
932 3582 1040 3653 homo,
1063 3588 1181 3641 etcum
1196 3597 1303 3659 magna

126 3678 333 3758 indignatione
356 3681 467 3758 repulit
486 3700 536 3741 me
559 3700 576 3742 a
599 3702 646 3757 se,
670 3684 791 3745 dicens:
820 3685 923 3756 lloeh,
951 3684 1051 3756 ltoch,
1083 3685 1143 3744 hoc
1167 3692 1228 3747 est:
1255 3702 1304 3744 re·

128 3783 219 3855 cede,
254 3784 375 3848 recede.
420 3786 457 3846 Et
490 3804 559 3847 cum
587 3791 631 3849 sic
653 3788 799 3850 recedere
826 3787 1062 3860 verecundarer,
1095 3791 1198 3851 annuit
1229 3790 1302 3848 mihi

127 3886 249 3947 domina
270 3888 402 3960 nutibus,
424 3895 457 3950 ut
480 3889 667 3964 recederem,
692 3891 773 3971 quod
796 3899 827 3952 et
849 3891 917 3962 leci,
942 3898 973 3953 et
988 3892 1062 3954 nihil
1077 3893 1152 3954 solvi
1169 3894 1300 3972 penitus.

127 3992 240 4068 Sioque
264 3991 367 4053 utilior
388 3992 445 4054 tuit
466 3994 540 4054 urihi
562 3995 726 4075 indignatio
747 4000 845 4056 toturn
868 3998 1065 4067 remittentis,
1090 4014 1180 4074 quarn
1203 3998 1300 4074 pietas

128 4100 245 4171 partem
268 4094 416 4158 donantis.
449 4097 592 4159 Oratione
614 4105 716 4160 tamen
735 4117 790 4179 pro
806 4098 929 4161 homine
952 4119 1013 4161 non
1037 4104 1137 4161 minus
1157 4101 1208 4161 vel
1222 4101 1301 4160 lorte

129 4196 199 4272 plus
230 4198 362 4275 obligor,
396 4203 536 4280 quamsi
558 4201 725 4266 voluntarie
753 4201 913 4273 donasset,
946 4221 1016 4265 curn
1039 4204 1132 4264 etiam
1152 4203 1301 4263 Dominus
