2874 4770
187 377 253 435 cine
276 375 357 435 omni
381 375 448 436 clho
471 377 503 434 et
524 378 597 453 potu
630 368 778 450 corporali
807 371 911 432 vivunt
944 371 1022 431 siout
1050 369 1144 430 irater
1165 368 1310 430 Nicolaus
1333 371 1362 429 in

187 477 306 538 Suecial
352 476 453 556 Aliqui
476 480 506 538 in
530 483 662 538 extrema
691 479 867 554 paupertate
899 473 1024 553 degunt,
1052 474 1152 534 minus
1186 473 1363 553 temporalia

188 588 342 651 curantes,
374 596 464 660 quanr
488 583 597 641 sinon
620 584 732 638 essent.
777 577 877 654 Aliqui
901 581 1082 655 perpetuum
1114 579 1270 638 silentium
1302 594 1361 636 ser-

186 690 256 744 vant
278 690 311 742 et
331 684 375 744 illi
396 700 454 743 neo
478 701 547 743 cum
569 682 635 742 Deo
657 698 715 742 nec
738 699 808 741 cnm
831 680 1001 740 hominibus
1024 680 1190 759 loquuntur
1205 698 1264 740 nec
1280 687 1363 740 orant

190 793 222 846 et
244 787 382 847 homines
405 785 533 865 tugiunt.
578 783 681 867 Aliqui
703 782 865 843 Rinschler
886 789 1045 855 vocantur,
1069 787 1120 862 qui
1143 786 1293 853 visiones,
1317 800 1361 842 re-

187 887 370 959 velationes,
404 893 523 967 raptns‚
554 895 689 948 exstases
719 888 906 965 percipiunt,
930 888 1090 948 ethorum
1123 887 1215 964 aliqui
1238 889 1269 946 in
1294 886 1362 945 civi·

187 990 313 1062 tutibus,
337 991 429 1070 aliqui
452 992 482 1050 iu
505 989 678 1050 nemoribus
701 994 856 1049 morantur
879 994 909 1048 et
932 1006 984 1060 ea,
1008 1006 1085 1067 quae
1100 990 1283 1068 percipiunt,
1301 989 1362 1046 aliis

189 1094 293 1155 dicunt
315 1101 346 1154 et
369 1097 444 1155 mira
467 1096 633 1172 loquuntur
655 1098 686 1153 et
708 1092 785 1153 tales
808 1110 917 1152 uxores
940 1111 1000 1152 non
1017 1093 1128 1153 hahent
1142 1099 1247 1152 contra
1265 1091 1363 1168 legem

188 1195 387 1267 Machometi‚
411 1198 462 1274 qui
485 1195 624 1256 omnihus
642 1196 791 1274 praecipit
805 1196 1038 1256 matrimonium.
1084 1194 1150 1254 Non
1167 1196 1249 1253 enim
1266 1195 1363 1272 legem

189 1306 308 1370 curant,
330 1318 387 1360 neo
404 1300 562 1379 operibus,
585 1315 644 1359 nec
659 1298 843 1359 orationibus
859 1299 979 1359 statutis
994 1300 1121 1369 instant,
1141 1297 1199 1358 sed
1215 1298 1362 1375 impulsus

189 1403 312 1482 spiritus
335 1419 439 1462 eorum
462 1406 639 1480 sequuntur.

277 1506 354 1567 Sunt
386 1509 476 1566 eliam
508 1509 587 1566 inter
621 1523 674 1566 eos
706 1503 792 1564 multi
823 1505 956 1573 coecati,
991 1520 1068 1580 quos
1094 1503 1222 1564 Sanctus
1250 1513 1363 1575 vocant,

190 1612 242 1688 qui
276 1611 503 1686 peregrinantes
537 1607 574 1668 ad
605 1605 790 1668 Machometi
813 1607 1006 1683 sepulchrum
1037 1623 1070 1666 se
1102 1607 1143 1666 ibi
1174 1614 1284 1684 sponte
1316 1625 1363 1668 ex·

191 1718 316 1772 coecant
350 1698 505 1774 eruentes
521 1712 641 1782 oculos,
679 1716 834 1790 putantes,
869 1716 1004 1770 caeteras
1026 1725 1076 1769 res
1102 1709 1207 1769 mundi
1229 1710 1365 1788 indignas

191 1830 260 1873 csse
290 1819 421 1892 aspectu.
447 1815 605 1876 oculorum
636 1812 771 1883 illorum,
809 1813 917 1890 quihus
946 1811 1139 1891 sepulchrum
1172 1810 1365 1884 Machometi

192 1914 272 1994 quod
287 1915 405 1994 dignius
421 1917 508 1978 coelo
525 1918 698 1987 aestimant,
715 1921 762 1975 est
776 1917 956 1994 inspectum.
991 1915 1056 1976 lloc
1069 1935 1224 1995 nunquam
1238 1919 1365 1996 legimus

192 2016 302 2077 iecisse
335 2018 466 2097 aliquem
501 2020 704 2081 Christianum
734 2021 928 2098 peregrinum
961 2022 992 2079 in
1027 2026 1151 2098 aspectu
1183 2023 1366 2100 sanctissimi

193 2121 344 2200 sepulchri
361 2122 484 2194 Christi,
508 2123 563 2185 sed
585 2125 665 2185 bene
688 2123 817 2202 legimus
840 2140 951 2183 coecos
974 2122 1011 2183 ad
1034 2129 1147 2183 tactum
1172 2123 1239 2200 ejus
1257 2124 1365 2185 illumi·

192 2233 287 2288 natos.
333 2227 397 2288 Nec
420 2228 592 2289 admitteret
617 2225 784 2286 Christiana
807 2224 913 2303 religio
937 2223 1111 2302 hujusmodi
1135 2225 1290 2287 horridam
1314 2226 1365 2287 de·

191 2331 363 2401 vodonem,
398 2336 431 2390 ut
454 2331 560 2409 aliquis
584 2331 641 2391 sihi
665 2335 750 2390 eruat
774 2328 909 2401 oculum,
939 2347 999 2406 quo
1032 2328 1218 2390 dominicum
1242 2329 1366 2391 vidisset

193 2433 403 2511 sepulchrum,
427 2434 482 2495 sed
507 2432 637 2494 admittit
659 2434 840 2493 eruitionem
857 2432 936 2493 oculi
952 2433 1198 2505 scandalizantis,
1222 2432 1367 2495 Matthaei

192 2535 307 2608 xvssl,
331 2536 367 2597 ad
391 2537 524 2597 debiturn
556 2543 657 2597 tamen
688 2524 884 2596 intellectum.
930 2535 1139 2607 Democritus,
1172 2533 1367 2597 Atheniensis

193 2639 403 2718 philosophus,
435 2641 492 2699 sihi
521 2641 579 2717 ipsi
609 2641 725 2699 eruisse
748 2636 854 2698 oculos
877 2638 987 2715 legitur
1009 2645 1133 2719 propter
1155 2647 1218 2700 tres
1244 2657 1366 2700 causas:

196 2739 226 2820 1)
239 2749 272 2802 ut
286 2743 487 2819 vegetatiores
505 2739 702 2819 cogitationes
717 2744 842 2803 haberet
858 2749 889 2802 et
904 2743 969 2801 sine
992 2741 1209 2819 impedimento
1232 2744 1316 2802 visus
1339 2748 1368 2801 ct

192 2863 294 2905 rerum
318 2846 519 2924 corporalium
543 2846 790 2924 contemplationi
813 2845 937 2905 liberius
953 2844 1123 2915 insisteret;
1148 2840 1180 2920 2)
1196 2863 1236 2905 ne
1252 2843 1368 2904 videret

196 2948 274 3008 hene
299 2966 368 3009 esse
391 2949 478 3010 malis
500 2950 687 3018 hominihus,
720 2965 849 3025 quorum
881 2953 1076 3026 prospectum
1099 2953 1216 3007 tantum
1249 2946 1368 3018 invidit;

195 3044 227 3127 3)
252 3065 285 3108 se
309 3054 496 3122 excoecavit,
520 3054 594 3129 quia
614 3051 756 3111 mulieres
779 3053 845 3110 sine
869 3052 1113 3129 concupiscentia
1137 3049 1295 3128 adspicere
1311 3070 1370 3110 non

195 3153 308 3231 potuit3
345 3150 377 3230 4)
400 3160 501 3214 tamen
532 3170 653 3215 oausam
685 3155 878 3231 praecipuam
910 3171 979 3213 esse
1014 3158 1102 3231 puto,
1142 3155 1214 3230 quia
1245 3155 1290 3213 sic
1320 3172 1369 3213 er·

197 3255 316 3315 coecari
346 3258 471 3328 meruit,
495 3259 547 3334 qui
569 3257 699 3335 magicas
726 3257 866 3317 tenebras
887 3255 982 3316 oculis
1005 3256 1142 3317 humanis
1156 3258 1282 3328 invexit,
1306 3273 1372 3316 eas-

192 3375 256 3436 ‘que
283 3365 353 3437 post
381 3359 571 3421 Zoroastrem
601 3361 752 3438 ampliavit
782 3366 813 3419 et
843 3358 985 3421 dilatavit.
1032 3359 1081 3419 Sic
1112 3365 1194 3419 tanto
1218 3358 1371 3420 desiderio

195 3461 332 3522 videntes
356 3460 540 3524 hlachomcti
575 3461 677 3522 lanum
709 3468 863 3522 merentur
889 3449 983 3538 justo¹
1006 3461 1078 3528 Dei,
1092 3461 1208 3537 judicio
1243 3463 1372 3541 perdere

195 3566 302 3626 visum.
348 3565 459 3627 Dicunt
491 3567 601 3635 etiam,
631 3566 691 3624 imo
715 3561 812 3642 (105
829 3560 871 3639 a)
902 3564 1038 3624 fabulose
1069 3564 1257 3641 confingunt,
1292 3566 1374 3644 quod

196 3669 275 3728 inter
298 3686 351 3730 eos
376 3672 436 3730 sint
459 3687 548 3748 quam
571 3665 673 3746 plures
696 3668 856 3744 utriusque
879 3685 968 3736 serus
983 3667 1138 3738 homines,
1163 3669 1215 3745 qui
1232 3671 1374 3747 concepti

196 3776 227 3831 et
249 3773 312 3832 nati
333 3773 392 3831 sint
415 3773 479 3831 sine
502 3772 580 3833 virili
603 3773 735 3840 somine,
757 3770 822 3829 Deo
845 3766 1018 3830 insufflante
1041 3773 1071 3831 iu
1095 3776 1216 3831 ventres
1240 3789 1373 3849 quarun-

197 3871 265 3933 dam
293 3872 505 3945 ioeminarum,
540 3892 576 3934 ex
604 3874 712 3951 quibus
743 3875 839 3933 sancti
873 3879 1054 3951 generentur
1084 3875 1170 3951 pueri
1202 3873 1373 3936 Sarraceni.

196 3972 328 4047 Idcirco,
361 3977 431 4053 quia
458 3977 576 4037 beatem
606 3974 734 4036 Mariam
758 3974 913 4054 Virginem
946 3978 990 4036 sic
1024 3977 1202 4054 concepisse
1235 3977 1373 4050 credunt,

199 4077 349 4138 Christum
378 4079 540 4140 Dominum
563 4084 699 4139 nostrum
722 4075 867 4139 Ruchella
900 4078 1068 4158 appellant,
1099 4078 1180 4158 quod
1210 4079 1293 4141 idem
1317 4087 1375 4152 est,

80 4224 83 4228 -
199 4179 279 4260 quod
301 4179 389 4244 ssatus
415 4183 489 4254 Dci3
525 4180 693 4260 corporalia
716 4181 797 4239 enim
825 4199 886 4242 non
914 4181 1149 4253 transcendunt,
1172 4179 1242 4242 ideo
1274 4182 1376 4244 Deum
