2874 4770
700 160 764 231 369

142 333 264 413 plurimi
286 341 356 417 post
377 334 536 417 prandium
566 333 604 395 ad
630 337 715 397 littus
749 337 928 415 navigabant
961 343 992 398 31
1020 339 1052 398 13
1084 345 1187 400 313313
1217 341 1320 417 ignem

143 441 345 502 incendebant
368 448 398 500 et
421 444 451 501 in
474 441 575 502 multis
592 442 825 519 superstitiones
841 443 1031 519 antiquorum
1046 445 1322 522 repraesentabant,

131 548 193 624 ‚qui
217 548 248 606 in
270 546 323 606 illo
347 545 395 606 die
419 543 527 605 lanum
550 545 744 605 honorabant.
790 543 1000 616 Nonianus,
1024 554 1108 623 pater
1132 555 1163 608 ct
1193 545 1320 607 deorum

143 649 282 710 dominus
306 651 554 726 cognominatus,
578 651 624 709 vir
646 651 749 725 utique
767 648 986 727 perhumanus,
1008 651 1105 711 bonus
1129 657 1160 711 et
1183 669 1320 711 summus

140 752 351 832 hospitalitatis
375 738 487 825 cultor,
513 754 564 832 qui
588 754 679 813 etiarn
703 752 866 812 Saturnum
889 750 927 812 de
952 751 1041 812 Creta
1063 752 1184 831 pulsum
1207 772 1223 814 a
1245 752 1320 816 Jove

139 857 291 934 suscepit,
316 862 346 916 31
368 855 425 916 1311
447 864 515 917 3313
539 856 660 916 Domini
684 855 845 917 adventum
865 851 948 918 1560
972 857 1057 916 aunis
1074 874 1111 917 er
1126 857 1321 917 orientalibus

138 962 272 1039 partibus
305 962 431 1021 veniens
462 963 639 1039 primusque
662 962 693 1021 iu
716 959 961 1039 ltaliaregnavit
997 967 1027 1020 et
1052 958 1219 1020 ianiculum
1242 959 1321 1020 haud

140 1064 244 1142 procul
269 1081 285 1124 a
307 1064 402 1124 Roma
426 1063 568 1124 condidit.
614 1063 701 1124 Hunc
717 1065 818 1143 opinio
834 1064 994 1125 hominum
1017 1066 1096 1124 inter
1112 1062 1185 1124 deos
1209 1063 1320 1134 retulit,

139 1184 230 1244 quem
266 1169 426 1246 posteritas
461 1169 657 1248 interpretata
690 1169 791 1246 ipsum
823 1170 908 1246 quasi
937 1167 1041 1228 muudi
1076 1173 1126 1227 aut
1158 1167 1236 1226 coeli
1270 1172 1320 1226 aut

139 1273 210 1331 anni
233 1273 297 1332 sive
320 1273 471 1331 mensium
495 1271 622 1332 1333313
645 1271 814 1350 3333113111,
841 1273 889 1332 331
906 1270 1081 1334 1333311331
1104 1288 1243 1330 13333313
1266 1269 1318 1330 de-

139 1374 313 1436 dicaverunt
336 1393 388 1448 eo,
421 1374 502 1452 quod
526 1378 641 1435 mensis
664 1377 730 1453 ipse
754 1376 935 1452 principium
959 1381 991 1435 31
1014 1376 1197 1435 annifinem
1222 1376 1318 1452 respi-

140 1481 214 1551 ciat,
236 1479 318 1540 unde
342 1486 372 1539 et
394 1479 557 1540 bifrontem
574 1497 644 1540 euin
667 1477 885 1557 depingebant,
910 1478 997 1554 cujus
1013 1479 1128 1539 idolum
1143 1478 1232 1538 hodie
1257 1481 1320 1538 3313

139 1583 170 1642 13
194 1582 321 1661 quadam
343 1582 473 1644 ecclesia
489 1599 558 1642 esse
574 1585 723 1660 positum,
747 1581 899 1660 duplicem
913 1581 1045 1643 frontem
1068 1583 1183 1643 habens
1205 1584 1236 1641 in
1259 1598 1319 1641 uno

140 1688 255 1765 capite,
278 1686 394 1748 33111331
416 1686 525 1747 1331331
549 1688 630 1746 33313
655 1693 685 1746 31
708 1687 817 1756 1113113,
842 1692 872 1745 31
897 1684 1005 1746 1331313
1016 1685 1137 1763 juvenis
1154 1691 1184 1745 et
1201 1685 1317 1744 alacris.

137 1787 173 1850 ln
196 1789 294 1849 hieme
327 1807 397 1869 ergo
429 1796 549 1853 vertunt
578 1791 695 1852 vultum
725 1790 844 1851 tristem
873 1789 910 1850 ad
941 1789 1103 1870 populum,
1138 1790 1170 1848 in
1202 1792 1317 1849 aestate

141 1893 258 1956 vultum
281 1895 401 1956 laetum.
754 1898 757 1906 '

229 1993 284 2078 (11)
302 1997 347 2059 Ob
363 1999 509 2060 bonorem
525 2016 596 2078 ergo
612 1987 677 2058 Jarri
694 1997 789 2059 multa
805 1999 840 2058 ab
856 1999 985 2076 antiquis
1001 1998 1120 2071 fiebant,
1137 2016 1213 2078 quae
1228 1996 1316 2057 bodie

134 2117 191 2162 sua
213 2103 340 2180 vestigia
362 2102 473 2163 babent
495 2101 574 2183 apud
597 2103 709 2181 plures.
751 2101 838 2163 Unda
863 2103 1000 2180 prohibet
1020 2103 1150 2164 ecclesia
1165 2103 1220 2163 sub
1245 2119 1313 2162 ana-

133 2205 285 2277 themate,
321 2206 402 2284 quod
424 2206 482 2266 1133
505 2206 554 2266 die
578 2214 702 2285 3133131
724 2225 835 2267 novum
858 2223 969 2267 annum
992 2207 1065 2266 nihil
1088 2207 1158 2267 novi
1181 2205 1231 2266 liat
1254 2207 1313 2265 ritu

133 2325 336 2389 paganorum,
370 2316 404 2370 ut
425 2309 553 2370 habetur
576 2308 629 2374 26.
653 2327 703 2388 qu.
738 2307 768 2370 7.
794 2329 820 2371 3.
867 2311 899 2370 Si
929 2313 996 2388 quis
1020 2317 1078 2372 etc.
1124 2311 1162 2370 Et
1191 2316 1313 2369 sanctus

132 2409 321 2492 Augustinus
344 2415 376 2476 in
398 2431 539 2474 sermone
556 2413 702 2495 Calendas
719 2411 853 2491 ianuarii
876 2414 990 2474 invehit
1015 2414 1088 2474 dure
1112 2419 1216 2481 contra
1231 2412 1315 2472 Chri-

135 2518 267 2589 stianos,
292 2520 343 2596 qui
367 2517 448 2578 diem
470 2518 555 2579 illurn
579 2519 609 2577 in
632 2517 710 2578 ludis
735 2518 889 2577 celebrant
911 2524 943 2577 et
964 2525 1081 2578 strenas
1104 2517 1184 2578 dant.

187 2617 188 2621 ’
221 2620 361 2683 Secunda
384 2621 432 2684 die
456 2621 513 2682 fuit
535 2621 614 2683 lacta
642 2619 840 2699 tranquillitas
870 2622 901 2680 in
929 2624 1004 2699 mari
1034 2600 1158 2702 magna,
1192 2629 1223 2683 et
1245 2623 1314 2685 ideo

133 2725 233 2788 soluta
256 2725 353 2787 313333
378 2744 450 2804 3313Ι
467 2728 559 2787 133113
583 2732 665 2787 extra
687 2732 980 2804 traxerantportum
1002 2729 1139 2795 maximis
1162 2727 1312 2789 laboribus

136 2846 235 2908 usque
257 2833 349 2892 maris
372 2830 575 2903 latitudinem,
599 2831 736 2892 modicus
760 2838 862 2897 autem
878 2832 959 2892 13311
975 2840 1098 2906 133133,
1123 2834 1174 2912 qui
1196 2850 1255 2908 nos·
1276 2831 1314 2892 de

132 2931 338 2996 Sebenniticis
362 2936 490 3016 rupibus.
511 2937 592 3007 tulit,
615 2935 753 2996 sednon
778 2933 902 3007 duravit,
926 2943 996 3014 3331
1019 2936 1092 2997 duas
1116 2938 1198 2997 enim
1221 2937 1310 2996 horas

134 3039 302 3099 contrarius
326 3041 454 3099 surrexit
475 3046 600 3111 ventus,
624 3041 675 3119 qui
699 3047 805 3100 contra
820 3038 959 3117 Apuliam
982 3059 1039 3101 nos
1062 3041 1173 3102 ducere
1197 3041 1312 3120 potuis-

135 3147 198 3213 set,
225 3141 280 3203 sed
303 3144 516 3204 subtractisei
538 3144 613 3205 velis
631 3151 735 3205 contra
751 3150 893 3220 montana
907 3144 1074 3206 Dalmatiae
1089 3152 1220 3206 rostrum
1243 3162 1310 3205 ver-

132 3247 234 3324 timus.
265 3245 396 3327 1113333
420 3254 520 3309 331313
535 3248 664 3309 vidimus
693 3266 784 3326 super
808 3248 918 3308 collem
942 3250 1062 3326 signum
1085 3251 1183 3322 securi
1207 3255 1311 3326 portus

130 3357 163 3412 ot
182 3351 224 3435 ‚ad
247 3352 366 3428 signum
389 3351 588 3424 tetendimus,
623 3360 654 3413 et
676 3360 817 3412 montana
840 3353 970 3429 ingressi
1004 3369 1059 3430 per
1082 3358 1243 3430 angustum
1266 3350 1311 3410 di·

128 3456 268 3516 strictum
290 3456 321 3514 in
345 3462 465 3533 portum
493 3455 684 3517 delicabilern'
711 3457 865 3525 venimus,
900 3471 992 3534 quem
1023 3455 1216 3515 nominabant
1238 3451 1310 3511 Lar-

128 3557 261 3628 molum,
285 3558 378 3619 311111
401 3576 492 3620 naves
516 3559 721 3619 stabilivimus.
767 3556 823 3618 Vix
845 3556 1121 3618 133313133311331
1144 3558 1185 3616 ita
1209 3554 1310 3615 delec-

126 3663 251 3724 tabilem
274 3662 333 3724 vidi
357 3665 435 3724 sicut
457 3664 560 3736 illurn,
588 3681 657 3724 nam
681 3679 763 3722 marc
786 3660 827 3720 ibi
856 3660 912 3721 luit
945 3660 1127 3740 profundum
1148 3650 1189 3720 31
1212 3660 1309 3739 parie-

126 3768 208 3829 tibus
232 3767 387 3829 altissimis
419 3768 540 3845 rupium
570 3765 750 3827 conclusum
785 3766 863 3825 sicut
886 3765 1015 3842 piscina,
1050 3758 1152 3826 demto
1182 3769 1309 3841 angusto
1383 3841 1386 3846 ι

127 3874 227 3943 exitu,
251 3888 306 3950 per
328 3889 420 3951 quem
443 3883 538 3950 aquae
553 3872 591 3933 de
608 3872 683 3930 mari
701 3850 850 3930 intrabant
872 3876 903 3929 et
926 3887 1033 3940 naves,
1056 3878 1087 3931 31
1109 3873 1150 3931 113
1173 3867 1309 3929 31113313

124 3975 184 4037 ruit
216 3977 340 4038 interior
369 3978 486 4050 mansio
520 3974 551 4036 et
574 3972 715 4046 rotunda,
751 3990 787 4033 ac
816 3974 841 4033 si
871 3991 917 4034 ars
950 3974 1080 4036 humana
1107 3973 1245 4035 lacunam
1268 3970 1309 4030 ibi

126 4083 350 4154 constituisset,
384 4089 416 4143 et
438 4083 533 4143 multo
565 4081 673 4142 melius
705 4086 829 4140 naturae
861 4080 998 4141 conditor
1022 4079 1193 4157 composuit
1215 4076 1308 4134 istum

124 4190 267 4266 portuma
291 4185 444 4248 altissimis
467 4187 549 4249 enim
571 4184 877 4289 rupiumparietibus
893 4184 1120 4255 313111133331,Ι
1137 4184 1180 4243 ita
1195 4188 1306 4263 tamen,

267 4310 269 4313 '
1065 4302 1100 4355 24
