2874 4770
687 163 750 233 172

128 340 241 402 iretarc
263 341 418 412 volebant,
444 345 475 401 et
496 338 584 401 multi
605 341 768 402 nobiliores
791 342 872 404 cives
895 341 1091 404 Venetorum.
1138 340 1309 404 Conventio

130 450 231 506 autem
253 442 311 505 init
332 442 407 506 dura
428 445 650 522 in-quantitate
665 446 763 516 nauli,
788 463 879 524 quarn
901 452 1004 506 tamen
1019 448 1152 506 inierunt
1181 452 1310 526 propter

130 546 288 610 dominum
310 548 479 610 Iohannem
502 547 541 608 de
564 547 679 622 salma,
710 553 868 622 comitem,
904 552 955 628 qui
986 550 1153 610 infirmatus
1177 552 1310 629 graviter

127 652 336 715 indesinenter
358 653 503 713 clamabat
533 659 641 732 petens
672 672 707 714 se
739 656 935 733 transportari
964 655 994 714 in
1023 654 1159 731 galeam,
1192 657 1226 714 in
1251 673 1308 733 qua

129 757 308 819 aestimabat
345 769 387 817 se·
416 758 577 817 sanitatem
612 765 871 838 recuperaturum.
927 756 1008 818 Male
1039 765 1140 818 autern
1172 760 1309 832 contenti

129 868 213 923 erant
235 862 349 923 domini
372 862 498 923 aliarum
520 859 647 920 duarum
669 863 850 923 societatum
871 868 995 942 propter
1023 861 1105 922 illam
1129 865 1306 923 conventio·

127 984 199 1027 nem
229 968 334 1029 initam
365 957 525 1036 timentes,
557 982 595 1025 ne
629 967 721 1027 etiam
745 971 927 1043 cogerentur
953 982 1009 1041 per
1030 963 1088 1024 boc
1112 964 1151 1025 ad
1174 964 1307 1026 dandum

127 1077 245 1134 tantum
267 1073 409 1151 pretium.

194 1174 307 1236 ·Porro
331 1181 400 1254 post
423 1173 655 1234 conventionem
678 1173 772 1233 voluit
796 1173 936 1234 dominus
952 1171 1144 1235 Bernhardus
1167 1173 1206 1234 de
1223 1173 1305 1236 Brai-

42 1289 45 1292 “
127 1279 269 1350 lanbach,
302 1278 433 1340 decanus
449 1275 692 1355 Moguntinensis
710 1277 874 1348 ecelesiae,
898 1279 1009 1338 int-rare
1034 1279 1151 1355 galeam
1171 1279 1305 1341 conduc-

126 1389 203 1456 tam,
226 1383 265 1444 ad
287 1380 508 1462 disponendum
530 1381 632 1441 locum
654 1399 709 1460 pro
732 1381 854 1441 domino
879 1383 988 1441 comite
1015 1381 1124 1454 debili,
1149 1389 1180 1442 et
1203 1385 1305 1462 rogavi

128 1504 214 1558 eum,
238 1493 271 1547 nt
292 1487 369 1547 irem
391 1501 506 1545 secum.
553 1484 604 1544 Sic
633 1500 705 1563 ergo
732 1501 787 1543 nos
812 1483 870 1543 duo
899 1486 930 1544 in
953 1485 1078 1562 galeam,
1099 1487 1305 1563 navigavimus

126 1595 159 1650 et
191 1590 293 1650 locum
324 1605 397 1649 suae
429 1589 593 1648 mansionis
626 1589 883 1650 consideravimus
918 1595 950 1649 et
980 1590 1158 1667 aptavimus.
1210 1589 1304 1651 Valde

127 1698 229 1753 autern
250 1690 363 1770 placuit
392 1689 466 1750 mihi
494 1690 668 1768 galerius,
700 1710 757 1752 nec
790 1693 946 1756 videbatur
969 1693 1058 1764 mihi,
1088 1711 1137 1753 me
1159 1711 1304 1772 umquam

125 1794 331 1889 pulchriorem
345 1794 473 1866 vidisse,
497 1797 659 1856 eratenim
681 1814 773 1869 nova,
792 1797 909 1877 ampla,
939 1799 1052 1875 optime
1075 1803 1180 1857 ornata
1203 1804 1235 1858 et
1256 1817 1305 1857 or·

127 1897 242 1970 dinata,
273 1903 305 1957 et
334 1899 463 1959 ministri
490 1901 521 1959 in
551 1916 587 1959 ea
616 1901 804 1973 anricabiles,
835 1907 866 1962 et
897 1903 1070 1980 capitaneus
1101 1901 1225 1973 classis,
1254 1904 1305 1980 qui

126 2002 288 2070 intererat,
325 2002 371 2063 vir
393 1989 526 2082 prudens
556 2007 587 2062 et
608 2003 714 2065 bonus.
749 2005 787 2065 Et
809 2005 885 2065 baec
913 2003 1020 2065 videns
1049 2005 1150 2081 incepi
1180 2023 1304 2083 gemere

126 2123 198 2185 prae
223 2103 375 2167 desiderio
399 2105 541 2166 manendi
568 2107 601 2166 in
632 2107 682 2167 illa
706 2108 799 2186 galea⁴
821 2125 891 2168 cum
914 2106 1044 2168 dominis
1067 2109 1181 2185 primae
1202 2111 1305 2182 socie·

125 2212 211 2282 tatis,
235 2216 266 2271 et
291 2211 416 2290 exposui
446 2207 570 2270 domino
590 2209 764 2271 bernhardo
787 2211 923 2290 praelato
951 2211 1136 2272 desiderium
1150 2210 1250 2292 (1311
1262 2209 1304 2290 a)

126 2332 242 2386 meum,
266 2313 322 2377 sed
345 2313 498 2376 deiectum
522 2332 721 2393 expensarum
750 2314 945 2384 lamentabar.
992 2315 1178 2377 Venerabilis
1204 2323 1305 2399 autem

124 2420 171 2482 vir
192 2419 230 2480 de
253 2427 382 2499 utroque
406 2438 456 2480 me
479 2420 529 2500 pie
554 2421 781 2490 consolabatur,
811 2427 843 2481 et
865 2421 982 2499 egressi
1005 2419 1042 2480 de
1069 2420 1153 2499 galea
1183 2422 1304 2481 concito

125 2522 217 2605 gradu
241 2523 324 2585 duxit
347 2526 450 2585 mein
475 2524 663 2587 Venetorum
686 2525 835 2586 iontieum
858 2524 896 2585 ad
912 2524 1068 2586 dominum
1084 2524 1305 2596 Sebastianum,

126 2634 286 2708 patronum
308 2644 381 2688 suae
405 2625 527 2706 galeae,
552 2637 585 2689 et·
599 2648 654 2708 pro
670 2648 719 2691 me
743 2628 950 2701 intercedens,
974 2637 1128 2707 tamquam
1150 2646 1206 2707 pro
1231 2646 1304 2708 pau·

124 2749 211 2814 pere,
243 2712 475 2792 conventionem
500 2733 666 2805 conclusit,
696 2739 730 2795 ut
761 2740 791 2794 et
815 2751 871 2812 ego
894 2735 924 2793 in
949 2733 1081 2812 praelata
1112 2732 1198 2809 galea
1223 2750 1305 2792 mare

125 2837 302 2905 transirem
337 2836 462 2912 iusuper
495 2834 599 2896 eduxit
617 2834 681 2896 'Xll
712 2835 837 2897 ducatos
878 2855 992 2918 eosque
1020 2837 1094 2897 mihi
1119 2835 1246 2896 tradidit
1276 2839 1306 2896 iu

124 2938 320 3000 sublevamen
343 2953 558 3015 expensarum,
583 2956 710 3016 rogans,
732 2945 766 2999 ut
789 2937 880 3000 deum
901 2959 956 3020 pro
979 2959 1012 3001 se
1036 2947 1066 3001 et
1085 2942 1149 3000 suis
1175 2959 1305 3012 orarem,

51 3042 54 3047 '
126 3047 157 3102 et
183 3047 217 3101 ut
246 3041 277 3100 in
307 3041 375 3100 navi
408 3038 564 3100 dominum
594 3043 738 3102 comitem
759 3043 911 3104 infirmum
945 3044 1119 3105 consolarer
1147 3049 1178 3104 et
1203 3063 1306 3106 curam

125 3142 192 3221 ejus
222 3145 254 3203 in
286 3140 491 3221 spiritualibus
510 3161 661 3223 ‘agerem3
693 3164 754 3206 non
777 3149 859 3207 enirn
882 3148 1011 3209 habebat
1042 3150 1173 3211 societas
1209 3151 1305 3227 prima

125 3244 327 3308 sacerdotem.
373 3245 457 3306 Hanc
487 3247 631 3324 grandem
660 3252 805 3327 pietatem
837 3251 970 3312 exhibuit
992 3252 1065 3312 mihi
1088 3253 1194 3330 utique
1219 3254 1305 3312 anxio

125 3356 156 3411 et
179 3350 353 3411 necessario
375 3350 555 3411 venerabilis
579 3352 697 3413 vieille
723 3356 895 3416 misericors
927 3375 964 3417 ex
994 3354 1251 3416 sua.liberalitate
1276 3360 1306 3414 et

125 3453 356 3533 magnificentia,
381 3452 520 3516 dominus
545 3473 712 3535 generosus
735 3457 926 3520 Bernhardus
951 3459 988 3519 de
1011 3457 1226 3530 Braitenbach‚
1250 3478 1304 3538 pro

123 3565 196 3620 tunc
219 3560 401 3619 camerarius
425 3560 574 3621 ecclesiae
598 3560 849 3639 metropolitanae
872 3560 1132 3648 Mogontinensis,
1156 3579 1236 3622 nunc
1253 3580 1304 3623 au·

122 3669 187 3723 tem
211 3661 405 3740 dignissimus
429 3664 568 3742 ejusdem
591 3666 739 3727 ecclesiae
756 3665 906 3737 decanus,
931 3668 979 3727 cui
994 3664 1070 3725 deus
1085 3671 1119 3725 ut
1134 3667 1304 3728 retribuere

124 3765 265 3844 dignetur
287 3765 337 3825 hic
360 3769 442 3827 etin
466 3767 566 3830 futuro
590 3771 719 3849 supplex
735 3788 801 3831 oco.
834 3771 947 3854 lgitur,
972 3787 1041 3830 cum
1064 3767 1102 3828 de
1126 3770 1211 3847 galea
1233 3789 1303 3849 pro-

123 3869 205 3930 visus
225 3885 336 3938 essem,
360 3869 457 3931 laetus
474 3873 505 3931 in
528 3871 651 3933 domum
674 3880 809 3936 nostram
825 3875 863 3936 ad
886 3877 986 3936 socios
1011 3891 1095 3934 meos
1113 3872 1208 3944 redii,
1234 3892 1305 3934 cum

124 3979 226 4034 autem
250 3971 445 4045 audivissent,
468 3991 517 4034 me
541 3975 670 4037 divisum
692 3977 726 4037 ab
745 3979 798 4049 eis,
824 3979 992 4039 contristati
1007 3977 1129 4057 quidem
1145 3983 1225 4049 sunt,
1250 3977 1307 4039 sed

122 4076 231 4138 auditis
270 4077 411 4137 subsidiis
444 4077 517 4137 mihi
555 4081 707 4156 praestitis
736 4099 797 4141 non
819 4089 972 4159 vpoterant
1004 4101 1065 4143 non
1101 4081 1302 4159 congaudere.

122 4179 235 4243 Eadem
257 4179 331 4242 bora
354 4181 432 4245 erivi
456 4197 526 4243 oum
549 4179 671 4244 domino
695 4183 848 4256 lobanne,
872 4184 1082 4249 archidiacono
1108 4182 1303 4264 Transsylva·
