2874 4770
688 180 759 251 283,

219 358 313 421 Porro
337 377 414 421 anno
436 358 558 419 Domini
575 354 660 422 1188
682 357 753 420 dnm
769 359 932 420 Christiani
953 327 1136 420 conarentur
1158 359 1310 563 Ἢ

134 468 238 522 carent
260 479 315 539 pro
332 461 481 523 dominico
505 462 666 540 sepulchro
690 469 719 521 et
743 464 862 524 civitate
886 469 988 525 sancta
1010 470 1042 524 et
1065 480 1120 541 pro
1144 448 1225 524 tota¹
1289 444 1294 467 ²

135 572 253 636 sancta,
276 563 398 631 Alexius
423 565 605 626 Graecorum
631 568 795 645 imperator
817 569 848 626 in
862 565 1138 645 Constantinopoli
1157 566 1240 653 deglp't
1262 569 1307 628 in-

134 669 232 730 sulam
256 668 375 728 Cretam
397 669 568 740 Bonilacio‚
602 671 705 729 comiti
727 668 960 741 Montisierrati,
991 671 1042 749 qui
1067 676 1139 731 tunc
1161 676 1225 732 erat
1248 668 1308 732 dux

134 766 418 834 exercitus'dcmini
443 788 497 850 per
519 790 602 832 mare
634 779 737 833 contra
760 771 911 843 infideles,
945 774 996 851 qui
1019 760 1240 854 dnm‘pecunin
1262 776 1306 834 iu-

133 878 240 956 diguus
263 884 358 948 esset,
392 876 529 938 vendidit
560 877 689 938 insulam
713 877 857 947 Venetis,
887 895 941 955 pro
975 894 1034 955 qua
1063 893 1307 961 magnamsum·

131 999 211 1041 marn
234 983 381 1061 pecuniae
406 984 531 1060 accepit.
565 981 711 1042 Videntes
727 988 828 1042 antem
842 980 968 1054 Veneti,
992 982 1122 1042 insolam
1138 980 1175 1041 ad
1190 960 1308 1043 merces

130 1093 161 1147 et
184 1089 390 1165 navigationes
414 1103 483 1150 esse
500 1088 703 1165 aptissimam,
728 1084 969 1147 deliberaverunt
984 1088 1014 1145 in
1039 1092 1166 1157 senatu,
1189 1092 1221 1145 ut
1244 1103 1308 1145 cm-

129 1209 200 1252 nem
222 1192 475 1268 negotiationem,
509 1208 586 1269 quae
610 1190 746 1251 venetiis
771 1195 832 1259 est,
865 1208 934 1250 cum
959 1190 1087 1259 ¹merciis
1111 1190 1309 1252 transferrent

127 1297 157 1354 iu
182 1294 303 1377 Cretam
327 1312 456 1373 eamque
480 1313 631 1356 cameram
654 1297 822 1364 mercium,
846 1288 1008 1361 sicmstitn
1030 1293 1158 1354 Venetia
1181 1299 1238 1364 est,
1261 1293 1305 1357 la·

129 1405 242 1473 cenent.
291 1398 366 1458 Cum
399 1404 500 1458 autem
532 1404 601 1459 vcta
632 1397 819 1476 singulorum
852 1396 1010 1464 consulum
1041 1405 1165 1476 recepta
1195 1404 1307 1470 essent,

128 1504 268 1563 inventae
288 1509 357 1562 sunt
373 1520 433 1562 non
449 1503 508 1577 uisi
531 1501 609 1563 duae
631 1520 723 1562 voces
748 1502 849 1580 plures
862 1504 1067 1582 partisillius,
1090 1505 1142 1582 qui
1157 1520 1308 1566 cameram

129 1607 370 1685 negotiationum
394 1607 490 1670 voluit
512 1624 581 1667 csse
604 1607 764 1666 venetiis„

215 1813 307 1874 Porro
332 1814 513 1884 Cretenses,
543 1817 587 1875 uti
611 1815 794 1877 Graecorum
821 1826 887 1877 mos
911 1824 972 1891 est,
996 1835 1088 1896 saepe
1113 1803 1211 1883 conati
1237 1829 1307 1883 suut

129 1937 163 1980 se
187 1937 202 1980 a
225 1919 409 1981 Venetorum
430 1920 505 2000 jugo
529 1929 680 1995 excutere,
705 1922 901 2004 dedignantes
924 1921 1037 1985 Latinis
1062 1925 1198 1986 subesse.
1245 1925 1306 1986 Sed

126 2023 236 2085 Veneti
260 2024 370 2085 oculati
394 2042 448 2085 eos
479 2026 507 2103 vi
530 2027 669 2087 retinent.
715 2025 801 2089 Unde
825 2046 904 2089 anno
928 2027 1048 2089 Domini
1078 2027 1160 2094 1475
1185 2033 1305 2110 conspi-

128 2132 203 2190 ratio
227 2133 323 2210 gravis
348 2137 379 2192 et
402 2131 573 2209 periculosa
595 2135 625 2191 in
641 2132 730 2193 Creta
747 2112 816 2193 “orta
840 2139 903 2204 est3
926 2149 996 2193 nam
1021 2134 1184 2195 Cretenses
1199 2133 1306 2194 Turcis

127 2233 218 2294 fidem
241 2233 403 2306 dederunt,
427 2252 461 2294 se
484 2237 665 2295 transituros
687 2238 717 2295 iu
741 2253 847 2297 eorum
872 2241 1066 2316 potestatem,
1101 2239 1127 2297 si
1150 2239 1307 2298 mitterent

129 2337 174 2395 eis
190 2344 335 2397 armatam
350 2337 489 2409 classem,
506 2345 537 2397 et
552 2355 632 2398 arma
648 2346 843 2416 suscepturos
860 2345 964 2401 contu
979 2318 1179 2418 Latinosbipa
1197 2341 1304 2420 classe¹

129 2437 168 2499 Ut
185 2447 284 2499 autem
301 2441 360 2500 boc
375 2435 506 2519 nequ'am
523 2441 682 2500 consilium
697 2441 822 2500 Venetis
837 2442 983 2512 innotuit,
1009 2442 1110 2502 statim
1127 2441 1185 2501 dux
1201 2443 1306 2505 classis

128 2542 313 2616 Venetianae
338 2563 407 2605 cum
430 2541 473 2607 40
493 2544 657 2605 biremibus
682 2547 803 2606 armatis
826 2547 856 2605 in
880 2534 1009 2605 insulam
1031 2539 1188 2622 navigavit.
1231 2546 1303 2608 Cre·

129 2654 232 2707 tenses
257 2656 372 2720 autem,
405 2648 542 2710 videntes
568 2649 710 2719 classem,
745 2651 888 2730 putabant
911 2667 980 2709 csse
1003 2647 1153 2709 ancearn
1177 2650 1306 2710 classem

129 2757 159 2811 et
182 2751 220 2813 ad
243 2771 324 2814 arma
347 2761 581 2826 concurrerunt,
614 2774 725 2816 nomen
756 2754 928 2817 Tuscorum
955 2757 1191 2818 inclamaverunt
1223 2763 1253 2815 et
1275 2757 1306 2816 in

128 2858 209 2919 urbis
235 2859 365 2920 Candiae
389 2861 532 2922 custodes
555 2864 736 2923 saevierunt.
784 2862 895 2923 Classis
931 2879 1002 2940 ergo
1027 2867 1146 2940 portum
1170 2861 1306 2938 ingressa

128 2965 245 3042 pugiles
269 2966 376 3025 armati
400 2965 436 3025 de
460 2965 584 3026 navibus
608 2969 638 3026 in
656 2968 807 3028 civitatem
825 2973 1007 3026 commotam
1027 2971 1058 3026 et
1072 2967 1221 3027 turbatam
1237 2971 1307 3026 sunt

126 3068 256 3144 ingressi
287 3075 317 3129 et
341 3073 563 3149 conspiratores
590 3090 695 3133 omnes
712 3074 828 3134 vinctos
855 3074 884 3132 in
901 3073 1030 3133 classem
1047 3070 1213 3133 eduxerunt
1233 3088 1305 3132 ecs·

127 3189 186 3249 que
220 3171 362 3234 Venetiae
393 3177 612 3237 examinandos
639 3176 873 3258 et‘puniendos
902 3181 1061 3238 miserunt.
1109 3173 1199 3235 Turci
1234 3193 1304 3234 vero

128 3284 307 3363 paraverunt
336 3280 459 3356 quidem
483 3282 628 3353 classem,
660 3290 693 3343 ut
716 3283 846 3344 insulam
870 3289 1030 3361 caperent,
1053 3280 1109 3341 sed
1138 3280 1305 3350 audientes,

128 3377 257 3439 classem
279 3380 467 3443 Venetorum
490 3385 530 3444 ibi
561 3400 646 3456 esse,
681 3393 895 3449 converterunt
924 3387 1054 3446 classem
1083 3401 1168 3444 suam
1193 3385 1306 3444 amari

125 3479 228 3560 Aegeo
260 3484 290 3542 iu
313 3482 558 3563 Hellespontum,
592 3486 629 3547 ad
652 3486 866 3566 Propontidem
900 3490 1073 3565 navigantes
1105 3482 1136 3546 in
1159 3486 1304 3546 Euxinum

126 3586 275 3661 pontum,
293 3590 344 3664 qui
368 3594 414 3647 est
436 3594 518 3648 trans
541 3589 724 3669 bosporum,
756 3598 786 3652 et
809 3582 915 3652 urbem
939 3591 1071 3669 Capbam
1096 3589 1305 3664 (lensiensibus

127 3687 322 3749 abstulerunt.
369 3689 451 3751 llaec
474 3695 545 3753 urbs
569 3702 616 3757 est
639 3711 746 3772 magna
773 3701 804 3754 et
828 3694 992 3772 populosa,
1016 3694 1045 3753 iu
1070 3692 1307 3773 septemtrionali

126 3790 212 3868 plaga
243 3793 273 3851 in
296 3792 397 3854 littore
420 3794 525 3855 Euxini
557 3800 664 3868 maris,
699 3797 734 3858 ad
764 3814 882 3857 merces
914 3799 1084 3878 aptissima,
1117 3799 1152 3859 ab
1184 3799 1305 3874 antiquo

126 3903 264 3978 tempore
294 3900 465 3961 christiana.
518 3900 560 3961 lbi
592 3910 713 3963 sanctus
748 3903 889 3964 Clemens
921 3903 1071 3981 relegatus
1100 3904 1242 3964 habitavit
1275 3907 1305 3962 et

127 4002 241 4064 iontem
270 4021 326 4083 per
354 4008 420 4085 agni
456 4005 745 4070 demonstrationem
774 4008 849 4070 lodii
883 4015 913 4070 et
943 4010 1117 4087 martyrium
1148 4007 1187 4067 ibi
1222 4023 1304 4066 com·

127 4105 229 4182 plevit,
253 4115 283 4168 et
307 4128 507 4172 marmoreum
525 4113 671 4191 templum
686 4114 829 4193 angelicis
852 4115 992 4175 manibus
1015 4120 1151 4192 paratum
1175 4114 1205 4173 in
1230 4122 1303 4177 mari

128 4225 182 4288 pro
206 4224 332 4290 corpore
356 4215 422 4293 ejus
447 4216 514 4278 luit.
544 4215 588 4277 lbi
611 4220 700 4279 etiam
725 4218 761 4280 S.'
778 4216 926 4281 Martinus
949 4235 1045 4298 papa,
1069 4220 1120 4297 qui
1144 4219 1307 4279 concilium
