2874 4770
681 177 747 254 ddi

128 368 231 426 mento
254 365 478 425 eis'restitutus
500 361 640 423 fuissem·
682 361 757 423 Nam
779 361 885 423 relatio
903 348 1022 424 ‘dudum
1043 350 1094 444 me
1108 345 1307 446 praevenerat
1410 414 1418 425 .

128 468 253 548 duplex,
277 486 336 530 una
355 466 514 538 videlicet,
537 465 619 545 quod
641 467 671 526 in
695 467 770 526 mari
794 471 931 526 mortuus
954 483 1074 540 essem3
1104 470 1161 532 alia
1184 473 1265 551 qnod
1279 476 1307 535 'a

129 570 236 633 Turcis
259 574 289 632 in
307 570 435 633 Thracia
458 571 593 649 captivus
616 568 771 629 detinerer
794 569 884 629 simul
898 587 968 630 curn
983 564 1304 656 caeteris'peregrinis.

129 674 244 748 Quibus
268 675 356 737 dictis
379 674 456 737 fides
479 676 509 734 iu
532 675 577 733 eis
600 678 687 733 aucta
709 672 806 732 iuerat
835 688 872 732 ex
895 689 951 744 ea,
983 675 1064 752 quod
1095 675 1209 740 domini
1237 685 1306 753 mei,
1427 669 1429 673 ⁸

131 797 199 839 curn
224 781 332 857 quibus
356 778 393 839 de
417 786 497 839 terra
520 784 622 838 nostra
645 779 880 856 migraveram,
903 775 984 837 nulla
1000 780 1113 857 scripta
1136 780 1174 843 de
1198 786 1308 847 meeis

130 890 412 961 praesentaverant,
435 899 503 943 cnm
520 889 622 943 tamen
639 899 655 943 a
671 880 888 959 Hierosolymis
904 882 948 940 eis
964 881 1080 942 litteras
1092 885 1237 958 miserim,
1254 888 1310 950 sed

129 987 195 1059 ille,
230 989 280 1047 cui
301 986 501 1058 tradideram,
535 985 601 1047 aliis
629 988 763 1047 intentus
794 975 995 1064 mea'scripta
1025 984 1157 1064 neglexit
1178 991 1307 1057 tradere.

129 1088 253 1151 Interim
276 1086 504 1153 collaetantibus
526 1091 613 1151 nobis
636 1090 736 1152 attulit
756 1090 917 1151 vestiarius
943 1098 1108 1152 conventus
1136 1091 1210 1154 mibi
1232 1113 1310 1157 nova

130 1197 325 1264 vestimenta,
350 1197 455 1274 sicque
480 1194 613 1256 habiturn
635 1194 815 1256 sorditatam
840 1200 871 1254 et
891 1192 1026 1255 laborum
1051 1195 1179 1276 deposui
1201 1205 1232 1259 et
1254 1192 1309 1261 no-

129 1318 200 1363 vum
223 1302 310 1380 quasi
331 1301 499 1379 nuptialem
521 1298 604 1361 indui
628 1305 747 1361 vestem
770 1306 802 1359 et
828 1316 950 1359 omnem
968 1302 1226 1378 peregrinantium
1250 1305 1309 1367 sol-

129 1403 315 1466 licitudinem
338 1402 443 1480 abjeci.
489 1401 548 1463 l’er
571 1404 731 1475 continuos
756 1408 857 1463 antem
872 1400 913 1462 Vl
936 1400 1002 1463 dies
1025 1420 1062 1464 ex
1084 1405 1310 1486 dispensatione

130 1509 252 1587 benigni
274 1510 368 1588 patris
390 1504 431 1567 Μ.
454 1504 588 1567 Ludwici
612 1524 793 1567 concessum
818 1513 866 1567 est
888 1505 1027 1568 iratribus
1051 1509 1156 1572 laetari
1185 1520 1215 1574 et
1239 1533 1310 1593 gau·

133 1612 204 1674 alere
228 1630 360 1674 mecum.
406 1611 439 1672 ln
462 1611 509 1670 his
533 1609 638 1671 diebus
653 1613 799 1690 primatus
815 1609 1021 1682 Ulmensinm‚
1044 1616 1179 1693 magistri
1201 1619 1311 1678 civium

133 1723 163 1777 et
193 1718 417 1777 communitatis
448 1722 581 1776 rectores
612 1723 643 1776 et
668 1718 781 1777 caeteri
810 1719 898 1778 amici
921 1723 952 1778 et
974 1717 1108 1780 fautores
1137 1723 1200 1781 suis
1223 1740 1309 1801 prae·

133 1822 201 1881 miis
225 1839 274 1882 me
308 1821 493 1881 honorabant
520 1827 551 1882 et
574 1825 754 1882 conventum
784 1821 992 1883 laetificabant.
1039 1822 1100 1885 Sed
1124 1831 1155 1884 et
1177 1827 1312 1904 religiosi

135 1933 236 2004 patres
261 1923 374 1986 ordinis
399 1925 429 1985 S.
453 1924 610 1987 Benedicti
634 1925 671 1987 de
694 1924 875 2005 Elchingen‚
899 1925 1089 2010 Wiblingen,
1113 1935 1145 1989 et
1162 1927 1311 1991 Blabirren

134 2029 236 2091 audito
265 2049 334 2092 meo
366 2030 497 2093 adventu
519 2037 667 2093 venerunt
696 2028 735 2091 ad
756 2030 830 2091 mibi
860 2033 1137 2111 congratulandum.
1183 2034 1313 2097 Domum

135 2137 273 2214 generosi
310 2135 440 2207 milites,
487 2134 603 2196 domini
641 2137 716 2207 mei,
763 2135 903 2198 dominus
940 2136 1091 2200 lohannes
1128 2139 1314 2203 Wernherus

134 2237 173 2299 de
193 2238 336 2311 Zimbris,
360 2240 448 2311 baro,
472 2237 611 2300 dominus
639 2236 801 2301 Heinricus
824 2239 863 2300 de
892 2240 1030 2312 Stdieln,
1052 2244 1141 2317 baro,
1172 2244 1312 2308 dominns

137 2338 289 2402 lohannes
328 2339 481 2402 Trucbses
519 2341 556 2403 de
595 2339 775 2420 Waldburg,
819 2342 956 2406 dominns
995 2345 1106 2421 Ursus,
1150 2350 1313 2428 vulgariter

135 2443 196 2504 Ber
218 2442 255 2504 de
284 2444 442 2524 llecbberg
466 2443 504 2504 de
528 2443 800 2524 llohenrechberg,
839 2465 907 2509 cum
937 2455 1160 2532 percepissent,
1199 2456 1314 2517 salvum

137 2565 186 2609 rne
222 2547 348 2610 rediisse
385 2546 519 2621 Ulmam,
555 2548 592 2610 ad
626 2566 675 2609 me
705 2564 777 2610 curn
810 2555 873 2613 suis
906 2553 1026 2616 famulis
1055 2560 1228 2621 successive
1261 2580 1313 2649 ve·

135 2659 246 2713 nerunt
277 2659 309 2713 et
340 2670 409 2713 cum
444 2652 553 2732 gaudio
584 2652 790 2716 salutaverunt
812 2673 870 2717 me.
917 2657 1029 2738 sicque
1053 2678 1159 2722 omnes
1182 2662 1247 2725 dies
1270 2665 1314 2726 illi

135 2756 207 2818 tacti
236 2765 307 2818 sunt
336 2760 377 2819 ita
407 2757 561 2830 celebres,
595 2773 631 2818 ao
659 2759 686 2818 si
708 2756 828 2820 Romuli
858 2760 935 2825 testa
957 2759 1158 2828 Laurentialia
1186 2767 1315 2830 inissent

135 2861 283 2923 innovata.

220 3018 323 3081 Finitis
356 3027 457 3086 autern
488 3023 594 3089 diebus
626 3027 822 3088 recreationis
853 3045 939 3090 meae
968 3029 1071 3095 abradi
1099 3031 1160 3095 ieci
1180 3033 1313 3107 barbara,

135 3139 224 3202 quam
255 3124 412 3206 hucusque
447 3146 637 3193 servaveram
671 3139 701 3193 et
722 3130 764 3193 XI
786 3132 941 3196 mensibus
963 3136 994 3197 in
1017 3136 1141 3216 longum
1168 3148 1199 3223 et
1220 3142 1314 3205 latum

137 3229 332 3300 nutriveram,
365 3232 475 3293 invitus
498 3241 615 3307 tamen,
649 3234 763 3309 fateor,
796 3236 925 3316 deposui
953 3256 1034 3311 earn,
1068 3243 1138 3318 quia
1159 3245 1315 3308 videbatur

135 3330 223 3400 mihi,
254 3331 335 3409 quod
357 3335 388 3394 iu
412 3352 447 3396 ea
470 3336 624 3411 audacior,
659 3342 817 3419 maturior,
849 3343 970 3414 sanior,
1001 3345 1134 3404 ornatior
1164 3363 1199 3405 ac
1222 3365 1313 3408 vene·

135 3433 257 3496 rabilior
279 3452 399 3509 essem,
433 3445 465 3499 et
495 3443 522 3501 si
551 3443 664 3521 proprii
689 3441 765 3518 juris
794 3460 910 3516 essem,
943 3444 1115 3508 nullalenus
1144 3466 1180 3510 ea
1211 3468 1314 3513 carere

134 3536 259 3609 vellem,
295 3556 364 3599 curn
387 3542 425 3601 sit
448 3549 573 3605 naturae
597 3551 736 3618 ornatus,
764 3554 928 3610 venustans
950 3550 1007 3611 viri
1028 3550 1144 3613 vultum
1167 3571 1203 3615 ao
1226 3553 1315 3615 robu-

136 3646 216 3701 stum
239 3643 480 3723 timorosumque
503 3646 634 3710 reddens
657 3650 764 3710 virum.
811 3649 887 3723 Sed,
914 3653 982 3729 quia
1005 3651 1097 3714 irater
1119 3662 1151 3716 et
1172 3658 1315 3719 sacerdos

135 3742 258 3808 Latinus
282 3765 364 3819 sum,
387 3758 512 3830 propter
535 3751 777 3814 conformitatem
799 3752 896 3816 libens
920 3774 1018 3821 careo.

223 3904 368 3966 Similiter
399 3908 506 3969 rubeas
540 3926 664 3980 cruces,
699 3926 775 3986 quas
805 3919 922 3975 assulas
955 3919 1105 3997 scapulari
1138 3927 1169 3981 et
1202 3939 1314 4003 cappae

138 4005 242 4080 habui,
278 4008 423 4089 deposui,
459 4013 595 4089 quamvis
625 4019 656 4073 el
678 4015 759 4092 ipsas
783 4015 980 4082 libentissime
1003 4025 1213 4098 retinuissem,
1246 4046 1316 4089 cum

139 4123 190 4168 eas
213 4110 377 4191 intrepide,
413 4115 573 4177 manifeste
609 4123 639 4177 et
671 4118 832 4198 glorianter
865 4141 987 4204 semper
1008 4131 1190 4206 portaverim
1213 4148 1316 4192 coram

137 4210 267 4274 inimicis
290 4217 406 4292 crucis,
428 4217 622 4293 sarracenis,
644 4220 771 4298 Turcis,
793 4224 1015 4302 Grossonibus,
1036 4228 1162 4306 Mauris,
1184 4230 1316 4307 ludaeis,

1045 4346 1107 4402 db*
