2874 4770
711 148 776 226 lac

149 339 331 403 llamrneuur
353 327 490 416 gladium
507 342 538 397 et
567 337 697 414 regionis
730 332 934 403 altitudinem,
969 330 1008 392 de
1040 348 1101 409 quo
1127 329 1272 404 ,Lucanus
1302 329 1334 390 in

156 445 187 506 ln
203 442 240 505 X.
254 441 343 504 dicit:
367 441 518 509 Arcanum
533 446 640 501 natura
666 443 755 518 caput
770 456 832 500 non
847 435 979 517 prodidit
993 435 1056 496 ulli.
1098 434 1130 495 Si
1146 435 1226 495 euim
1242 439 1336 512 caput

151 546 215 609 ‘hoe
237 544 397 626 aliquando
420 547 577 606 inventum
599 544 723 614 luisset,
746 542 849 603 statim
868 540 999 600 humana
1016 538 1136 599 fatuitas
1152 536 1226 598 illud
1241 536 1334 597 alicui

149 650 364 730 Nympharum
387 654 608 731 consecrasset,
631 649 710 708 sicut
732 643 841 706 accidit
863 642 901 704 de
919 645 1054 705 'caeteris
1077 641 1240 720 originibus
1264 640 1334 701 ion·

157 755 234 816 tium
258 760 289 814 et
310 749 478 815 llumiuum.
522 751 602 812 Dum
632 751 704 828 er'go
726 748 812 809 Nilus
835 748 967 825 erumpit
989 764 1006 808 e
1029 753 1124 818 terra,
1150 744 1334 805 clarissimas

158 856 272 938 profert
295 872 388 933 aquas
412 859 443 915 et
465 871 520 934 per
542 854 676 916 medium
697 853 860 932 voluptatis
889 850 992 912 locum
1013 857 1222 911 transcurrens
1244 848 1331 908 nobi·

157 963 241 1026 litate
264 967 363 1023 terrae
386 959 513 1026 allectus
535 960 633 1038 ipsam
656 958 733 1036 rapit
758 972 846 1017 avare
869 954 907 1016 ad
930 972 972 1035 se
994 955 1023 1014 ei
1046 971 1080 1014 se
1110 952 1269 1014 involvens
1303 955 1335 1010 et

151 1071 257 1128 ⁴terrae
278 1065 407 1127 formam
428 1063 558 1125 induens
580 1062 748 1144 claritatem
770 1059 947 1139 originalem
969 1061 1067 1137 operit
1082 1059 1185 1119 colore
1200 1059 1334 1128 cinereo,

159 1170 277 1231 malens
300 1171 400 1249 potius
423 1169 514 1238 locis,
544 1184 599 1247 per
623 1145 702 1245 quae
724 1164 847 1235 transit,
879 1161 1022 1224 deformis
1045 1160 1209 1242 prodesse,
1241 1178 1334 1239 quam

160 1273 258 1335 clarus
281 1273 409 1343 obesse,
436 1264 549 1350 sicque
569 1271 789 1349 pretiosissimo
819 1267 916 1346 spolio
947 1274 1033 1346 rapto
1056 1273 1182 1346 repente
1205 1272 1334 1326 onustus

158 1379 238 1438 terra
261 1375 298 1438 de
321 1376 381 1437 alto
411 1377 490 1446 ruit,
519 1367 702 1435 medicinam
731 1380 878 1433 terrarum
906 1372 1053 1432 sterilium
1083 1388 1188 1431 secum
1218 1369 1333 1430 tereus.

159 1479 291 1544 Tantum
313 1481 394 1541 enim
418 1478 455 1540 de
478 1486 557 1540 terra
580 1477 710 1559 paradisi
732 1494 838 1538 secum
861 1472 961 1546 affert,
979 1462 1028 1535 ⁴ut
1048 1477 1228 1553 inspissalus
1251 1475 1336 1533 omni

160 1585 295 1646 claritate
319 1589 420 1644 careat
442 1588 474 1642 et
496 1593 559 1642 nou·
578 1582 665 1642 aliter
688 1597 778 1659 quarn
809 1582 896 1661 palus
927 1579 991 1640 fimi
1020 1585 1176 1657 appareat,
1209 1582 1241 1640 in
1272 1597 1334 1657 quo

160 1687 262 1749 iaeees
285 1686 347 1747 limi
369 1685 538 1764 virgulatim
560 1684 692 1763 undique
716 1691 785 1746 actu
802 1682 1029 1764 protendantur.
1074 1681 1145 1744 ideo
1161 1684 1335 1743 nominatur

158 1789 267 1853 fluvius
288 1789 340 1850 ille
362 1791 393 1850 iu
415 1807 501 1850 sacra
524 1791 632 1869 pagina
647 1787 755 1851 ssuvlus
770 1787 906 1850 turbidus
921 1789 1066 1866 Aegypti,
1091 1784 1201 1848 Josuae
1227 1783 1277 1849 13.
1304 1796 1336 1848 et

68 1884 73 1892 ’
160 1892 271 1955 Jerem.
291 1889 348 1993 ii.
395 1891 474 1967 Quid
496 1892 548 1953 tibi
570 1895 615 1954 vis
638 1894 668 1953 in
691 1893 739 1954 via
760 1890 910 1971 Aegypti,
941 1897 975 1988 ut
996 1891 1080 1953 bibas
1108 1908 1217 1971 aquam
1240 1891 1334 1952 turbi-

158 1995 324 2085 dam‘l'Sic
341 2013 427 2056 sacer
442 1994 549 2057 fluvius
574 1996 761 2057 turbulentus
784 2003 816 2057 et
838 1996 1003 2058 lutulentus
1027 2014 1147 2058 crassus
1161 1994 1334 2075 Aegyptum

54 2121 56 2127 ·
158 2099 198 2162 dc
222 2117 255 2161 se
272 2104 445 2171 arenosam,
469 2098 607 2160 adustam
622 2105 653 2160 et
677 2100 814 2162 inutilem
836 2100 1019 2178 ingreditur,
1042 2117 1164 2161 omnem
1186 2101 1216 2158 iu
1243 2100 1334 2159 siccis

159 2211 190 2266 ct
212 2203 362 2265 hiantibus
385 2204 460 2266 locis
483 2203 602 2264 faecem
626 2204 768 2282 relinquit
790 2198 821 2265 'et
846 2204 993 2283 quidquid
1015 2206 1125 2285 pingue
1145 2221 1258 2264 >secum
1290 2210 1334 2264 at-

28 2355 33 2362 ,
80 2392 83 2401 .
157 2309 276 2381 tulerit,
309 2311 462 2372 arentibus
494 2309 569 2370 locis
603 2308 685 2371 alluit
715 2307 861 2388 juvatque
895 2325 982 2386 agros
1013 2310 1064 2370 in==
1079 2307 1195 2369 duobus
1230 2315 1336 2368 contra

159 2412 220 2475 duo
242 2413 320 2475 mah
342 2414 504 2494 praedicta.
544 2412 645 2475 Primo
669 2416 750 2475 enim
773 2412 897 2475 inundat
921 2404 1130 2484 contra'hoc,
1152 2415 1221 2491 quia
1244 2412 1336 2473 habet

159 2518 278 2579 coelum
300 2517 450 2590 ferreum,
482 2517 598 2579 nullum
621 2511 807 2599 profundens
830 2518 997 2579 humorem.
1045 2515 1187 2578 Secundo
1210 2516 1337 2577 oblimat

160 2631 191 2684 et
213 2639 345 2684 macram
368 2629 479 2684 terram
504 2624 687 2701 impinguat,
720 2624 806 2702 quasi
836 2621 907 2682 ilino
927 2639 1005 2682 >sano
1028 2621 1198 2693 obducens,
1232 2627 1337 2681 contra

159 2728 232 2798 hoe,
257 2728 325 2804 quia
348 2731 428 2785 terra
449 2724 499 2785 illa
522 2724 561 2785 de
584 2742 618 2785 se
641 2725 758 2788 videtur
776 2743 886 2798 aenea,
910 2744 1001 2806 quarn
1016 2708 1143 2798 emollit,
1168 2727 1337 2804 impinguat

161 2837 192 2892 ct
215 2826 322 2909 fluidas
346 2845 451 2890 arenas
472 2827 581 2889 solidat
602 2837 633 2889 et
654 2830 840 2908 conglutinat
861 2834 1057 2910 porositatem
1072 2829 1138 2908 ejus
1154 2829 1335 2891 oblimando.

159 2932 277 3011 ltaque,
310 2931 455 3012 quidquid
477 2931 562 2993 Nilus
584 2951 653 3003 nun*
682 2932 805 3007 adierit,
839 2935 942 3009 sterile
976 2941 1006 2996 et
1037 2933 1207 3013 squalidum
1240 2933 1335 3010 jacet.

159 3035 237 3100 Mira
259 3039 362 3115 itaque
385 3032 475 3110 hujus
496 3044 619 3108 natura,
643 3038 712 3117 quia
736 3056 806 3098 cum
821 3055 903 3099 mare
920 3045 951 3099 et
966 3041 1078 3101 caeteri
1094 3056 1197 3100 amnes
1214 3037 1338 3098 abluant

159 3148 255 3202 terras
279 3147 310 3201 et
332 3142 519 3212 eviscerent,
542 3139 627 3202 Nilus
650 3142 729 3202 nihil,
747 3141 873 3203 exscidit
896 3150 926 3205 et
949 3140 1077 3214 abradit,
1111 3141 1167 3203 sed
1190 3160 1207 3202 e
1231 3149 1337 3202 contra

159 3247 239 3309 vires
263 3243 384 3323 adjicit,
402 3262 471 3306 cum
493 3244 575 3306 illico
597 3243 682 3306 limat
704 3251 735 3306 et
755 3247 840 3324 ungit
856 3245 953 3307 aridas
969 3265 1091 3318 arenae,
1114 3248 1337 3324 intantumque

161 3348 260 3412 solum
281 3349 367 3410 illum
389 3350 532 3428 inspissat
556 3355 586 3409 et
609 3350 792 3420 consolidat,
818 3350 899 3429 quod
921 3350 1095 3432 Philosophi
1118 3350 1231 3423 dicunt,
1255 3350 1337 3428 quod

161 3461 260 3515 terrae
276 3461 375 3515 motus
391 3471 557 3532 numquam
568 3456 718 3539 percussit
729 3453 910 3533 Aegyptum,
926 3473 984 3516 nec
996 3473 1120 3518 movere
1132 3461 1234 3534 potest
1246 3473 1339 3515 causa

158 3556 222 3636 jarn
245 3556 334 3618 dieta.
363 3555 396 3617 ln
410 3558 506 3638 plagis
522 3565 623 3619 tamen
637 3554 762 3638 Moysis,
786 3557 857 3619 dieii
870 3558 1027 3631 Eusebius,
1050 3557 1221 3638 Aegyptum
1237 3565 1338 3619 terrae

161 3664 247 3722 motu
263 3678 459 3734 concussam,
482 3663 524 3723 itu
546 3668 580 3723 ut
603 3662 716 3741 templa
739 3669 769 3722 et
785 3660 893 3723 dornus
910 3670 1095 3725 corruerent.
1121 3663 1154 3724 L.
1177 3662 1227 3725 lli.
1253 3682 1278 3724 c.
1303 3661 1334 3726 A.

248 3763 302 3825 llla
325 3782 397 3844 ergo
420 3765 621 3844 pulcherrima
643 3765 737 3826 iacies
754 3765 883 3845 Aegypti
907 3775 1065 3840 censetur,
1088 3787 1158 3830 curn
1170 3766 1235 3845 jam
1250 3767 1336 3828 Nilus

161 3871 191 3931 iu
215 3885 303 3946 agros
326 3886 360 3928 se
383 3871 518 3948 ingessit.
565 3869 672 3930 lacent
688 3872 794 3947 campi,
819 3876 850 3930 et
873 3871 983 3951 oppida
1006 3880 1037 3933 et
1059 3872 1146 3934 villae
1169 3872 1337 3935 insularum

162 3970 252 4033 modo
275 3979 393 4035 exstant
414 3979 445 4033 et
466 3975 497 4033 in
520 3991 557 4034 eo
580 3972 677 4050 major
698 3975 804 4035 incolis
826 3975 955 4047 laetitia,
985 3993 1044 4054 quo
1067 3979 1165 4038 miuus
1188 3984 1337 4038 terrarum

162 4091 285 4136 suarum
306 4075 419 4138 vident.
465 4078 533 4140 Non
556 4080 601 4139 sic
617 4084 663 4138 est
677 4079 708 4137 in
724 4080 858 4156 partibus
876 4081 1002 4151 nostris,
1026 4078 1099 4141 dum
1116 4083 1196 4142 enirn
1212 4080 1337 4142 flumina

162 4179 315 4244 exundant
336 4188 368 4246 et
391 4181 535 4257 eliluunt,
563 4189 675 4246 terram
697 4199 788 4262 quain
811 4182 952 4265 operiunt
972 4185 1158 4258 eviscerant,
1189 4182 1337 4248 abradunt
