<?xml version="1.0" encoding="UTF-8"?>
<!DOCTYPE html PUBLIC "-//W3C//DTD XHTML 1.0 Transitional//EN"
    "http://www.w3.org/TR/xhtml1/DTD/xhtml1-transitional.dtd">
<html xmlns="http://www.w3.org/1999/xhtml" xml:lang="en" lang="en">
 <head>
  <title>
</title>
<meta http-equiv="Content-Type" content="text/html;charset=utf-8" />
  <meta name='ocr-system' content='tesseract 3.04.00' />
  <meta name='ocr-capabilities' content='ocr_page ocr_carea ocr_par ocr_line ocrx_word'/>
</head>
<body>
  <div class='ocr_page' id='page_1' title='image "./fratrisfelicisf00fabrgoog_0248.png"; bbox 0 0 2874 4770; ppageno 0'>
   <div class='ocr_carea' id='block_1_1' title="bbox 686 145 863 254">
    <p class='ocr_par' dir='ltr' id='par_1_1' title="bbox 686 145 863 254">
     <span class='ocr_line' id='line_1_1' title="bbox 686 145 863 254; baseline 0.006 -40"><span class='ocrx_word' id='word_1_1' title='bbox 686 145 751 216; x_wconf 78' lang='lat' dir='ltr'><strong>ala</strong></span> <span class='ocrx_word' id='word_1_2' title='bbox 855 245 863 254; x_wconf 12' lang='grc' dir='ltr'>ἱ</span> 
     </span>
    </p>
   </div>
   <div class='ocr_carea' id='block_1_2' title="bbox 126 302 1356 616">
    <p class='ocr_par' dir='ltr' id='par_1_2' title="bbox 126 302 1356 616">
     <span class='ocr_line' id='line_1_2' title="bbox 126 302 1356 411; baseline -0.005 -21"><span class='ocrx_word' id='word_1_3' title='bbox 126 327 239 407; x_wconf 82' lang='lat' dir='ltr'><strong>bratim</strong></span> <span class='ocrx_word' id='word_1_4' title='bbox 262 341 318 403; x_wconf 90' lang='lat' dir='ltr'><strong>per</strong></span> <span class='ocrx_word' id='word_1_5' title='bbox 339 321 443 401; x_wconf 84' lang='lat' dir='ltr'><strong>mundi</strong></span> <span class='ocrx_word' id='word_1_6' title='bbox 467 302 598 402; x_wconf 76' lang='lat' dir='ltr'><strong>corpora¹</strong></span> <span class='ocrx_word' id='word_1_7' title='bbox 620 322 782 396; x_wconf 81' lang='lat' dir='ltr'><strong>dividatur,</strong></span> <span class='ocrx_word' id='word_1_8' title='bbox 815 329 917 385; x_wconf 87' lang='lat' dir='ltr'><strong>tamen</strong></span> <span class='ocrx_word' id='word_1_9' title='bbox 939 340 973 411; x_wconf 81' lang='lat' dir='ltr'><strong>sc</strong></span> <span class='ocrx_word' id='word_1_10' title='bbox 995 323 1201 403; x_wconf 86' lang='lat' dir='ltr'><strong>redintegrare</strong></span> <span class='ocrx_word' id='word_1_11' title='bbox 1224 324 1308 386; x_wconf 89' lang='lat' dir='ltr'><strong>vidc-</strong></span> <span class='ocrx_word' id='word_1_12' title='bbox 1354 333 1356 340; x_wconf 85' lang='lat'>&#39;</span> 
     </span>
     <span class='ocr_line' id='line_1_3' title="bbox 129 428 1308 507; baseline -0.004 -13"><span class='ocrx_word' id='word_1_13' title='bbox 129 440 181 495; x_wconf 91' lang='lat' dir='ltr'><strong>tur</strong></span> <span class='ocrx_word' id='word_1_14' title='bbox 197 429 235 491; x_wconf 88' lang='lat' dir='ltr'><strong>de</strong></span> <span class='ocrx_word' id='word_1_15' title='bbox 253 428 428 507; x_wconf 81' lang='lat' dir='ltr'><strong>corporibus</strong></span> <span class='ocrx_word' id='word_1_16' title='bbox 446 445 603 503; x_wconf 84' lang='lat' dir='ltr'><strong>emergens</strong></span> <span class='ocrx_word' id='word_1_17' title='bbox 630 433 660 486; x_wconf 90' lang='lat' dir='ltr'><strong>et</strong></span> <span class='ocrx_word' id='word_1_18' title='bbox 683 442 716 488; x_wconf 88' lang='lat' dir='ltr'><strong>se</strong></span> <span class='ocrx_word' id='word_1_19' title='bbox 732 429 899 489; x_wconf 87' lang='lat' dir='ltr'><strong>reformans</strong></span> <span class='ocrx_word' id='word_1_20' title='bbox 924 435 955 489; x_wconf 92' lang='lat' dir='ltr'><strong>et</strong></span> <span class='ocrx_word' id='word_1_21' title='bbox 971 447 1093 506; x_wconf 87' lang='lat' dir='ltr'><strong>semper</strong></span> <span class='ocrx_word' id='word_1_22' title='bbox 1108 447 1168 490; x_wconf 86' lang='lat' dir='ltr'><strong>una</strong></span> <span class='ocrx_word' id='word_1_23' title='bbox 1186 429 1308 490; x_wconf 89' lang='lat' dir='ltr'><strong>eadem-</strong></span> 
     </span>
     <span class='ocr_line' id='line_1_4' title="bbox 126 526 1180 616; baseline -0.005 -18"><span class='ocrx_word' id='word_1_24' title='bbox 126 553 189 616; x_wconf 91' lang='lat' dir='ltr'><strong>pue</strong></span> <span class='ocrx_word' id='word_1_25' title='bbox 212 526 411 613; x_wconf 83' lang='lat' dir='ltr'><strong>perseverans</strong></span> <span class='ocrx_word' id='word_1_26' title='bbox 434 531 531 591; x_wconf 88' lang='lat' dir='ltr'><strong>nullas</strong></span> <span class='ocrx_word' id='word_1_27' title='bbox 555 532 755 612; x_wconf 81' lang='lat' dir='ltr'><strong>simplicitatis</strong></span> <span class='ocrx_word' id='word_1_28' title='bbox 780 550 853 598; x_wconf 89' lang='lat' dir='ltr'><strong>suae</strong></span> <span class='ocrx_word' id='word_1_29' title='bbox 877 533 993 610; x_wconf 89' lang='lat' dir='ltr'><strong>patiens</strong></span> <span class='ocrx_word' id='word_1_30' title='bbox 1018 535 1180 595; x_wconf 83' lang='lat' dir='ltr'><strong>sectiones.</strong></span> 
     </span>
    </p>
   </div>
   <div class='ocr_carea' id='block_1_3' title="bbox 126 660 1310 847">
    <p class='ocr_par' dir='ltr' id='par_1_3' title="bbox 126 660 1310 847">
     <span class='ocr_line' id='line_1_5' title="bbox 126 660 1310 742; baseline 0.001 -19"><span class='ocrx_word' id='word_1_31' title='bbox 126 738 130 742; x_wconf 14' lang='lat' dir='ltr'><strong>g</strong></span> <span class='ocrx_word' id='word_1_32' title='bbox 217 663 347 723; x_wconf 86' lang='lat' dir='ltr'><strong>Noctem</strong></span> <span class='ocrx_word' id='word_1_33' title='bbox 364 678 436 738; x_wconf 90' lang='lat' dir='ltr'><strong>ergo</strong></span> <span class='ocrx_word' id='word_1_34' title='bbox 452 660 534 721; x_wconf 88' lang='lat' dir='ltr'><strong>illam</strong></span> <span class='ocrx_word' id='word_1_35' title='bbox 550 663 635 738; x_wconf 84' lang='lat' dir='ltr'><strong>quasi</strong></span> <span class='ocrx_word' id='word_1_36' title='bbox 652 668 747 721; x_wconf 92' lang='lat' dir='ltr'><strong>totam</strong></span> <span class='ocrx_word' id='word_1_37' title='bbox 764 663 933 722; x_wconf 85' lang='lat' dir='ltr'><strong>insomnem</strong></span> <span class='ocrx_word' id='word_1_38' title='bbox 950 661 1097 734; x_wconf 86' lang='lat' dir='ltr'><strong>duximus,</strong></span> <span class='ocrx_word' id='word_1_39' title='bbox 1118 682 1179 723; x_wconf 93' lang='lat' dir='ltr'><strong>non</strong></span> <span class='ocrx_word' id='word_1_40' title='bbox 1194 671 1310 726; x_wconf 85' lang='lat' dir='ltr'><strong>tanturn</strong></span> 
     </span>
     <span class='ocr_line' id='line_1_6' title="bbox 126 763 1213 847; baseline -0.004 -15"><span class='ocrx_word' id='word_1_41' title='bbox 126 766 254 832; x_wconf 84' lang='lat' dir='ltr'><strong>beatum</strong></span> <span class='ocrx_word' id='word_1_42' title='bbox 276 763 456 835; x_wconf 88' lang='lat' dir='ltr'><strong>Martinnm,</strong></span> <span class='ocrx_word' id='word_1_43' title='bbox 481 770 627 847; x_wconf 87' lang='lat' dir='ltr'><strong>quantum</strong></span> <span class='ocrx_word' id='word_1_44' title='bbox 651 764 825 825; x_wconf 88' lang='lat' dir='ltr'><strong>damnatum</strong></span> <span class='ocrx_word' id='word_1_45' title='bbox 847 764 999 826; x_wconf 89' lang='lat' dir='ltr'><strong>Bacchum</strong></span> <span class='ocrx_word' id='word_1_46' title='bbox 1022 765 1213 829; x_wconf 85' lang='lat' dir='ltr'><strong>honorantes.</strong></span> 
     </span>
    </p>
   </div>
   <div class='ocr_carea' id='block_1_4' title="bbox 124 882 1330 1803">
    <p class='ocr_par' dir='ltr' id='par_1_4' title="bbox 124 882 1330 1803">
     <span class='ocr_line' id='line_1_7' title="bbox 219 882 1309 973; baseline 0.001 -16"><span class='ocrx_word' id='word_1_47' title='bbox 219 882 386 956; x_wconf 79' lang='lat' dir='ltr'><strong>Undecima</strong></span> <span class='ocrx_word' id='word_1_48' title='bbox 403 892 467 964; x_wconf 91' lang='lat' dir='ltr'><strong>die,</strong></span> <span class='ocrx_word' id='word_1_49' title='bbox 492 909 568 969; x_wconf 90' lang='lat' dir='ltr'><strong>quac</strong></span> <span class='ocrx_word' id='word_1_50' title='bbox 593 899 640 954; x_wconf 86' lang='lat' dir='ltr'><strong>est</strong></span> <span class='ocrx_word' id='word_1_51' title='bbox 655 895 736 954; x_wconf 92' lang='lat' dir='ltr'><strong>beati</strong></span> <span class='ocrx_word' id='word_1_52' title='bbox 751 893 873 956; x_wconf 87' lang='lat' dir='ltr'><strong>Martini</strong></span> <span class='ocrx_word' id='word_1_53' title='bbox 888 893 1011 965; x_wconf 83' lang='lat' dir='ltr'><strong>testum,</strong></span> <span class='ocrx_word' id='word_1_54' title='bbox 1029 896 1202 973; x_wconf 89' lang='lat' dir='ltr'><strong>retrogrado</strong></span> <span class='ocrx_word' id='word_1_55' title='bbox 1218 897 1309 958; x_wconf 92' lang='lat' dir='ltr'><strong>modo</strong></span> 
     </span>
     <span class='ocr_line' id='line_1_8' title="bbox 128 992 1309 1084; baseline -0.002 -20"><span class='ocrx_word' id='word_1_56' title='bbox 128 1021 187 1084; x_wconf 79' lang='lat' dir='ltr'><strong>per</strong></span> <span class='ocrx_word' id='word_1_57' title='bbox 208 995 332 1062; x_wconf 88' lang='lat' dir='ltr'><strong>noclem</strong></span> <span class='ocrx_word' id='word_1_58' title='bbox 353 997 574 1075; x_wconf 84' lang='lat' dir='ltr'><strong>navigavimus,</strong></span> <span class='ocrx_word' id='word_1_59' title='bbox 605 992 706 1058; x_wconf 80' lang='lat' dir='ltr'><strong>tam&#39;cn</strong></span> <span class='ocrx_word' id='word_1_60' title='bbox 730 998 778 1059; x_wconf 92' lang='lat' dir='ltr'><strong>die</strong></span> <span class='ocrx_word' id='word_1_61' title='bbox 802 999 1000 1059; x_wconf 88' lang='lat' dir='ltr'><strong>illucescente</strong></span> <span class='ocrx_word' id='word_1_62' title='bbox 1030 1001 1103 1059; x_wconf 90' lang='lat' dir='ltr'><strong>satis</strong></span> <span class='ocrx_word' id='word_1_63' title='bbox 1126 998 1196 1060; x_wconf 85' lang='lat' dir='ltr'><strong>lorti</strong></span> <span class='ocrx_word' id='word_1_64' title='bbox 1219 1019 1309 1062; x_wconf 87' lang='lat' dir='ltr'><strong>cona·</strong></span> 
     </span>
     <span class='ocr_line' id='line_1_9' title="bbox 128 1099 1309 1183; baseline -0.003 -15"><span class='ocrx_word' id='word_1_65' title='bbox 128 1109 211 1170; x_wconf 90' lang='lat' dir='ltr'><strong>mine</strong></span> <span class='ocrx_word' id='word_1_66' title='bbox 245 1101 450 1183; x_wconf 82' lang='lat' dir='ltr'><strong>processimus</strong></span> <span class='ocrx_word' id='word_1_67' title='bbox 482 1099 574 1161; x_wconf 88' lang='lat' dir='ltr'><strong>ductu</strong></span> <span class='ocrx_word' id='word_1_68' title='bbox 597 1103 700 1172; x_wconf 90' lang='lat' dir='ltr'><strong>venti,</strong></span> <span class='ocrx_word' id='word_1_69' title='bbox 734 1104 786 1181; x_wconf 89' lang='lat' dir='ltr'><strong>qui</strong></span> <span class='ocrx_word' id='word_1_70' title='bbox 809 1107 908 1169; x_wconf 87' lang='lat' dir='ltr'><strong>tamen</strong></span> <span class='ocrx_word' id='word_1_71' title='bbox 932 1120 993 1161; x_wconf 93' lang='lat' dir='ltr'><strong>non</strong></span> <span class='ocrx_word' id='word_1_72' title='bbox 1025 1100 1146 1163; x_wconf 86' lang='lat' dir='ltr'><strong>omnino</strong></span> <span class='ocrx_word' id='word_1_73' title='bbox 1170 1122 1225 1164; x_wconf 87' lang='lat' dir='ltr'><strong>nos</strong></span> <span class='ocrx_word' id='word_1_74' title='bbox 1250 1123 1309 1182; x_wconf 90' lang='lat' dir='ltr'><strong>quo</strong></span> 
     </span>
     <span class='ocr_line' id='line_1_10' title="bbox 126 1203 1310 1287; baseline -0.004 -14"><span class='ocrx_word' id='word_1_75' title='bbox 126 1206 423 1276; x_wconf 58' lang='lat' dir='ltr'><strong>volebamus‘durit,</strong></span> <span class='ocrx_word' id='word_1_76' title='bbox 456 1203 511 1264; x_wconf 92' lang='lat' dir='ltr'><strong>sed</strong></span> <span class='ocrx_word' id='word_1_77' title='bbox 541 1212 645 1266; x_wconf 91' lang='lat' dir='ltr'><strong>contra</strong></span> <span class='ocrx_word' id='word_1_78' title='bbox 676 1208 928 1284; x_wconf 85' lang='lat' dir='ltr'><strong>septemtrionem</strong></span> <span class='ocrx_word' id='word_1_79' title='bbox 957 1208 1083 1266; x_wconf 88' lang='lat' dir='ltr'><strong>nimium</strong></span> <span class='ocrx_word' id='word_1_80' title='bbox 1114 1225 1170 1267; x_wconf 92' lang='lat' dir='ltr'><strong>nos</strong></span> <span class='ocrx_word' id='word_1_81' title='bbox 1192 1208 1310 1287; x_wconf 91' lang='lat' dir='ltr'><strong>impulit</strong></span> 
     </span>
     <span class='ocr_line' id='line_1_11' title="bbox 128 1307 1310 1389; baseline -0.005 -13"><span class='ocrx_word' id='word_1_82' title='bbox 128 1314 168 1376; x_wconf 89' lang='lat' dir='ltr'><strong>de</strong></span> <span class='ocrx_word' id='word_1_83' title='bbox 186 1314 273 1373; x_wconf 88' lang='lat' dir='ltr'><strong>mari·</strong></span> <span class='ocrx_word' id='word_1_84' title='bbox 289 1309 474 1388; x_wconf 88' lang='lat' dir='ltr'><strong>Pamphiliae</strong></span> <span class='ocrx_word' id='word_1_85' title='bbox 496 1308 526 1368; x_wconf 89' lang='lat' dir='ltr'><strong>in</strong></span> <span class='ocrx_word' id='word_1_86' title='bbox 551 1316 633 1369; x_wconf 80' lang='lat' dir='ltr'><strong>rn‘arc</strong></span> <span class='ocrx_word' id='word_1_87' title='bbox 658 1307 830 1386; x_wconf 80' lang='lat' dir='ltr'><strong>Aegaeum,</strong></span> <span class='ocrx_word' id='word_1_88' title='bbox 855 1316 886 1370; x_wconf 90' lang='lat' dir='ltr'><strong>et</strong></span> <span class='ocrx_word' id='word_1_89' title='bbox 908 1311 1046 1371; x_wconf 89' lang='lat' dir='ltr'><strong>venimus</strong></span> <span class='ocrx_word' id='word_1_90' title='bbox 1069 1328 1164 1389; x_wconf 89' lang='lat' dir='ltr'><strong>prope</strong></span> <span class='ocrx_word' id='word_1_91' title='bbox 1187 1308 1310 1389; x_wconf 82' lang='lat' dir='ltr'><strong>Lyciam</strong></span> 
     </span>
     <span class='ocr_line' id='line_1_12' title="bbox 126 1399 1330 1501; baseline -0.004 -23"><span class='ocrx_word' id='word_1_92' title='bbox 126 1418 177 1494; x_wconf 78' lang='lat' dir='ltr'><strong>vel</strong></span> <span class='ocrx_word' id='word_1_93' title='bbox 200 1415 369 1501; x_wconf 80' lang='lat' dir='ltr'><strong>Lycaoniae</strong></span> <span class='ocrx_word' id='word_1_94' title='bbox 393 1413 562 1490; x_wconf 87' lang='lat' dir='ltr'><strong>regionem,</strong></span> <span class='ocrx_word' id='word_1_95' title='bbox 597 1428 674 1489; x_wconf 87' lang='lat' dir='ltr'><strong>quac</strong></span> <span class='ocrx_word' id='word_1_96' title='bbox 698 1411 788 1472; x_wconf 86' lang='lat' dir='ltr'><strong>habet</strong></span> <span class='ocrx_word' id='word_1_97' title='bbox 811 1414 846 1472; x_wconf 84' lang='lat' dir='ltr'><strong>ab</strong></span> <span class='ocrx_word' id='word_1_98' title='bbox 874 1399 941 1472; x_wconf 87' lang='lat' dir='ltr'><strong>ortu</strong></span> <span class='ocrx_word' id='word_1_99' title='bbox 966 1413 1115 1486; x_wconf 86' lang='lat' dir='ltr'><strong>Ciliciam,</strong></span> <span class='ocrx_word' id='word_1_100' title='bbox 1139 1416 1175 1475; x_wconf 92' lang='lat' dir='ltr'><strong>ab</strong></span> <span class='ocrx_word' id='word_1_101' title='bbox 1199 1432 1330 1475; x_wconf 48' lang='lat' dir='ltr'><strong>occasux</strong></span> 
     </span>
     <span class='ocr_line' id='line_1_13' title="bbox 128 1515 1310 1602; baseline -0.002 -20"><span class='ocrx_word' id='word_1_102' title='bbox 128 1527 170 1582; x_wconf 82' lang='lat' dir='ltr'><strong>ct.</strong></span> <span class='ocrx_word' id='word_1_103' title='bbox 186 1519 313 1582; x_wconf 89' lang='lat' dir='ltr'><strong>meridie</strong></span> <span class='ocrx_word' id='word_1_104' title='bbox 337 1533 437 1586; x_wconf 88' lang='lat' dir='ltr'><strong>mare,</strong></span> <span class='ocrx_word' id='word_1_105' title='bbox 462 1532 478 1574; x_wconf 91' lang='lat' dir='ltr'><strong>a</strong></span> <span class='ocrx_word' id='word_1_106' title='bbox 494 1517 714 1593; x_wconf 88' lang='lat' dir='ltr'><strong>septemtrione</strong></span> <span class='ocrx_word' id='word_1_107' title='bbox 738 1515 871 1602; x_wconf 83' lang='lat' dir='ltr'><strong>Cariam,</strong></span> <span class='ocrx_word' id='word_1_108' title='bbox 895 1519 924 1576; x_wconf 92' lang='lat' dir='ltr'><strong>in</strong></span> <span class='ocrx_word' id='word_1_109' title='bbox 942 1534 999 1596; x_wconf 84' lang='lat' dir='ltr'><strong>qua</strong></span> <span class='ocrx_word' id='word_1_110' title='bbox 1015 1516 1124 1577; x_wconf 88' lang='lat' dir='ltr'><strong>dicitur</strong></span> <span class='ocrx_word' id='word_1_111' title='bbox 1140 1536 1208 1578; x_wconf 90' lang='lat' dir='ltr'><strong>esse</strong></span> <span class='ocrx_word' id='word_1_112' title='bbox 1224 1537 1310 1582; x_wconf 91' lang='lat' dir='ltr'><strong>mons</strong></span> 
     </span>
     <span class='ocr_line' id='line_1_14' title="bbox 127 1607 1309 1706; baseline 0.003 -21"><span class='ocrx_word' id='word_1_113' title='bbox 127 1623 275 1694; x_wconf 87' lang='lat' dir='ltr'><strong>Cadinus,</strong></span> <span class='ocrx_word' id='word_1_114' title='bbox 295 1702 299 1706; x_wconf 81' lang='lat'><strong>.</strong></span> <span class='ocrx_word' id='word_1_115' title='bbox 316 1607 555 1703; x_wconf 87' lang='lat' dir='ltr'><strong>quinocturnis</strong></span> <span class='ocrx_word' id='word_1_116' title='bbox 590 1621 722 1691; x_wconf 80' lang='lat' dir='ltr'><strong>aestibus</strong></span> <span class='ocrx_word' id='word_1_117' title='bbox 757 1622 858 1699; x_wconf 89' lang='lat' dir='ltr'><strong>ignem</strong></span> <span class='ocrx_word' id='word_1_118' title='bbox 881 1621 1014 1694; x_wconf 80' lang='lat' dir='ltr'><strong>exhalat,</strong></span> <span class='ocrx_word' id='word_1_119' title='bbox 1053 1624 1132 1683; x_wconf 88' lang='lat' dir='ltr'><strong>sicut</strong></span> <span class='ocrx_word' id='word_1_120' title='bbox 1154 1624 1184 1684; x_wconf 93' lang='lat' dir='ltr'><strong>in</strong></span> <span class='ocrx_word' id='word_1_121' title='bbox 1208 1623 1309 1689; x_wconf 91' lang='lat' dir='ltr'><strong>Sicilia</strong></span> 
     </span>
     <span class='ocr_line' id='line_1_15' title="bbox 124 1724 790 1803; baseline -0.009 -13"><span class='ocrx_word' id='word_1_122' title='bbox 124 1727 228 1794; x_wconf 86' lang='lat' dir='ltr'><strong>Aetna</strong></span> <span class='ocrx_word' id='word_1_123' title='bbox 251 1733 282 1787; x_wconf 90' lang='lat' dir='ltr'><strong>et</strong></span> <span class='ocrx_word' id='word_1_124' title='bbox 305 1726 455 1800; x_wconf 85' lang='lat' dir='ltr'><strong>Vesuvius</strong></span> <span class='ocrx_word' id='word_1_125' title='bbox 479 1726 510 1784; x_wconf 93' lang='lat' dir='ltr'><strong>in</strong></span> <span class='ocrx_word' id='word_1_126' title='bbox 534 1724 705 1803; x_wconf 88' lang='lat' dir='ltr'><strong>Campania.</strong></span> <span class='ocrx_word' id='word_1_127' title='bbox 788 1735 790 1740; x_wconf 81' lang='grc'>’</span> 
     </span>
    </p>
   </div>
   <div class='ocr_carea' id='block_1_5' title="bbox 156 1811 1308 1935">
    <p class='ocr_par' dir='ltr' id='par_1_5' title="bbox 156 1811 1308 1935">
     <span class='ocr_line' id='line_1_16' title="bbox 156 1811 1308 1935; baseline 0.003 -18"><span class='ocrx_word' id='word_1_128' title='bbox 156 1848 159 1853; x_wconf 67' lang='grc'><strong>’</strong></span> <span class='ocrx_word' id='word_1_129' title='bbox 215 1830 327 1935; x_wconf 65' lang='lat' dir='ltr'><strong>chiae</strong></span> <span class='ocrx_word' id='word_1_130' title='bbox 336 1843 433 1932; x_wconf 86' lang='lat' dir='ltr'><strong>major</strong></span> <span class='ocrx_word' id='word_1_131' title='bbox 447 1861 552 1933; x_wconf 88' lang='lat' dir='ltr'><strong>portus</strong></span> <span class='ocrx_word' id='word_1_132' title='bbox 569 1852 804 1934; x_wconf 78' lang='lat' dir='ltr'><strong>diciturLystra,</strong></span> <span class='ocrx_word' id='word_1_133' title='bbox 821 1811 859 1916; x_wconf 82' lang='lat' dir='ltr'><strong>dc</strong></span> <span class='ocrx_word' id='word_1_134' title='bbox 876 1873 935 1934; x_wconf 89' lang='lat' dir='ltr'><strong>quo</strong></span> <span class='ocrx_word' id='word_1_135' title='bbox 952 1853 1053 1918; x_wconf 87' lang='lat' dir='ltr'><strong>Actor.</strong></span> <span class='ocrx_word' id='word_1_136' title='bbox 1063 1855 1159 1920; x_wconf 88' lang='lat' dir='ltr'><strong>XXlll</strong></span> <span class='ocrx_word' id='word_1_137' title='bbox 1174 1832 1308 1921; x_wconf 88' lang='lat' dir='ltr'><strong>habetur.</strong></span> 
     </span>
    </p>
   </div>
   <div class='ocr_carea' id='block_1_6' title="bbox 125 1952 1393 4263">
    <p class='ocr_par' dir='ltr' id='par_1_6' title="bbox 127 1952 1311 2573">
     <span class='ocr_line' id='line_1_17' title="bbox 128 1952 1311 2041; baseline 0.001 -17"><span class='ocrx_word' id='word_1_138' title='bbox 128 1952 279 2025; x_wconf 65' lang='lat' dir='ltr'><strong>Ad&#39;bano</strong></span> <span class='ocrx_word' id='word_1_139' title='bbox 308 1961 464 2041; x_wconf 88' lang='lat' dir='ltr'><strong>regionem</strong></span> <span class='ocrx_word' id='word_1_140' title='bbox 491 1957 567 2035; x_wconf 83' lang='lat' dir='ltr'><strong>fugit</strong></span> <span class='ocrx_word' id='word_1_141' title='bbox 591 1958 621 2017; x_wconf 92' lang='lat' dir='ltr'><strong>S.</strong></span> <span class='ocrx_word' id='word_1_142' title='bbox 646 1957 771 2018; x_wconf 72' lang='lat' dir='ltr'><strong>Paulusv</strong></span> <span class='ocrx_word' id='word_1_143' title='bbox 788 1977 858 2019; x_wconf 88' lang='lat' dir='ltr'><strong>cunr</strong></span> <span class='ocrx_word' id='word_1_144' title='bbox 880 1957 1015 2020; x_wconf 80' lang='lat' dir='ltr'><strong>Bernaba</strong></span> <span class='ocrx_word' id='word_1_145' title='bbox 1045 1962 1081 2021; x_wconf 91' lang='lat' dir='ltr'><strong>ab</strong></span> <span class='ocrx_word' id='word_1_146' title='bbox 1110 1961 1229 2036; x_wconf 90' lang='lat' dir='ltr'><strong>loonio,</strong></span> <span class='ocrx_word' id='word_1_147' title='bbox 1260 1965 1311 2025; x_wconf 92' lang='lat' dir='ltr'><strong>ubi</strong></span> 
     </span>
     <span class='ocr_line' id='line_1_18' title="bbox 128 2040 1307 2153; baseline 0.002 -26"><span class='ocrx_word' id='word_1_148' title='bbox 128 2065 202 2146; x_wconf 85' lang='lat' dir='ltr'><strong>durn</strong></span> <span class='ocrx_word' id='word_1_149' title='bbox 225 2068 364 2125; x_wconf 85' lang='lat' dir='ltr'><strong>sanasset</strong></span> <span class='ocrx_word' id='word_1_150' title='bbox 380 2062 415 2142; x_wconf 3' lang='lat' dir='ltr'><strong>Sp.</strong></span> <span class='ocrx_word' id='word_1_151' title='bbox 428 2060 538 2122; x_wconf 88' lang='lat' dir='ltr'><strong>Paulus</strong></span> <span class='ocrx_word' id='word_1_152' title='bbox 562 2040 657 2128; x_wconf 79' lang='lat' dir='ltr'><strong>virum</strong></span> <span class='ocrx_word' id='word_1_153' title='bbox 673 2064 703 2122; x_wconf 93' lang='lat' dir='ltr'><strong>in</strong></span> <span class='ocrx_word' id='word_1_154' title='bbox 720 2064 839 2124; x_wconf 89' lang='lat' dir='ltr'><strong>civitate</strong></span> <span class='ocrx_word' id='word_1_155' title='bbox 854 2053 986 2153; x_wconf 80' lang='lat' dir='ltr'><strong>Lystris,</strong></span> <span class='ocrx_word' id='word_1_156' title='bbox 1011 2065 1153 2128; x_wconf 90' lang='lat' dir='ltr'><strong>credebat</strong></span> <span class='ocrx_word' id='word_1_157' title='bbox 1168 2068 1307 2148; x_wconf 91' lang='lat' dir='ltr'><strong>populus,</strong></span> 
     </span>
     <span class='ocr_line' id='line_1_19' title="bbox 127 2156 1308 2251; baseline 0.001 -20"><span class='ocrx_word' id='word_1_158' title='bbox 127 2173 203 2251; x_wconf 85' lang='lat' dir='ltr'><strong>istos</strong></span> <span class='ocrx_word' id='word_1_159' title='bbox 228 2185 297 2229; x_wconf 88' lang='lat' dir='ltr'><strong>csse</strong></span> <span class='ocrx_word' id='word_1_160' title='bbox 320 2157 411 2236; x_wconf 85' lang='lat' dir='ltr'><strong>deos,</strong></span> <span class='ocrx_word' id='word_1_161' title='bbox 435 2172 580 2226; x_wconf 85' lang='lat' dir='ltr'><strong>vocantes</strong></span> <span class='ocrx_word' id='word_1_162' title='bbox 602 2164 769 2227; x_wconf 86' lang='lat' dir='ltr'><strong>Barnabam</strong></span> <span class='ocrx_word' id='word_1_163' title='bbox 789 2156 895 2228; x_wconf 83' lang='lat' dir='ltr'><strong>Jovern</strong></span> <span class='ocrx_word' id='word_1_164' title='bbox 919 2175 949 2228; x_wconf 93' lang='lat' dir='ltr'><strong>et</strong></span> <span class='ocrx_word' id='word_1_165' title='bbox 972 2167 1097 2229; x_wconf 88' lang='lat' dir='ltr'><strong>Paulum</strong></span> <span class='ocrx_word' id='word_1_166' title='bbox 1113 2169 1308 2245; x_wconf 89' lang='lat' dir='ltr'><strong>Mercurium,</strong></span> 
     </span>
     <span class='ocr_line' id='line_1_20' title="bbox 127 2255 1306 2358; baseline -0.001 -22"><span class='ocrx_word' id='word_1_167' title='bbox 127 2277 274 2355; x_wconf 87' lang='lat' dir='ltr'><strong>ipsosque</strong></span> <span class='ocrx_word' id='word_1_168' title='bbox 290 2272 414 2335; x_wconf 89' lang='lat' dir='ltr'><strong>adorare</strong></span> <span class='ocrx_word' id='word_1_169' title='bbox 437 2271 577 2358; x_wconf 81' lang='lat' dir='ltr'><strong>volebant</strong></span> <span class='ocrx_word' id='word_1_170' title='bbox 601 2277 631 2331; x_wconf 90' lang='lat' dir='ltr'><strong>et</strong></span> <span class='ocrx_word' id='word_1_171' title='bbox 654 2272 823 2331; x_wconf 86' lang='lat' dir='ltr'><strong>sacrificare</strong></span> <span class='ocrx_word' id='word_1_172' title='bbox 841 2269 926 2352; x_wconf 76' lang='lat' dir='ltr'><strong>(eis),</strong></span> <span class='ocrx_word' id='word_1_173' title='bbox 944 2279 984 2338; x_wconf 86' lang='lat' dir='ltr'><strong>ut</strong></span> <span class='ocrx_word' id='word_1_174' title='bbox 1006 2255 1089 2350; x_wconf 82' lang='lat' dir='ltr'><strong>patet</strong></span> <span class='ocrx_word' id='word_1_175' title='bbox 1110 2273 1212 2335; x_wconf 82' lang='lat' dir='ltr'><strong>Actor.</strong></span> <span class='ocrx_word' id='word_1_176' title='bbox 1229 2273 1306 2336; x_wconf 88' lang='lat' dir='ltr'><strong>XIV.</strong></span> 
     </span>
     <span class='ocr_line' id='line_1_21' title="bbox 128 2361 1307 2455; baseline 0 -17"><span class='ocrx_word' id='word_1_177' title='bbox 128 2370 163 2440; x_wconf 88' lang='lat' dir='ltr'><strong>ln</strong></span> <span class='ocrx_word' id='word_1_178' title='bbox 187 2379 244 2439; x_wconf 90' lang='lat' dir='ltr'><strong>bac</strong></span> <span class='ocrx_word' id='word_1_179' title='bbox 267 2377 377 2439; x_wconf 81' lang='lat' dir='ltr'><strong>luitS.</strong></span> <span class='ocrx_word' id='word_1_180' title='bbox 401 2374 511 2437; x_wconf 91' lang='lat' dir='ltr'><strong>Paulus</strong></span> <span class='ocrx_word' id='word_1_181' title='bbox 543 2377 793 2454; x_wconf 69' lang='lat' dir='ltr'><strong>quasi‘mortuus</strong></span> <span class='ocrx_word' id='word_1_182' title='bbox 816 2361 1000 2436; x_wconf 77' lang='lat' dir='ltr'><strong>ludaeorum</strong></span> <span class='ocrx_word' id='word_1_183' title='bbox 1031 2379 1242 2455; x_wconf 86' lang='lat' dir='ltr'><strong>castigatione,</strong></span> <span class='ocrx_word' id='word_1_184' title='bbox 1274 2383 1307 2439; x_wconf 89' lang='lat' dir='ltr'><strong>ut</strong></span> 
     </span>
     <span class='ocr_line' id='line_1_22' title="bbox 127 2461 552 2573; baseline -0.009 -29"><span class='ocrx_word' id='word_1_185' title='bbox 127 2480 241 2573; x_wconf 69' lang='lat' dir='ltr'><strong>turoam</strong></span> <span class='ocrx_word' id='word_1_186' title='bbox 265 2480 384 2543; x_wconf 74' lang='lat' dir='ltr'><strong>cicitur.</strong></span> <span class='ocrx_word' id='word_1_187' title='bbox 550 2461 552 2465; x_wconf 75' lang='grc'>’</span> 
     </span>
    </p>

    <p class='ocr_par' dir='ltr' id='par_1_7' title="bbox 125 2603 1393 4263">
     <span class='ocr_line' id='line_1_23' title="bbox 130 2603 1307 2692; baseline -0.006 -14"><span class='ocrx_word' id='word_1_188' title='bbox 130 2606 177 2678; x_wconf 57' lang='lat'><strong>2⁵</strong></span> <span class='ocrx_word' id='word_1_189' title='bbox 214 2611 259 2674; x_wconf 91' lang='lat' dir='ltr'><strong>Ab</strong></span> <span class='ocrx_word' id='word_1_190' title='bbox 282 2612 337 2673; x_wconf 88' lang='lat' dir='ltr'><strong>hac</strong></span> <span class='ocrx_word' id='word_1_191' title='bbox 353 2612 411 2673; x_wconf 88' lang='lat' dir='ltr'><strong>alia</strong></span> <span class='ocrx_word' id='word_1_192' title='bbox 428 2613 533 2673; x_wconf 90' lang='lat' dir='ltr'><strong>civitas</strong></span> <span class='ocrx_word' id='word_1_193' title='bbox 558 2618 621 2684; x_wconf 91' lang='lat' dir='ltr'><strong>est,</strong></span> <span class='ocrx_word' id='word_1_194' title='bbox 647 2610 727 2671; x_wconf 88' lang='lat' dir='ltr'><strong>dicta</strong></span> <span class='ocrx_word' id='word_1_195' title='bbox 749 2610 871 2683; x_wconf 83' lang='lat' dir='ltr'><strong>Derbon</strong></span> <span class='ocrx_word' id='word_1_196' title='bbox 894 2603 991 2692; x_wconf 57' lang='lat'><strong>059</strong></span> <span class='ocrx_word' id='word_1_197' title='bbox 1006 2607 1066 2690; x_wconf 78' lang='lat' dir='ltr'><strong>a),</strong></span> <span class='ocrx_word' id='word_1_198' title='bbox 1093 2613 1123 2670; x_wconf 91' lang='lat' dir='ltr'><strong>in</strong></span> <span class='ocrx_word' id='word_1_199' title='bbox 1149 2617 1207 2690; x_wconf 78' lang='lat' dir='ltr'><strong>quta</strong></span> <span class='ocrx_word' id='word_1_200' title='bbox 1223 2611 1307 2671; x_wconf 86' lang='lat' dir='ltr'><strong>simi·</strong></span> 
     </span>
     <span class='ocr_line' id='line_1_24' title="bbox 127 2710 1308 2804; baseline -0.005 -25"><span class='ocrx_word' id='word_1_201' title='bbox 127 2711 199 2779; x_wconf 82' lang='lat' dir='ltr'><strong>liter</strong></span> <span class='ocrx_word' id='word_1_202' title='bbox 219 2715 250 2804; x_wconf 88' lang='lat' dir='ltr'><strong>S.</strong></span> <span class='ocrx_word' id='word_1_203' title='bbox 274 2714 385 2793; x_wconf 75' lang='lat' dir='ltr'><strong>Paullus</strong></span> <span class='ocrx_word' id='word_1_204' title='bbox 408 2733 478 2775; x_wconf 92' lang='lat' dir='ltr'><strong>cum</strong></span> <span class='ocrx_word' id='word_1_205' title='bbox 499 2714 634 2776; x_wconf 89' lang='lat' dir='ltr'><strong>Barnaba</strong></span> <span class='ocrx_word' id='word_1_206' title='bbox 657 2710 857 2794; x_wconf 84' lang='lat' dir='ltr'><strong>praedicavit,</strong></span> <span class='ocrx_word' id='word_1_207' title='bbox 891 2714 973 2796; x_wconf 56' lang='lat' dir='ltr'><strong>paffit</strong></span> <span class='ocrx_word' id='word_1_208' title='bbox 996 2718 1047 2776; x_wconf 93' lang='lat' dir='ltr'><strong>ubi</strong></span> <span class='ocrx_word' id='word_1_209' title='bbox 1071 2734 1170 2795; x_wconf 91' lang='lat' dir='ltr'><strong>supra.</strong></span> <span class='ocrx_word' id='word_1_210' title='bbox 1206 2714 1308 2787; x_wconf 86' lang='lat' dir='ltr'><strong>Quare</strong></span> 
     </span>
     <span class='ocr_line' id='line_1_25' title="bbox 128 2814 1307 2899; baseline -0.005 -15"><span class='ocrx_word' id='word_1_211' title='bbox 128 2829 233 2899; x_wconf 83' lang='lat' dir='ltr'><strong>autem</strong></span> <span class='ocrx_word' id='word_1_212' title='bbox 254 2820 420 2883; x_wconf 84' lang='lat' dir='ltr'><strong>Barnabam</strong></span> <span class='ocrx_word' id='word_1_213' title='bbox 439 2817 546 2881; x_wconf 86' lang='lat' dir='ltr'><strong>Jovern</strong></span> <span class='ocrx_word' id='word_1_214' title='bbox 570 2828 601 2881; x_wconf 90' lang='lat' dir='ltr'><strong>ct</strong></span> <span class='ocrx_word' id='word_1_215' title='bbox 616 2820 741 2881; x_wconf 89' lang='lat' dir='ltr'><strong>Paulum</strong></span> <span class='ocrx_word' id='word_1_216' title='bbox 758 2814 1034 2882; x_wconf 65' lang='lat' dir='ltr'><strong>Mercuriumiesse</strong></span> <span class='ocrx_word' id='word_1_217' title='bbox 1058 2820 1223 2890; x_wconf 89' lang='lat' dir='ltr'><strong>voluerint,</strong></span> <span class='ocrx_word' id='word_1_218' title='bbox 1247 2837 1307 2879; x_wconf 90' lang='lat' dir='ltr'><strong>non</strong></span> 
     </span>
     <span class='ocr_line' id='line_1_26' title="bbox 128 2923 1307 3003; baseline -0.005 -13"><span class='ocrx_word' id='word_1_219' title='bbox 128 2928 284 2990; x_wconf 87' lang='lat' dir='ltr'><strong>alia&#39;ratio</strong></span> <span class='ocrx_word' id='word_1_220' title='bbox 308 2932 369 2996; x_wconf 86' lang='lat' dir='ltr'><strong>est,</strong></span> <span class='ocrx_word' id='word_1_221' title='bbox 402 2927 460 2985; x_wconf 90' lang='lat' dir='ltr'><strong>nisi</strong></span> <span class='ocrx_word' id='word_1_222' title='bbox 484 2924 565 3003; x_wconf 89' lang='lat' dir='ltr'><strong>quod</strong></span> <span class='ocrx_word' id='word_1_223' title='bbox 586 2925 737 2988; x_wconf 87' lang='lat' dir='ltr'><strong>Barnabas</strong></span> <span class='ocrx_word' id='word_1_224' title='bbox 771 2925 952 2988; x_wconf 14' lang='lat' dir='ltr'><strong>luitrscnior</strong></span> <span class='ocrx_word' id='word_1_225' title='bbox 975 2926 1067 2987; x_wconf 92' lang='lat' dir='ltr'><strong>Paulo</strong></span> <span class='ocrx_word' id='word_1_226' title='bbox 1099 2930 1130 2985; x_wconf 90' lang='lat' dir='ltr'><strong>et</strong></span> <span class='ocrx_word' id='word_1_227' title='bbox 1152 2923 1307 2984; x_wconf 85' lang='lat' dir='ltr'><strong>videbatur</strong></span> 
     </span>
     <span class='ocr_line' id='line_1_27' title="bbox 128 3014 1307 3110; baseline -0.003 -18"><span class='ocrx_word' id='word_1_228' title='bbox 128 3030 195 3110; x_wconf 91' lang='lat' dir='ltr'><strong>ejus</strong></span> <span class='ocrx_word' id='word_1_229' title='bbox 218 3033 317 3110; x_wconf 91' lang='lat' dir='ltr'><strong>prior:</strong></span> <span class='ocrx_word' id='word_1_230' title='bbox 341 3014 451 3092; x_wconf 72' lang='lat' dir='ltr'><strong>Paulus</strong></span> <span class='ocrx_word' id='word_1_231' title='bbox 465 3037 576 3091; x_wconf 86' lang='lat' dir='ltr'><strong>autem</strong></span> <span class='ocrx_word' id='word_1_232' title='bbox 600 3031 880 3110; x_wconf 86' lang='lat' dir='ltr'><strong>eloquentissimus,</strong></span> <span class='ocrx_word' id='word_1_233' title='bbox 905 3033 983 3092; x_wconf 90' lang='lat' dir='ltr'><strong>sicut</strong></span> <span class='ocrx_word' id='word_1_234' title='bbox 1004 3025 1196 3100; x_wconf 83' lang='lat' dir='ltr'><strong>Mercurius,</strong></span> <span class='ocrx_word' id='word_1_235' title='bbox 1216 3045 1307 3105; x_wconf 89' lang='lat' dir='ltr'><strong>quem</strong></span> 
     </span>
     <span class='ocr_line' id='line_1_28' title="bbox 128 3132 1307 3219; baseline -0.003 -22"><span class='ocrx_word' id='word_1_236' title='bbox 128 3134 225 3219; x_wconf 81' lang='lat' dir='ltr'><strong>deum</strong></span> <span class='ocrx_word' id='word_1_237' title='bbox 242 3143 402 3205; x_wconf 86' lang='lat' dir='ltr'><strong>ventorum</strong></span> <span class='ocrx_word' id='word_1_238' title='bbox 426 3153 495 3196; x_wconf 89' lang='lat' dir='ltr'><strong>esse</strong></span> <span class='ocrx_word' id='word_1_239' title='bbox 519 3136 691 3217; x_wconf 87' lang='lat' dir='ltr'><strong>credebant.</strong></span> <span class='ocrx_word' id='word_1_240' title='bbox 722 3135 755 3196; x_wconf 96' lang='lat' dir='ltr'><strong>ln</strong></span> <span class='ocrx_word' id='word_1_241' title='bbox 778 3138 843 3214; x_wconf 92' lang='lat' dir='ltr'><strong>ipsa</strong></span> <span class='ocrx_word' id='word_1_242' title='bbox 867 3137 959 3196; x_wconf 89' lang='lat' dir='ltr'><strong>etiarn</strong></span> <span class='ocrx_word' id='word_1_243' title='bbox 982 3136 1105 3212; x_wconf 88' lang='lat' dir='ltr'><strong>regione</strong></span> <span class='ocrx_word' id='word_1_244' title='bbox 1130 3139 1176 3192; x_wconf 90' lang='lat' dir='ltr'><strong>cst</strong></span> <span class='ocrx_word' id='word_1_245' title='bbox 1191 3132 1307 3210; x_wconf 82' lang='lat' dir='ltr'><strong>Patara,</strong></span> 
     </span>
     <span class='ocr_line' id='line_1_29' title="bbox 126 3226 1307 3318; baseline -0.005 -16"><span class='ocrx_word' id='word_1_246' title='bbox 126 3226 199 3302; x_wconf 79' lang='lat' dir='ltr'><strong>urbs</strong></span> <span class='ocrx_word' id='word_1_247' title='bbox 222 3241 253 3299; x_wconf 92' lang='lat' dir='ltr'><strong>in</strong></span> <span class='ocrx_word' id='word_1_248' title='bbox 276 3239 509 3311; x_wconf 77' lang='lat' dir='ltr'><strong>littoremariS,</strong></span> <span class='ocrx_word' id='word_1_249' title='bbox 543 3242 572 3301; x_wconf 90' lang='lat' dir='ltr'><strong>in</strong></span> <span class='ocrx_word' id='word_1_250' title='bbox 597 3259 655 3318; x_wconf 87' lang='lat' dir='ltr'><strong>qua</strong></span> <span class='ocrx_word' id='word_1_251' title='bbox 679 3240 709 3301; x_wconf 90' lang='lat' dir='ltr'><strong>S.</strong></span> <span class='ocrx_word' id='word_1_252' title='bbox 742 3241 957 3301; x_wconf 88' lang='lat' dir='ltr'><strong>illcNicolaus</strong></span> <span class='ocrx_word' id='word_1_253' title='bbox 991 3256 1118 3317; x_wconf 92' lang='lat' dir='ltr'><strong>magnus</strong></span> <span class='ocrx_word' id='word_1_254' title='bbox 1140 3246 1227 3298; x_wconf 92' lang='lat' dir='ltr'><strong>natus</strong></span> <span class='ocrx_word' id='word_1_255' title='bbox 1252 3245 1307 3308; x_wconf 87' lang='lat' dir='ltr'><strong>est,</strong></span> 
     </span>
     <span class='ocr_line' id='line_1_30' title="bbox 128 3338 1309 3424; baseline -0.007 -18"><span class='ocrx_word' id='word_1_256' title='bbox 128 3351 160 3406; x_wconf 88' lang='lat' dir='ltr'><strong>et</strong></span> <span class='ocrx_word' id='word_1_257' title='bbox 182 3363 244 3405; x_wconf 92' lang='lat' dir='ltr'><strong>non</strong></span> <span class='ocrx_word' id='word_1_258' title='bbox 265 3344 356 3422; x_wconf 90' lang='lat' dir='ltr'><strong>longe</strong></span> <span class='ocrx_word' id='word_1_259' title='bbox 381 3344 416 3405; x_wconf 92' lang='lat' dir='ltr'><strong>ab</strong></span> <span class='ocrx_word' id='word_1_260' title='bbox 441 3363 476 3405; x_wconf 91' lang='lat' dir='ltr'><strong>ea</strong></span> <span class='ocrx_word' id='word_1_261' title='bbox 501 3352 547 3406; x_wconf 89' lang='lat' dir='ltr'><strong>cst</strong></span> <span class='ocrx_word' id='word_1_262' title='bbox 562 3342 684 3424; x_wconf 83' lang='lat' dir='ltr'><strong>Myrrha</strong></span> <span class='ocrx_word' id='word_1_263' title='bbox 709 3347 772 3407; x_wconf 89' lang='lat' dir='ltr'><strong>sive</strong></span> <span class='ocrx_word' id='word_1_264' title='bbox 788 3342 929 3423; x_wconf 82' lang='lat' dir='ltr'><strong>Myrrhea</strong></span> <span class='ocrx_word' id='word_1_265' title='bbox 953 3345 1068 3413; x_wconf 91' lang='lat' dir='ltr'><strong>civitas,</strong></span> <span class='ocrx_word' id='word_1_266' title='bbox 1092 3343 1122 3400; x_wconf 93' lang='lat' dir='ltr'><strong>in</strong></span> <span class='ocrx_word' id='word_1_267' title='bbox 1146 3358 1204 3418; x_wconf 91' lang='lat' dir='ltr'><strong>qua</strong></span> <span class='ocrx_word' id='word_1_268' title='bbox 1226 3338 1309 3399; x_wconf 89' lang='lat' dir='ltr'><strong>idern</strong></span> 
     </span>
     <span class='ocr_line' id='line_1_31' title="bbox 127 3441 1308 3530; baseline -0.007 -21"><span class='ocrx_word' id='word_1_269' title='bbox 127 3447 258 3510; x_wconf 86' lang='lat' dir='ltr'><strong>Sanctus</strong></span> <span class='ocrx_word' id='word_1_270' title='bbox 289 3447 484 3530; x_wconf 88' lang='lat' dir='ltr'><strong>dignissimus</strong></span> <span class='ocrx_word' id='word_1_271' title='bbox 513 3448 569 3509; x_wconf 83' lang='lat' dir='ltr'><strong>fuit</strong></span> <span class='ocrx_word' id='word_1_272' title='bbox 594 3451 755 3527; x_wconf 88' lang='lat' dir='ltr'><strong>episcopus</strong></span> <span class='ocrx_word' id='word_1_273' title='bbox 787 3465 864 3508; x_wconf 88' lang='lat' dir='ltr'><strong>auno</strong></span> <span class='ocrx_word' id='word_1_274' title='bbox 888 3446 1010 3506; x_wconf 90' lang='lat' dir='ltr'><strong>Domini</strong></span> <span class='ocrx_word' id='word_1_275' title='bbox 1033 3441 1128 3513; x_wconf 73' lang='lat'><strong>343..</strong></span> <span class='ocrx_word' id='word_1_276' title='bbox 1152 3442 1190 3502; x_wconf 90' lang='lat' dir='ltr'><strong>de</strong></span> <span class='ocrx_word' id='word_1_277' title='bbox 1222 3442 1308 3520; x_wconf 87' lang='lat' dir='ltr'><strong>cujus</strong></span> 
     </span>
     <span class='ocr_line' id='line_1_32' title="bbox 127 3546 1308 3628; baseline -0.008 -14"><span class='ocrx_word' id='word_1_278' title='bbox 127 3553 232 3615; x_wconf 89' lang='lat' dir='ltr'><strong>tumba</strong></span> <span class='ocrx_word' id='word_1_279' title='bbox 256 3570 375 3613; x_wconf 87' lang='lat' dir='ltr'><strong>sacrum</strong></span> <span class='ocrx_word' id='word_1_280' title='bbox 398 3554 440 3613; x_wconf 92' lang='lat' dir='ltr'><strong>ibi</strong></span> <span class='ocrx_word' id='word_1_281' title='bbox 463 3552 624 3613; x_wconf 87' lang='lat' dir='ltr'><strong>resudabat</strong></span> <span class='ocrx_word' id='word_1_282' title='bbox 647 3552 766 3621; x_wconf 91' lang='lat' dir='ltr'><strong>oleum,</strong></span> <span class='ocrx_word' id='word_1_283' title='bbox 791 3550 850 3628; x_wconf 80' lang='lat' dir='ltr'><strong>quio</strong></span> <span class='ocrx_word' id='word_1_284' title='bbox 872 3550 951 3609; x_wconf 86' lang='lat' dir='ltr'><strong>liniti</strong></span> <span class='ocrx_word' id='word_1_285' title='bbox 974 3565 1081 3608; x_wconf 89' lang='lat' dir='ltr'><strong>omnes</strong></span> <span class='ocrx_word' id='word_1_286' title='bbox 1105 3546 1236 3624; x_wconf 89' lang='lat' dir='ltr'><strong>languidi</strong></span> <span class='ocrx_word' id='word_1_287' title='bbox 1260 3564 1308 3606; x_wconf 88' lang='lat' dir='ltr'><strong>sa-</strong></span> 
     </span>
     <span class='ocr_line' id='line_1_33' title="bbox 127 3642 1310 3735; baseline -0.007 -16"><span class='ocrx_word' id='word_1_288' title='bbox 127 3642 293 3728; x_wconf 60' lang='lat' dir='ltr'><strong>nabanturj</strong></span> <span class='ocrx_word' id='word_1_289' title='bbox 317 3663 477 3735; x_wconf 91' lang='lat' dir='ltr'><strong>postquam</strong></span> <span class='ocrx_word' id='word_1_290' title='bbox 502 3651 716 3716; x_wconf 86' lang='lat' dir='ltr'><strong>autem‘Turci</strong></span> <span class='ocrx_word' id='word_1_291' title='bbox 740 3654 846 3715; x_wconf 89' lang='lat' dir='ltr'><strong>urbem</strong></span> <span class='ocrx_word' id='word_1_292' title='bbox 875 3647 957 3712; x_wconf 86' lang='lat' dir='ltr'><strong>illam</strong></span> <span class='ocrx_word' id='word_1_293' title='bbox 981 3656 1143 3730; x_wconf 78' lang='lat' dir='ltr'><strong>ceperunt,</strong></span> <span class='ocrx_word' id='word_1_294' title='bbox 1160 3657 1310 3711; x_wconf 88' lang='lat' dir='ltr'><strong>venerunt</strong></span> 
     </span>
     <span class='ocr_line' id='line_1_34' title="bbox 127 3750 1309 3839; baseline -0.008 -15"><span class='ocrx_word' id='word_1_295' title='bbox 127 3761 211 3824; x_wconf 85' lang='lat' dir='ltr'><strong>Lxx</strong></span> <span class='ocrx_word' id='word_1_296' title='bbox 234 3760 345 3822; x_wconf 90' lang='lat' dir='ltr'><strong>milites</strong></span> <span class='ocrx_word' id='word_1_297' title='bbox 369 3761 407 3822; x_wconf 93' lang='lat' dir='ltr'><strong>de</strong></span> <span class='ocrx_word' id='word_1_298' title='bbox 429 3760 537 3839; x_wconf 80' lang='lat' dir='ltr'><strong>Apulia</strong></span> <span class='ocrx_word' id='word_1_299' title='bbox 555 3750 599 3818; x_wconf 65' lang='lat' dir='ltr'><strong>&#39;et</strong></span> <span class='ocrx_word' id='word_1_300' title='bbox 634 3775 744 3837; x_wconf 91' lang='lat' dir='ltr'><strong>corpus</strong></span> <span class='ocrx_word' id='word_1_301' title='bbox 767 3758 807 3818; x_wconf 74' lang='lat' dir='ltr'><strong>S.</strong></span> <span class='ocrx_word' id='word_1_302' title='bbox 826 3757 942 3817; x_wconf 90' lang='lat' dir='ltr'><strong>Nicolai</strong></span> <span class='ocrx_word' id='word_1_303' title='bbox 964 3757 994 3816; x_wconf 89' lang='lat' dir='ltr'><strong>in</strong></span> <span class='ocrx_word' id='word_1_304' title='bbox 1019 3754 1194 3816; x_wconf 88' lang='lat' dir='ltr'><strong>Bariensem</strong></span> <span class='ocrx_word' id='word_1_305' title='bbox 1211 3762 1309 3815; x_wconf 84' lang='lat' dir='ltr'><strong>trans-</strong></span> 
     </span>
     <span class='ocr_line' id='line_1_35' title="bbox 127 3859 1309 3939; baseline -0.008 -10"><span class='ocrx_word' id='word_1_306' title='bbox 127 3866 263 3929; x_wconf 86' lang='lat' dir='ltr'><strong>tulerunt</strong></span> <span class='ocrx_word' id='word_1_307' title='bbox 276 3867 428 3928; x_wconf 88' lang='lat' dir='ltr'><strong>civitatem</strong></span> <span class='ocrx_word' id='word_1_308' title='bbox 448 3884 527 3927; x_wconf 89' lang='lat' dir='ltr'><strong>anno</strong></span> <span class='ocrx_word' id='word_1_309' title='bbox 544 3865 631 3926; x_wconf 81' lang='lat' dir='ltr'><strong>Doni.</strong></span> <span class='ocrx_word' id='word_1_310' title='bbox 648 3862 679 3924; x_wconf 88' lang='lat' dir='ltr'><strong>M</strong></span> <span class='ocrx_word' id='word_1_311' title='bbox 698 3862 880 3936; x_wconf 79' lang='lat' dir='ltr'><strong>LXXXVll,</strong></span> <span class='ocrx_word' id='word_1_312' title='bbox 905 3863 943 3924; x_wconf 89' lang='lat' dir='ltr'><strong>de</strong></span> <span class='ocrx_word' id='word_1_313' title='bbox 960 3861 1045 3939; x_wconf 91' lang='lat' dir='ltr'><strong>cujus</strong></span> <span class='ocrx_word' id='word_1_314' title='bbox 1063 3861 1204 3921; x_wconf 89' lang='lat' dir='ltr'><strong>membris</strong></span> <span class='ocrx_word' id='word_1_315' title='bbox 1219 3859 1309 3920; x_wconf 86' lang='lat' dir='ltr'><strong>hodie</strong></span> 
     </span>
     <span class='ocr_line' id='line_1_36' title="bbox 131 3965 1309 4048; baseline -0.008 -15"><span class='ocrx_word' id='word_1_316' title='bbox 131 3971 243 4035; x_wconf 88' lang='lat' dir='ltr'><strong>dicitur</strong></span> <span class='ocrx_word' id='word_1_317' title='bbox 266 3970 378 4031; x_wconf 86' lang='lat' dir='ltr'><strong>sudare</strong></span> <span class='ocrx_word' id='word_1_318' title='bbox 398 3971 510 4048; x_wconf 76' lang='lat' dir='ltr'><strong>oleum.</strong></span> <span class='ocrx_word' id='word_1_319' title='bbox 556 3968 639 4030; x_wconf 89' lang='lat' dir='ltr'><strong>Haec</strong></span> <span class='ocrx_word' id='word_1_320' title='bbox 659 3970 745 4046; x_wconf 88' lang='lat' dir='ltr'><strong>regio</strong></span> <span class='ocrx_word' id='word_1_321' title='bbox 776 3966 867 4046; x_wconf 82' lang='lat' dir='ltr'><strong>Lycia</strong></span> <span class='ocrx_word' id='word_1_322' title='bbox 898 3973 945 4026; x_wconf 92' lang='lat' dir='ltr'><strong>est</strong></span> <span class='ocrx_word' id='word_1_323' title='bbox 976 3967 1135 4045; x_wconf 78' lang='lat' dir='ltr'><strong>politorum</strong></span> <span class='ocrx_word' id='word_1_324' title='bbox 1171 3965 1309 4025; x_wconf 91' lang='lat' dir='ltr'><strong>carmini·</strong></span> 
     </span>
     <span class='ocr_line' id='line_1_37' title="bbox 125 4070 1311 4157; baseline -0.006 -18"><span class='ocrx_word' id='word_1_325' title='bbox 125 4078 185 4140; x_wconf 83' lang='lat' dir='ltr'><strong>bus</strong></span> <span class='ocrx_word' id='word_1_326' title='bbox 216 4075 432 4137; x_wconf 88' lang='lat' dir='ltr'><strong>memorabilis.</strong></span> <span class='ocrx_word' id='word_1_327' title='bbox 478 4073 560 4134; x_wconf 90' lang='lat' dir='ltr'><strong>Dum</strong></span> <span class='ocrx_word' id='word_1_328' title='bbox 593 4073 679 4132; x_wconf 89' lang='lat' dir='ltr'><strong>enim</strong></span> <span class='ocrx_word' id='word_1_329' title='bbox 703 4072 820 4157; x_wconf 81' lang='lat' dir='ltr'><strong>Jupiter</strong></span> <span class='ocrx_word' id='word_1_330' title='bbox 850 4070 995 4134; x_wconf 86' lang='lat' dir='ltr'><strong>Latonam</strong></span> <span class='ocrx_word' id='word_1_331' title='bbox 1026 4073 1244 4149; x_wconf 88' lang='lat' dir='ltr'><strong>oppressisset,</strong></span> <span class='ocrx_word' id='word_1_332' title='bbox 1279 4077 1311 4132; x_wconf 91' lang='lat' dir='ltr'><strong>et</strong></span> 
     </span>
     <span class='ocr_line' id='line_1_38' title="bbox 128 4161 1393 4263; baseline -0.005 -21"><span class='ocrx_word' id='word_1_333' title='bbox 128 4183 269 4263; x_wconf 79' lang='lat' dir='ltr'><strong>geminos</strong></span> <span class='ocrx_word' id='word_1_334' title='bbox 292 4181 500 4260; x_wconf 87' lang='lat' dir='ltr'><strong>concepisset,</strong></span> <span class='ocrx_word' id='word_1_335' title='bbox 522 4176 695 4258; x_wconf 89' lang='lat' dir='ltr'><strong>Apollinem</strong></span> <span class='ocrx_word' id='word_1_336' title='bbox 718 4184 748 4240; x_wconf 90' lang='lat' dir='ltr'><strong>et</strong></span> <span class='ocrx_word' id='word_1_337' title='bbox 770 4161 954 4250; x_wconf 76' lang='lat' dir='ltr'><strong>Minervam,</strong></span> <span class='ocrx_word' id='word_1_338' title='bbox 983 4175 1178 4239; x_wconf 87' lang='lat' dir='ltr'><strong>insidiabatur</strong></span> <span class='ocrx_word' id='word_1_339' title='bbox 1200 4193 1307 4256; x_wconf 85' lang='lat' dir='ltr'><strong>praeg·</strong></span> <span class='ocrx_word' id='word_1_340' title='bbox 1389 4163 1393 4168; x_wconf 52' lang='grc'><strong>”</strong></span> 
     </span>
    </p>
   </div>
   <div class='ocr_carea' id='block_1_7' title="bbox 0 0 1443 4770">
    <p class='ocr_par' dir='ltr' id='par_1_8' title="bbox 0 0 1443 4770">
     <span class='ocr_line' id='line_1_39' title="bbox 0 0 1443 4770; baseline 0 0"><span class='ocrx_word' id='word_1_341' title='bbox 0 0 1443 4770; x_wconf 95' lang='lat' dir='ltr'><strong> </strong></span> 
     </span>
    </p>
   </div>
  </div>
 </body>
</html>
