2902 4710
713 128 779 198 384

155 309 363 389 scorpionibus
385 325 442 387 per
464 306 640 381 circuitum,
676 313 707 366 et
729 305 768 368 ad
790 304 992 367 remotionem
1022 305 1094 384 ligni
1125 311 1336 383 cucurrerunt,

156 420 187 474 et
209 413 295 474 multi
317 417 347 474 et
368 410 465 489 major
488 427 555 489 pars
585 411 749 487 inaquam
780 409 923 487 baptismi
954 407 1145 482 ceciderunt,
1181 409 1273 488 aliqui
1302 411 1335 471 in

114 562 116 567 .
153 523 264 578 terram
287 514 474 584 labebantur,
499 512 590 591 aliqui
611 513 710 590 ligno,
734 512 825 590 aliqui
847 510 940 589 lapidi
956 511 1174 584 adhaeserunt,
1200 531 1277 591 quos
1301 519 1335 575 ut

153 619 232 690 vidi,
257 620 361 699 expavi
395 623 427 678 et
448 616 626 697 operculum
649 615 759 677 cadere
780 617 905 694 permisi
929 624 960 676 et
982 615 1098 694 aufugi,
1133 634 1258 688 cavens,
1293 633 1332 677 ne

154 723 262 801 aliquis
284 723 403 803 scorpio
426 721 500 781 mibi
524 718 710 780 adhaereret.
741 715 863 779 Modica
878 724 979 779 autem
996 735 1073 797 aqua
1089 726 1153 780 crat
1168 721 1199 779 in
1216 720 1333 781 concha

153 835 184 888 et
207 836 326 899 crassa,
360 825 479 899 viridis,
513 833 543 887 et
566 826 597 884 in
620 824 667 885 his
691 823 828 884 omnibus
852 822 1042 901 suspicabar,
1077 823 1128 884 diu
1150 823 1268 888 nullum
1291 825 1332 885 ibi

150 931 334 1010 baptizatum
355 929 459 991 fuisse.
494 927 587 990 Porro
612 929 788 1006 scorpiones
811 945 867 1006 per
889 928 1050 988 circuitum
1071 928 1239 1007 baptisterii
1262 947 1330 990 cur·

151 1032 272 1107 rebant,
308 1041 489 1116 quaerentes
523 1032 724 1094 reascendere
758 1030 795 1093 ad
828 1031 930 1091 locum
963 1048 1067 1103 suum,
1102 1033 1185 1093 etin
1208 1026 1331 1095 latibula

108 1148 111 1159 ’
149 1157 304 1201 murorum
319 1156 353 1199 se
369 1138 573 1216 recipiebant;
598 1143 669 1198 sunt
692 1137 775 1199 enim
798 1136 976 1214 scorpiones
1001 1137 1114 1198 inillis
1138 1139 1274 1216 partibus
1298 1139 1330 1199 in

150 1260 257 1322 magna
280 1241 471 1304 multitudine
495 1243 549 1303 sub
573 1240 736 1321 lapidibus,
769 1243 801 1301 in
823 1240 923 1311 silvis,
952 1242 982 1300 in
1013 1242 1125 1312 muris,
1160 1242 1215 1302 sub
1239 1242 1329 1322 lignis

151 1356 181 1409 et
203 1348 291 1408 lectis
323 1351 496 1407 crescentes
528 1353 559 1407 et
581 1350 750 1418 morantes,
785 1351 815 1406 et
838 1350 1020 1423 generantur
1042 1362 1078 1405 ex
1101 1345 1248 1422 aliquibus
1269 1364 1328 1425 pu·

148 1451 390 1522 (refectionibus,
414 1451 494 1510 sicut
516 1449 565 1510 alii
586 1466 723 1521 vermes,
746 1450 927 1527 praesertim
950 1464 987 1509 er
1009 1447 1230 1526 putrefactione
1252 1459 1327 1510 ean³

150 1558 192 1617 cri
215 1557 316 1617 statim
339 1559 538 1633 generantur,
560 1551 641 1613 unde
665 1554 756 1614 etiam
771 1554 857 1631 quasi
874 1568 984 1617 cancro
1008 1551 1220 1625 assimilantur,
1244 1552 1326 1614 unde

149 1658 288 1723 Ovidius:

357 1778 482 1831 Concava
500 1777 602 1830 littorei
621 1776 646 1830 si
665 1776 756 1829 demas
775 1773 887 1828 brachia
905 1772 996 1828 cancri

356 1865 486 1934 Scorpius
505 1864 596 1920 exibit.
716 1877 720 1885 '

234 2004 287 2067 Est
310 2014 411 2070 autem
433 2009 571 2088 scorpius
594 2007 705 2068 vermis
729 2008 831 2086 niger,
855 2005 1018 2067 multorum
1033 2003 1165 2083 pedum,
1189 2007 1220 2062 ct
1234 2002 1326 2064 babet

145 2109 213 2172 loco
236 2127 378 2172 manuum
402 2110 462 2172 duo
485 2109 631 2173 bifurcata
665 2116 772 2189 magna
803 2113 881 2171 sicut
905 2110 1021 2180 caneri,
1046 2114 1077 2169 et
1111 2126 1222 2169 cornua
1257 2125 1324 2188 gra·

146 2214 214 2277 cilia
236 2216 314 2275 sicut
338 2232 462 2286 cancer,
486 2220 517 2274 et
540 2213 630 2275 habet
653 2213 779 2274 caudam
803 2214 938 2293 longam,
962 2230 1023 2274 non
1047 2214 1164 2285 caneri,
1188 2211 1242 2273 sed
1258 2230 1323 2272 ser-

143 2321 253 2399 pentis,
278 2326 309 2379 et
330 2321 360 2379 in
384 2316 450 2395 ejus
473 2318 532 2378 fine
555 2317 631 2380 duos
654 2317 744 2378 babet
767 2318 898 2389 aculeos,
923 2318 1030 2395 quibus
1055 2324 1175 2378 arcuato
1199 2315 1325 2377 vulnere

76 2442 82 2451 ’
143 2421 221 2483 ferit.
266 2423 384 2484 Dicitur
406 2428 508 2483 autem
531 2423 650 2501 scorpio
674 2440 691 2483 a
714 2429 824 2492 scone,
850 2421 930 2500 quod
953 2420 1009 2483 est:
1034 2421 1122 2483 dulce
1141 2428 1171 2482 et
1188 2422 1265 2500 picis
1282 2418 1323 2503 (f)

142 2527 270 2606 fingere;
306 2520 374 2605 quia
399 2528 436 2587 in
468 2528 611 2587 anteriori
633 2532 718 2605 parte
748 2524 907 2586 blanditias
938 2526 1022 2603 fingit
1056 2531 1085 2586 et
1107 2526 1138 2585 in
1161 2526 1323 2604 posteriori

141 2631 290 2692 interficit.
337 2629 513 2708 Scorpionis
536 2637 682 2710 punctura
705 2629 776 2691 facit
799 2629 914 2690 homini
936 2629 1031 2690 multa
1054 2627 1150 2701 mala,
1185 2631 1255 2707 quia
1278 2631 1322 2691 vi·

142 2733 231 2795 detur
246 2735 331 2794 locus
346 2740 523 2814 puncturae,
539 2736 640 2795 statim
657 2739 862 2812 apostematur
877 2739 1065 2811 apostemate
1084 2732 1159 2793 duro
1175 2740 1207 2794 et
1220 2734 1321 2803 rubro,
1342 2730 1348 2735 “

144 2845 175 2898 et
199 2836 284 2899 dolor
307 2846 468 2917 protensus
493 2837 673 2915 quandoque
696 2835 900 2897 inflammatur
923 2833 1027 2916 (20ss
1044 2834 1104 2914 a),
1140 2837 1320 2919 quandoque

141 2941 340 3019 infrigitatur,
365 2950 397 3004 et
418 2943 598 3018 imaginatur
621 2957 801 3021 percussus,
826 2958 860 3001 se
877 2939 1022 3002 contundi
1037 2941 1125 3019 pilis,
1148 2943 1258 3020 quibus
1276 2940 1320 3003 sal

140 3044 346 3118 contunditur,
379 3052 410 3106 et
441 3043 587 3105 accedunt
620 3043 740 3105 dolores
774 3045 888 3117 subito,
922 3051 953 3105 et
983 3051 1132 3124 punctura
1165 3050 1213 3106 cst
1241 3046 1320 3106 sieut

138 3153 288 3225 punctura
310 3162 396 3220 acus,
429 3154 460 3209 et
482 3149 619 3227 sequitur
642 3156 756 3209 tremor
779 3154 809 3210 et
830 3149 941 3227 frigus,
966 3156 997 3210 et
1019 3149 1201 3211 mollificatio
1224 3151 1318 3211 totius

139 3254 273 3330 corporis
305 3260 336 3314 et
358 3252 555 3314 inflammatio
585 3240 699 3315 vent'ris
729 3252 762 3314 et'
791 3239 926 3315 extensio
948 3255 1060 3332 virgae.
1082 3308 1084 3312 r
1106 3252 1139 3313 Si
1155 3258 1257 3315 antem
1279 3255 1318 3313 sit

136 3344 289 3435 punctura
308 3374 344 3418 er
366 3357 540 3420 vehementi
563 3361 731 3438 scorpionis
756 3359 878 3429 malitia,
905 3364 976 3418 tunc
993 3363 1152 3436 punctura·
1165 3364 1212 3417 est
1228 3358 1316 3435 quasi

137 3463 303 3523 cauterium
328 3461 484 3535 adustum,
509 3468 540 3523 et
564 3481 675 3542 corpus
697 3469 794 3523 totum
815 3464 946 3540 rigorem
969 3462 1081 3541 patitur
1103 3478 1173 3522 oum
1195 3459 1316 3541 frigore,

136 3572 166 3627 et
189 3565 255 3627 fluit
278 3563 315 3626 ad
338 3565 415 3627 labia
437 3565 599 3628 humiditas
622 3569 754 3638 viscosa,
788 3583 866 3645 quae
889 3567 970 3647 inter
999 3567 1064 3645 ipsa
1092 3565 1168 3627 labia
1202 3583 1314 3646 nonge-

135 3671 230 3742 latur,
255 3678 287 3730 et
309 3673 402 3731 currit
424 3689 461 3731 cr
484 3672 579 3731 oculis
604 3672 697 3732 multa
720 3669 890 3742 humiditas,
915 3687 992 3748 quae
1015 3671 1046 3730 in
1069 3670 1185 3748 angulis
1200 3686 1314 3749 conge·

133 3772 230 3845 latur,
265 3779 296 3834 et
327 3775 470 3835 alteratur
498 3774 595 3835 forma
628 3783 659 3835 et
691 3773 845 3852 egreditur
876 3791 951 3834 anus
978 3757 1011 3834 et
1043 3774 1313 3856 'apostematinatur

132 3879 216 3956 virga
248 3881 278 3936 et
300 3875 482 3937 incrassatur
505 3876 605 3954 lingua
636 3883 666 3937 et
692 3877 822 3938 stridunt
849 3875 955 3938 dentes
981 3884 1011 3939 e't
1034 3877 1215 3940 clauduntur
1228 3894 1311 3937 eom-

132 3997 257 4061 pressae
285 3995 343 4040 nec
366 3979 549 4058 aperiuntur.
590 3978 653 4041 Hac
675 3981 754 4042 mala
776 3982 874 4042 bestia
897 3987 980 4042 caret
1002 3980 1180 4043 allemannia
1202 3979 1311 4041 nobilis

132 4089 164 4145 et
185 4100 258 4145 sana
281 4083 395 4145 recenti
418 4084 489 4144 adra
513 4081 623 4144 dotata.
669 4082 752 4146 llaec
774 4085 872 4146 bestia
894 4084 1007 4146 occidit
1030 4084 1192 4157 Orionem,
1218 4101 1314 4164 quem

130 4187 212 4252 nulla
234 4188 330 4251 bestia
352 4187 475 4252 vincere
497 4189 604 4268 potuit.
635 4188 681 4250 De
704 4189 762 4251 hoo
779 4186 904 4254 Ovidius
927 4188 1020 4252 talem
1034 4189 1142 4252 recitat
1166 4187 1309 4252 fabulum.
