2874 4770
133 311 276 391 ligarunt.
306 309 354 372 ta
376 310 454 372 banc
477 313 560 373 enirn
582 313 752 377 fatuitatem
774 316 963 379 devenerunt
985 323 1111 399 gentes,
1132 326 1168 382 ut
1192 323 1320 399 quilibet

134 415 288 488 erederet,
309 419 341 476 in
362 424 474 489 monte,
499 435 591 495 quern
606 419 718 480 Veneri
733 428 974 494 consecraverat,
997 439 1066 484 earn
1090 441 1161 485 esse
1184 427 1217 484 in
1240 425 1316 486 deli-

134 521 205 591 ciis,
228 537 263 580 ac
284 522 311 580 si
333 523 364 581 in
387 520 522 599 pluribus
545 523 622 583 locis
636 540 706 585 esse
730 533 850 604 posset,
873 525 955 588 unde
977 544 1071 608 super
1088 536 1210 590 montes
1226 549 1314 608 gran·

133 621 182 684 dia
204 624 315 703 templa
339 625 534 687 aedificabant
555 627 681 701 Veneri,
716 636 748 689 et
770 638 892 691 orantes
922 649 985 692 non
1007 650 1129 695 sursum
1152 633 1192 694 ad
1214 634 1316 695 sidera

133 726 239 788 oculos
268 735 320 789 aut
349 747 457 791 manus
479 730 631 802 levabant,
660 751 718 794 nec
740 733 876 795 sidereas
898 735 990 797 sedes
1004 735 1116 797 babere
1141 739 1315 816 cupiebant,

133 830 188 892 sod
211 831 355 894 deorsum
376 836 407 894 in
436 834 641 913 penetralibus
663 838 791 908 montis,
822 839 854 898 in
877 840 971 899 antris
1003 845 1034 900 et
1056 841 1160 918 opacis
1184 859 1220 903 ac
1244 843 1314 902 obs-

133 938 212 996 euris
236 937 312 997 locis
335 957 404 999 curn
431 938 550 998 Venere
581 954 651 999 esse
674 939 827 1018 optabant.
872 939 992 1002 Recitat
1014 941 1144 1011 Sanctus
1167 942 1313 1022 Augusti·

132 1059 190 1101 nus
221 1040 259 1101 de
283 1043 402 1103 civitate
426 1040 482 1100 Del
505 1039 539 1100 L.
564 1038 643 1102 XXI.
677 1041 710 1102 C.
735 1039 765 1106 6.
799 1051 831 1105 et
853 1043 1029 1105 Vincentius
1052 1048 1084 1106 in
1106 1045 1189 1126 Spee
1212 1054 1312 1111 natur.
1436 1113 1437 1134 χ

133 1141 167 1204 L.
189 1141 240 1204 tx.
265 1144 299 1206 G.
326 1141 375 1206 17.
410 1143 447 1204 de
470 1143 602 1222 quodam
630 1146 745 1224 templo
767 1146 914 1221 Veneris,
948 1149 1030 1226 quod
1060 1168 1117 1229 ego
1146 1150 1240 1212 credo
1264 1151 1313 1210 hic

133 1247 248 1321 luisse,
270 1252 302 1311 in
325 1268 385 1329 quo
408 1256 473 1310 erat
496 1248 590 1310 altum
612 1249 842 1322 candelabrum,
865 1269 959 1330 super
981 1253 1062 1331 quod
1076 1255 1173 1316 stabat
1188 1257 1314 1316 lucerna

132 1372 254 1435 semper
286 1354 395 1414 ardens
418 1355 473 1414 sub
496 1353 581 1424 divo,
613 1355 656 1412 ita
687 1353 767 1430 quod
789 1354 872 1414 illam
893 1353 976 1416 nulla
997 1361 1180 1435 tempestas,
1211 1358 1313 1420 nullus

132 1459 228 1520 imber
260 1461 451 1537 exstinguere
474 1458 581 1537 potuit.
625 1456 674 1518 Aa
704 1458 763 1518 hoc
794 1457 957 1520 videndum
987 1461 1166 1522 miraculum
1189 1462 1312 1540 plurimi
1436 1456 1437 1532 Ῑ

132 1560 324 1625 confluebant
345 1560 383 1622 ad
405 1560 507 1621 locum
535 1567 691 1639 putantes,
726 1561 880 1624 divinitate
903 1563 1032 1624 Veneris
1057 1566 1162 1641 ignem
1185 1584 1311 1629 conser-

130 1670 213 1740 vari,
235 1666 291 1728 sed
312 1673 420 1727 natura
442 1672 473 1727 et
496 1681 544 1725 ars
567 1665 599 1726 id
621 1665 766 1727 fecerant.
811 1666 866 1727 Est
889 1669 971 1728 enirn
994 1666 1116 1746 quidam
1138 1669 1236 1748 lapis,
1259 1670 1311 1732 Al·
1400 1690 1403 1695 ·

130 1771 236 1833 bestan
259 1770 358 1831 dictus
391 1770 427 1830 ab
452 1770 532 1848 igne,
555 1768 648 1830 lerrei
679 1769 806 1843 coloris,
839 1772 891 1849 qui
922 1772 1019 1831 semel
1035 1789 1199 1857 ¹accensus
1222 1792 1311 1835 num·

131 1893 220 1955 quam
253 1877 398 1953 extinguit
435 1875 487 1951 qui
525 1876 676 1952 reperitur
711 1876 744 1934 in
781 1877 866 1954 aquis
899 1874 1057 1937 Arcadiae.
1109 1876 1162 1937 Sic
1195 1878 1311 1940 Romae

129 1977 187 2041 luit
207 1986 328 2057 reperta
349 1978 472 2039 lucerna
501 1976 607 2039 ardens
636 1976 674 2040 ad
696 1986 787 2058 caput
807 1976 952 2041 Pallantia
985 1981 1133 2059 gigantis,
1167 1988 1203 2047 ut
1224 1989 1311 2061 patet

129 2082 182 2147 lol.
205 2078 258 2146 83.

218 2289 265 2353 Ad
288 2290 489 2354 claudendum
512 2307 686 2352 sermonem
718 2286 756 2352 de
779 2288 899 2354 Venere
928 2291 1031 2355 dicunt
1053 2291 1090 2354 de
1114 2311 1151 2355 ea
1173 2297 1309 2361 scriben-

128 2405 193 2474 tes,
215 2396 296 2479 quod
319 2396 391 2460 dum
413 2396 522 2457 luisset
542 2397 614 2457 viris
637 2396 733 2456 tribus
756 2404 922 2475 superstes,
942 2404 1026 2460 tauto
1048 2397 1160 2460 lerbuit
1183 2405 1309 2479 pruritu,

128 2512 162 2568 ut
183 2504 248 2566 lere
278 2504 308 2563 iu
340 2501 493 2581 publicum
520 2498 687 2560 declinaret
708 2500 850 2578 lupanar,
883 2507 915 2561 et
946 2500 983 2562 ad
1010 2519 1100 2564 suum
1122 2504 1309 2582 palliandum

129 2609 231 2672 scelus
254 2606 430 2669 mulieribus
453 2605 548 2665 suasit
569 2603 824 2665 meretricantium
853 2610 884 2667 et
906 2604 1037 2672 lomices
1061 2609 1209 2691 institnit,
1244 2629 1307 2672 rna-

130 2720 294 2792 lronasque
322 2713 397 2772 inire
430 2708 590 2789 compulit,
622 2708 703 2786 quod
725 2709 798 2770 satis
822 2708 1001 2788 Cypriorum
1024 2712 1210 2775 exsecranda
1234 2731 1307 2774 con-

131 2818 259 2881 suetudo
282 2820 312 2879 in
331 2816 426 2878 multa
448 2819 598 2894 protracta
622 2810 743 2874 saecula
757 2820 925 2891 protestata
948 2820 995 2874 est
1018 2826 1156 2886 servare,
1181 2820 1232 2894 qui
1257 2817 1308 2880 diu

130 2923 250 2983 mittere
274 2938 344 2981 suas
367 2921 499 2998 virgines
524 2917 562 2990 ad
582 2917 693 2989 littora,
717 2923 751 2978 ut
773 2916 940 2977 forensium
955 2924 1113 2979 uterentur
1135 2921 1306 2994 concubitu,

131 3030 162 3087 ot
183 3025 228 3084 sic
250 3023 370 3084 loturae
393 3024 539 3084 castitatis
561 3035 634 3082 suae
658 3022 799 3082 libamina
820 3021 1004 3101 persolvisse
1028 3017 1169 3083 videntur
1192 3025 1307 3087 Veneri

130 3132 161 3189 ot
192 3145 261 3188 suas
292 3129 324 3187 in
347 3127 466 3205 nuptias
496 3127 682 3206 quaesivisse
705 3125 813 3198 dotes;
850 3142 927 3204 quae
958 3124 1080 3203 quidem
1108 3128 1307 3191 abominanda

129 3231 254 3294 stultitia
282 3235 389 3309 postea
421 3231 589 3309 penetravit
621 3228 657 3291 ad
688 3229 793 3305 ltalos,
828 3247 898 3290 oum
933 3228 1071 3306 legantur
1102 3229 1225 3307 quidem
1244 3231 1305 3293 ,ie-

129 3338 207 3400 cisse
245 3337 436 3409 Locrenses,
473 3337 505 3398 id
542 3342 590 3398 est
638 3335 791 3398 Galabres.
851 3335 897 3396 lle
935 3334 1032 3414 Cypro
1069 3333 1189 3411 vulgata
1225 3334 1306 3397 lama

129 3449 197 3515 est,
235 3460 302 3503 eam
332 3442 410 3510 iorle
440 3447 535 3502 totam
573 3457 590 3502 a
623 3437 741 3502 Venere
772 3438 932 3511 inlectam,
972 3455 1027 3499 seu
1061 3438 1148 3498 coelo
1185 3446 1306 3517 agente,

127 3563 183 3610 seu
211 3548 269 3609 alio
292 3546 459 3608 incolarum
491 3547 563 3608 vitio
587 3544 663 3607 adeo
693 3547 725 3606 in
754 3561 899 3605 venerem
928 3559 1039 3622 prona,
1072 3548 1106 3602 ut
1128 3542 1305 3620 hospitium,

127 3651 245 3714 officina
275 3650 504 3728 fomentumque
536 3650 726 3713 lasciviarum
749 3655 780 3711 et
801 3649 990 3729 voluptatum
1011 3647 1146 3708 omnium
1160 3646 1307 3708 habeatur

127 3761 158 3817 et
181 3755 262 3835 quod
284 3754 375 3815 homo
405 3755 437 3815 in
459 3758 540 3814 terra
562 3753 755 3815 obdormiens
777 3770 838 3814 non
861 3759 979 3831 surgat,
1013 3753 1071 3812 nisi
1093 3748 1181 3811 loeda
1205 3748 1305 3829 pollu-

126 3863 209 3924 tione
231 3857 391 3919 resolutus.
431 3855 622 3934 Quapropter
642 3864 762 3935 veteres
784 3855 915 3917 insulam
937 3854 1019 3916 illam
1041 3855 1177 3916 totaliter
1191 3853 1306 3915 Veneri

126 3978 344 4028 consecravere
374 3974 502 4036 eamque
530 3957 660 4020 insulam
689 3960 920 4021 nominaverunt
948 3957 1086 4022 Venm's.
1131 3956 1194 4035 Ego
1229 3973 1303 4034 qua·

126 4066 197 4132 dam
218 4066 276 4129 alia
294 4066 361 4127 vice
375 4062 476 4126 locum
489 4040 640 4138 Paphum,
665 4065 816 4126 civitatem
832 4063 960 4126 Veneris
983 4069 1014 4125 et
1037 4063 1103 4142 ejus
1119 4065 1304 4138 viridarium,

24 4202 27 4207 ·
125 4152 167 4240 in*
180 4190 240 4257 quo
261 4187 342 4237 nuno
364 4167 496 4235 ecclesia
517 4165 621 4233 Sancti
641 4164 726 4233 l’aull
747 4172 822 4242 stat,
845 4173 877 4233 ot
889 4173 1042 4241 montena,
1064 4170 1097 4231 in
1119 4185 1212 4249 quern
1233 4173 1306 4247 post
