2902 4710
725 144 792 217 436
812 185 817 196 .

169 328 295 408 plumbo
309 343 424 389 earum
439 324 583 405 epistolas
599 325 768 404 signarent,
791 323 980 402 quodetiam
1002 321 1085 384 solus
1107 322 1242 400 pontifex
1264 338 1355 384 sum·

168 450 238 495 mus
260 432 362 494 facere
385 431 491 502 habet;
527 425 561 508 3)
585 428 687 490 eidem
708 427 778 489 duci
799 426 978 488 umbrellam
1000 427 1167 499 concessit,
1198 443 1288 504 quae-
1301 431 1354 486 est

169 541 380 597 ornamentum
403 534 506 612 galero
531 515 646 603 slmile;
687 525 720 609 4)
743 529 930 591 Venetorum
953 529 1023 592 duci
1044 532 1165 591 tertiam
1188 529 1295 591 sedem
1318 532 1353 591 in

167 638 287 700 theatro
310 637 376 701 lteri
396 636 489 707 fecit,
513 652 583 694 oum
604 635 688 713 prins
712 633 790 695 duae
812 639 929 694 tanturn
943 640 1048 694 essent
1062 635 1096 695 in
1108 651 1203 714 papae
1216 635 1351 708 theatro,

168 758 294 821 quarum
317 739 452 802 dextram
474 737 609 818 pontifex
630 754 781 808 snrnmus,
804 738 958 798 sinistram
980 754 1054 824 vero
1075 736 1188 799 Caesar
1208 745 1353 811 teneret;

167 840 203 924 5)
223 846 256 905 in
278 844 457 905 ascensione
478 841 599 902 Domini
622 841 654 901 in
676 838 806 901 ecclesia
829 839 861 900 S.
883 837 981 900 lllaroi
1002 841 1105 919 posuit
1126 842 1277 920 plenarias
1300 843 1353 919 inf

167 945 337 1024 dulgentias
352 945 508 1026 perpetuis
524 944 724 1022 temporibus.
754 944 792 1004 lit
806 945 971 1022 imperator
987 943 1141 1006 Conradns
1164 951 1352 1024 potestatem

168 1051 213 1113 eis
240 1048 326 1112 dedit
357 1047 488 1111 cudendi
511 1046 543 1109 et
573 1045 712 1126 signandi
742 1054 895 1109 monetam
924 1048 1086 1127 propriam.
1132 1050 1170 1111 Et
1194 1049 1349 1124 Nicolaus,

168 1151 266 1234 (221
288 1149 333 1241 α)
364 1150 454 1228 hujus
476 1152 606 1213 nominis
628 1149 668 1221 lll
702 1169 796 1231 papa,
831 1150 915 1213 dedit
931 1153 983 1222 ‚eis
1005 1159 1196 1233 potestatem·
1211 1132 1351 1234 signandi

167 1266 199 1321 et
221 1257 354 1322 cudendi
377 1257 513 1320 ducatos.
541 1255 578 1319 Et
592 1255 741 1317 lleinerus
755 1252 808 1318 48.
832 1255 899 1318 dur
914 1263 1040 1337 accepta
1058 1264 1209 1336 potestate
1231 1261 1351 1338 primus

166 1361 266 1425 ducali
286 1363 398 1423 birreto
421 1358 540 1426 frixium
564 1376 690 1442 aureum
711 1358 895 1421 honestandi
925 1361 1116 1440 magistratus
1143 1361 1264 1424 addidit.
1309 1365 1352 1426 lit

166 1465 270 1527 multis
293 1465 358 1526 aliis
381 1464 545 1543 privilegiis
569 1462 715 1542 gaudent,
740 1463 848 1543 quibus
870 1465 1087 1542 rempublicam
1111 1482 1198 1526 snam
1222 1483 1351 1527 consor·

165 1576 236 1631 vant
265 1575 297 1630 ct
317 1573 430 1629 terram
463 1584 606 1647 mareque
637 1573 736 1629 tutum
758 1569 976 1637 mercatoribus
1011 1569 1201 1649 caeterisque
1233 1577 1352 1632 morta-

166 1671 244 1732 libus
266 1669 407 1744 reddunt,
429 1676 463 1733 ut
482 1671 551 1750 jure
568 1669 694 1733 Venetis
717 1669 882 1750 optandum
904 1672 960 1744 sit,
983 1670 1210 1750 quodquidam
1232 1691 1270 1736 cx
1288 1692 1349 1734 no·

166 1777 241 1837 stria
260 1777 394 1843 carmine
415 1777 448 1837 in
471 1793 577 1837 eorum
599 1775 722 1837 laudern
743 1775 874 1837 futuram
897 1776 1008 1836 cecinit
1031 1774 1151 1836 dicens:
1263 1808 1267 1815 ·

374 1876 448 1931 Dum
465 1885 539 1930 mare
558 1876 717 1945 delphinos,
737 1877 800 1929 dum
816 1874 891 1928 coeli
905 1875 981 1947 clara
997 1877 1130 1946 tenebunt

375 1963 487 2030 Sidera,
507 1964 569 2016 dum
587 1968 682 2031 gratos
700 1963 782 2040 tellus
801 1961 876 2014 dabit
892 1960 1003 2014 humida
1020 1962 1131 2028 fruges,

374 2049 447 2101 Dum
466 2065 554 2116 genus
572 2049 716 2102 humanum
734 2064 784 2100 suu
803 2047 885 2115 deget
903 2048 1013 2111 saecula
1031 2048 1129 2114 terris,

376 2133 514 2202 Splendor
531 2134 582 2188 erit
599 2139 656 2187 toto
673 2134 805 2187 Venetam
824 2134 1016 2186 celeberrimus
1035 2150 1110 2192 aeuo.

252 2233 339 2307 ll‘anc=
357 2247 465 2307 urbem
486 2246 687 2326 pulcherrime
721 2251 752 2306 et
781 2222 989 2325 propriissime
1023 2243 1183 2324 effigiatam
1205 2245 1349 2321 invenies

165 2351 197 2411 iu
225 2349 407 2432 peregrinali
442 2331 600 2413 reverendi
635 2349 747 2410 domini
778 2347 885 2409 decani
914 2338 1062 2429 ecclesiae
1091 2340 1350 2432 Mogontinensis,

167 2452 281 2514 domini
303 2453 444 2515 videlicet
458 2451 624 2532 Bernhardi
647 2452 685 2514 de
701 2450 910 2512 Braitenbach.
942 2452 1003 2513 Sed
1027 2452 1263 2533 descriptionem
1280 2452 1350 2532 ejus

167 2557 203 2618 ab
228 2554 342 2639 origine
375 2576 473 2638 usque
504 2556 542 2620 ad
570 2557 628 2618 hoo
656 2539 779 2636 tempus
809 2562 947 2616 nostrum
969 2557 1160 2616 ornatissimo
1183 2557 1253 2617 stilo
1276 2557 1348 2619 vide

166 2662 198 2722 in
220 2663 376 2725 volumine
399 2660 445 2723 Μ.Ι
458 2655 581 2723 Antonii
597 2654 739 2724 Sabellici
753 2677 856 2722 rerum
871 2651 1056 2723 Venetarum
1072 2659 1107 2721 ab
1123 2660 1197 2721 urbe
1213 2659 1347 2746 condita.

337 2945 513 3018 Recessus
539 2945 650 3017 Farris
666 2934 800 3019 'Felicis
827 2944 929 3018 Fabri
956 2953 985 3017 a
1004 2900 1169 3020 Venetiia
1221 2902 1225 2907 ⁵

253 3144 310 3207 Dic
333 3144 439 3220 llllll,
470 3163 548 3227 quae
577 3153 625 3208 est
646 3145 769 3208 Antonii
792 3148 905 3209 abbatis
936 3147 1018 3222 dies,
1053 3156 1122 3211 ante
1152 3149 1253 3211 lucem
1282 3149 1347 3211 diei

165 3252 248 3315 venit
270 3249 309 3312 ad
331 3267 484 3335 cameram
505 3268 622 3325 meam,
654 3254 684 3314 in
709 3269 767 3331 qua
785 3251 940 3329 jacebam,
964 3252 1115 3316 lohannes
1138 3252 1263 3326 llltiller,
1289 3272 1346 3315 nc·

166 3358 296 3436 gotiator
319 3353 356 3417 de
379 3354 484 3430 Ulma,
518 3358 651 3418 excitans
681 3374 731 3418 me
755 3355 792 3417 ad
821 3373 987 3419 recessum.
1034 3359 1243 3421 conveneram
1263 3359 1347 3419 enim

166 3479 236 3522 cnm
259 3480 296 3522 eo
320 3460 357 3522 de
381 3478 505 3522 recessu
528 3468 557 3522 et
581 3462 650 3522 cum
669 3462 734 3522 aliis
758 3459 874 3547 duobus
901 3465 1120 3525 mercatoribus
1144 3462 1182 3524 de
1197 3463 1344 3542 Augusta.

164 3565 270 3628 Sumto
295 3574 396 3628 autem
419 3569 486 3628 cibo
513 3568 545 3628 in
564 3566 677 3628 fontioo
701 3565 899 3628 valefecimus
922 3566 1052 3630 dominis
1075 3567 1294 3628 mercatoribus
1315 3571 1347 3626 et
1389 3614 1391 3618 ,

164 3670 243 3731 notis
261 3671 366 3731 amicis
378 3672 499 3741 uostris,
515 3668 656 3732 dedomo
673 3669 710 3731 ad
722 3687 806 3730 mare
818 3668 1031 3732 descendimus
1047 3673 1077 3731 in
1094 3670 1347 3750 praedispositam

164 3773 286 3834 barcam
310 3781 339 3835 et
361 3777 392 3835 in
414 3765 538 3835 nominc
561 3775 682 3835 Domini
695 3793 763 3853 per
787 3775 891 3836 canale
915 3782 1061 3837 exeuntes
1084 3777 1237 3837 civitatem
1259 3780 1346 3852 post·

163 3878 349 3955 tergavimus
371 3858 582 3949 venetiarum
618 3877 755 3939 adlatus
780 3885 880 3939 autem
904 3881 1043 3941 venimus
1065 3880 1202 3951 lucillae,
1232 3878 1263 3938 in
1287 3895 1348 3957 qua

165 3981 384 4040 monasterium
406 3980 583 4040 monialium
605 3987 653 4041 est
676 3983 781 4060 situm,
813 3982 894 4062 quod
917 3982 1027 4046 dicitur
1050 3982 1089 4044 ad
1112 3982 1144 4043 S.
1168 3981 1347 4054 lohannem,

164 4082 216 4144 ubi
238 4082 411 4145 referebant
433 4084 505 4145 mihi
522 4090 729 4158 mercatores,
764 4087 844 4165 quod
867 4088 987 4167 publica
1010 4086 1090 4148 fama
1113 4088 1262 4148 universis
1286 4085 1348 4148 Ve-

163 4188 244 4251 netia
263 4192 370 4249 uotum
392 4189 449 4261 sit,
480 4186 563 4267 quod
585 4188 737 4269 quondam
764 4192 898 4271 piscator
920 4191 1045 4270 quidam
1075 4190 1256 4255 monialibus
1278 4191 1349 4254 istis
