2874 4770
711 269 758 338 33

143 441 181 505 (16
204 444 314 505 itinere
337 448 442 503 nostro
475 447 507 502 et
536 442 667 504 libenter
688 442 801 505 audivit
822 463 889 506 nos.
934 445 1191 524 interrogavimus
1213 453 1243 507 et
1266 465 1323 508 nos

143 564 215 606 eum
238 545 276 606 de
298 545 424 607 navibus
447 543 672 616 Alexandrinis,
702 565 740 606 an
763 549 824 606 cito
845 565 1023 608 recessurae
1052 547 1181 609 essent?
1215 548 1251 608 lit
1275 553 1321 609 iu·

142 647 314 715 telleximus
337 647 373 707 ab
397 666 449 719 eo,
472 647 554 724 quod
575 649 607 708 in
630 646 745 708 eisdem
768 650 894 710 naribus
919 652 950 710 in
972 648 1089 711 ltaliam
1111 655 1252 728 navigare
1275 655 1322 711 in·

140 749 298 821 tenderet,
322 749 360 811 de
384 767 444 829 quo
466 749 569 813 laetati
591 768 711 820 sumus,
735 753 806 828 quia
828 756 956 814 maxime
979 757 1148 823 timuimus,
1172 752 1254 830 quod
1268 771 1323 814 cas

139 852 380 930 negligeremus,
411 858 444 912 ut
473 858 558 930 patet
588 870 679 931 snpra
701 852 754 912 iol.
778 849 831 918 56.
854 856 882 916 b.
927 854 1182 934 Interrogarimns
1210 855 1322 915 deinde

137 956 255 1026 virum,
286 971 324 1014 an
346 972 469 1033 semper
490 957 520 1014 in
545 955 597 1015 illa
618 954 694 1015 urbe
716 955 858 1034 degeret,
888 959 925 1019 et'
941 958 1113 1048 respondit,
1145 957 1226 1035 quod
1249 976 1320 1028 non,

138 1055 326 1129 sed'vestri,
348 1059 460 1136 inquit,
483 1055 643 1120 Teutonici
658 1067 846 1120 mercatores
860 1060 998 1122 lecerunt
1013 1080 1063 1122 me
1085 1078 1166 1119 nnnc
1188 1058 1227 1119 de
1248 1061 1320 1119 Alc·

138 1158 262 1220 xandria
283 1161 315 1219 in
337 1159 458 1221 Cairum
481 1154 527 1221 ad
542 1159 709 1220 Soldannm
732 1144 1010 1233 ascendere,'nam
1032 1166 1091 1241 ipsi
1114 1165 1239 1222 veniunt
1258 1161 1319 1222 ve-

136 1263 236 1322 netias
267 1268 299 1322 61
330 1264 452 1340 species
483 1264 661 1323 aromaticas
691 1266 833 1343 recipere
853 1281 870 1323 a
892 1265 980 1326 nobis
1008 1266 1131 1335 nolunt,
1158 1267 1217 1323 nisi
1247 1281 1321 1341 pnr-

137 1369 224 1440 gatas
248 1371 279 1424 et
302 1363 416 1425 electas
445 1372 477 1425 et
508 1367 687 1443 exquisitas,
720 1373 752 1427 et
775 1365 921 1444 quidquid
944 1370 990 1428 eis
1023 1385 1085 1428 non
1116 1367 1216 1445 placet
1246 1365 1319 1441 reji-

136 1467 239 1537 ciunt,
275 1484 331 1526 uos
358 1484 432 1528 vero
465 1469 496 1526 in
518 1465 699 1528 Alexandria
730 1471 867 1548 cogimur
893 1472 1034 1548 recipere
1056 1486 1150 1529 nares
1172 1468 1318 1546 plenas·

135 1568 325 1639 sarracenis,
349 1570 415 1629 sine
437 1572 616 1649 purgatione
640 1578 673 1630 et
695 1572 761 1631 sine
785 1572 952 1642 electione,
975 1589 1033 1630 nec
1054 1573 1156 1632 sinunt
1186 1588 1242 1630 nos
1262 1570 1317 1630 ali·

135 1670 209 1748 quid
231 1670 375 1748 rejicere,
398 1672 453 1733 scd
476 1675 556 1732 sicut
578 1671 618 1732 de
646 1669 731 1732 ludia
761 1676 905 1744 veniunt,
937 1676 983 1734 sic
1012 1682 1132 1750 oportet
1164 1677 1315 1751 accipere,

135 1792 195 1834 nec
217 1775 408 1852 permittunt,
430 1781 463 1835 ut
484 1774 642 1835 videamus
655 1779 755 1853 prius,
778 1794 870 1853 qnam
885 1792 1031 1836 emamus.
1076 1777 1152 1835 Sum
1167 1793 1240 1853 ergo
1256 1776 1316 1845 hic,

133 1884 169 1938 ut
202 1877 405 1954 querimonias
435 1895 604 1956 proponam
639 1881 704 1956 regi
732 1879 878 1949 Soldano,
908 1887 971 1938 tarn
1001 1885 1104 1938 contra
1133 1876 1316 1948 Orientales,

135 1998 228 2058 quam
252 1986 356 2066 contra
379 1977 604 2040 Occidentales.
650 1982 762 2044 Contra
785 1979 958 2042 Orientales
980 1978 1120 2058 quidem,
1151 1983 1221 2058 quia
1243 1980 1315 2042 dant

133 2084 222 2146 nobis
245 2085 367 2164 species
397 2083 520 2142 inutiles
549 2100 607 2143 nec
638 2086 758 2157 volunt,
786 2093 820 2145 nt
850 2100 903 2142 eas
936 2084 1114 2161 probemus;
1148 2089 1180 2142 et
1210 2090 1315 2143 contra

134 2185 364 2256 Occidentales,
397 2187 467 2263 quia
494 2184 639 2246 uolunta
662 2187 749 2247 nobis
778 2189 917 2264 recipere
947 2189 1007 2246 uisi
1030 2188 1151 2263 species
1172 2184 1313 2262 probatas

133 2296 166 2367 61
187 2290 310 2350 6166166.
356 2287 403 2348 116
426 2287 474 2362 his
498 2286 548 2348 diu
573 2304 643 2348 cum
664 2292 729 2349 tiro
752 2289 953 2358 contulimus,
978 2296 1042 2348 erat
1066 2290 1148 2347 enirn
1170 2291 1216 2347 rir
1237 2289 1312 2346 ami·

133 2392 237 2452 cabilis
260 2397 292 2451 61
313 2389 401 2452 valde
424 2389 596 2452 veneranda
619 2393 729 2450 canitie
752 2397 892 2461 umatus,
922 2391 1041 2468 longam
1064 2389 1168 2449 babuit
1190 2390 1313 2451 barbam

134 2499 166 2552 et
187 2493 321 2553 frontem
346 2491 463 2554 calvitie
486 2492 667 2572 depilatum,
690 2510 768 2569 qnae
787 2492 923 2552 calritms
950 2511 1021 2554 eum
1036 2493 1201 2569 plurimum
1216 2492 1310 2552 bonc-

131 2597 232 2659 stabat
254 2601 286 2658 et
307 2595 477 2657 decorabat.
522 2595 559 2655 lit
587 2612 644 2674 ego
675 2614 736 2655 nou
768 2593 889 2663 dubito,
918 2596 945 2653 si
967 2593 1107 2653 Caesaris
1134 2597 1225 2672 primi
1248 2594 1310 2655 cal·

129 2701 221 2762 vities
244 2701 289 2760 sic
313 2716 384 2788 eurp
405 2695 598 2769 decorasset,
632 2716 693 2759 nou
722 2704 839 2758 tanturn
861 2695 941 2774 apud
963 2703 1120 2756 senatores
1142 2696 1309 2757 laborasset

129 2819 186 2888 pro
210 2800 372 2863 obtinenda
394 2806 541 2880 perpetua
562 2801 665 2863 laurea
687 2799 725 2862 ad
748 2798 970 2876 contegendam
992 2798 1152 2859 calvitiem.
1197 2799 1230 2859 Si
1245 2798 1309 2858 lec·

130 2907 189 2965 tori
211 2904 312 2984 placet
333 2903 437 2984 legere
459 2903 498 2966 de
522 2903 637 2975 Calvis,
668 2921 798 2983 quorum
825 2902 926 2963 fautor
959 2920 1017 2981 ego
1038 2919 1123 2971 sum,
1154 2900 1253 2962 rideat
1276 2899 1307 2961 P.

132 3002 160 3068 1.
184 3005 236 3069 iol.
252 3002 327 3070 203.
346 3003 381 3066 B.
425 3004 496 3069 Fuit
509 3008 601 3067 etiam
615 3010 661 3069 vir
675 3016 856 3087 personatus
871 3014 902 3065 et
918 3005 1080 3083 eloquens,
1102 3003 1191 3082 longa
1204 3005 1308 3066 tonica

129 3109 168 3170 de
192 3111 285 3172 rubeo
307 3109 459 3170 Damasco
481 3108 619 3179 indutus,
651 3117 682 3169 et
704 3110 804 3170 mulus
827 3106 912 3184 ejus,
939 3110 1053 3185 inquo
1076 3123 1132 3185 per
1154 3109 1307 3167 6111161616

127 3211 205 3285 ibat,
240 3211 364 3292 phalera
386 3213 485 3273 semea
507 3218 608 3272 tectus
631 3220 705 3272 erat.
750 3211 838 3273 llurrc
860 3213 958 3271 virum
980 3209 1040 3270 ridi
1064 3206 1142 3269 xut
1164 3209 1215 3270 die
1238 3215 1307 3289 post

127 3314 187 3375 hoc
219 3313 317 3375 scindi
352 3332 409 3393 per
442 3312 577 3375 medinm
615 3321 647 3373 et
675 3316 845 3376 exenterari
876 3316 955 3374 sieut
986 3315 1104 3390 piscem
1143 3318 1174 3371 et
1205 3312 1306 3371 omnia

126 3419 272 3478 interiora
295 3415 361 3493 ejus
383 3415 507 3496 projici,
530 3423 564 3477 ut
584 3415 700 3494 patebit
714 3416 767 3475 tol.
787 3415 848 3492 trs
865 3433 891 3475 a,
923 3412 1209 3475 Commendariurus
1232 3431 1305 3491 ergo

125 3539 183 3582 nos
207 3522 254 3591 ei,
278 3526 310 3580 61
331 3520 370 3582 ad
391 3518 515 3581 domum
537 3525 672 3578 nostram
695 3521 810 3578 reversi
833 3534 948 3577 sumus,

212 3622 285 3683 Post
306 3619 571 3701 prandiumducti
593 3638 699 3682 sumus
721 3623 753 3681 in
775 3622 891 3681 curiam
912 3620 965 3681 tilii
989 3621 1070 3697 regis
1092 3617 1225 3689 Siciliae,
1248 3621 1301 3698 qni

124 3726 248 3788 curialis
272 3732 320 3786 cst
341 3724 456 3786 domiui
488 3725 569 3803 regis
592 3721 715 3783 Soldani
745 3720 819 3799 (8ss
832 3722 877 3801 a)
910 3723 962 3783 illo
985 3730 1138 3800 tempore,
1171 3728 1203 3781 et
1232 3739 1303 3782 coru

123 3828 191 3890 aliis
205 3826 385 3890 Mamalucis
401 3834 556 3908 comparet
569 3826 652 3886 horis
675 3826 795 3885 statutis
817 3834 886 3886 ante
910 3824 1091 3893 Soldanunr,
1115 3841 1175 3884 non
1199 3831 1302 3885 taruco

123 3932 326 4011 abnegaverat
348 3932 458 4002 tidem,
488 3949 547 3991 nec
569 3924 808 3990 Mamalueoruru
831 3933 929 4006 portat
952 3933 1088 3997 restem,
1119 3925 1176 3985 sed
1205 3927 1300 3986 ruani-

122 4034 224 4111 festus
245 4034 420 4096 Catholicus
442 4021 500 4093 luit
522 4049 592 4092 cum
614 4031 753 4090 omnibus
776 4031 872 4089 sen-is
894 4030 974 4099 suis;
1007 4027 1088 4089 bunc
1111 4035 1196 4108 pater
1218 4044 1301 4098 suus,

122 4153 177 4198 rex
197 4127 432 4217 Neapolitanus,
455 4136 537 4195 misit
559 4132 597 4194 ad
618 4131 814 4195 serviendum
835 4133 901 4210 regi
924 4128 1073 4201 Soldaao,
1096 4149 1150 4211 pro
1170 4128 1300 4220 quadam

124 4238 227 4318 gloria.
240 4239 411 4305 samum·
445 4217 552 4299 lnilla
573 4239 657 4300 curia
677 4237 809 4300 vidimus
833 4234 986 4298 mirabiles
999 4231 1112 4295 bestias
1149 4240 1182 4295 et
1195 4235 1299 4295 simias

1047 4350 1065 4402 3
