<?xml version="1.0" encoding="UTF-8"?>
<!DOCTYPE html PUBLIC "-//W3C//DTD XHTML 1.0 Transitional//EN"
    "http://www.w3.org/TR/xhtml1/DTD/xhtml1-transitional.dtd">
<html xmlns="http://www.w3.org/1999/xhtml" xml:lang="en" lang="en">
 <head>
  <title>
</title>
<meta http-equiv="Content-Type" content="text/html;charset=utf-8" />
  <meta name='ocr-system' content='tesseract 3.04.00' />
  <meta name='ocr-capabilities' content='ocr_page ocr_carea ocr_par ocr_line ocrx_word'/>
</head>
<body>
  <div class='ocr_page' id='page_1' title='image "./fratrisfelicisf00fabrgoog_0371.png"; bbox 0 0 2902 4710; ppageno 0'>
   <div class='ocr_carea' id='block_1_1' title="bbox 267 1527 1288 1651">
    <p class='ocr_par' dir='ltr' id='par_1_1' title="bbox 267 1527 1288 1651">
     <span class='ocr_line' id='line_1_1' title="bbox 267 1527 1288 1651; baseline -0.009 -19"><span class='ocrx_word' id='word_1_1' title='bbox 267 1537 442 1632; x_wconf 79' lang='lat' dir='ltr'>INCIPIT</span> <span class='ocrx_word' id='word_1_2' title='bbox 468 1535 524 1629; x_wconf 89' lang='lat' dir='ltr'>XI</span> <span class='ocrx_word' id='word_1_3' title='bbox 549 1529 820 1630; x_wconf 71' lang='lat' dir='ltr'>amolitus</span> <span class='ocrx_word' id='word_1_4' title='bbox 846 1527 1014 1625; x_wconf 76' lang='lat' dir='ltr'>uulsis</span> <span class='ocrx_word' id='word_1_5' title='bbox 1039 1528 1288 1651; x_wconf 79' lang='lat' dir='ltr'>IANUARII,</span> 
     </span>
    </p>
   </div>
   <div class='ocr_carea' id='block_1_2' title="bbox 189 1762 1370 2017">
    <p class='ocr_par' dir='ltr' id='par_1_2' title="bbox 189 1762 1370 2017">
     <span class='ocr_line' id='line_1_2' title="bbox 189 1762 1370 1884; baseline -0.006 -15"><span class='ocrx_word' id='word_1_6' title='bbox 189 1796 368 1870; x_wconf 89' lang='lat' dir='ltr'>continens</span> <span class='ocrx_word' id='word_1_7' title='bbox 383 1796 489 1866; x_wconf 87' lang='lat' dir='ltr'>tinen</span> <span class='ocrx_word' id='word_1_8' title='bbox 508 1762 798 1884; x_wconf 83' lang='lat' dir='ltr'>peregrinationis</span> <span class='ocrx_word' id='word_1_9' title='bbox 819 1788 925 1883; x_wconf 88' lang='lat' dir='ltr'>totius</span> <span class='ocrx_word' id='word_1_10' title='bbox 944 1790 980 1863; x_wconf 85' lang='lat' dir='ltr'>at</span> <span class='ocrx_word' id='word_1_11' title='bbox 999 1787 1183 1862; x_wconf 87' lang='lat' dir='ltr'>terminum</span> <span class='ocrx_word' id='word_1_12' title='bbox 1204 1786 1370 1862; x_wconf 86' lang='lat' dir='ltr'>laborum</span> 
     </span>
     <span class='ocr_line' id='line_1_3' title="bbox 645 1912 902 2017; baseline -0.004 -32"><span class='ocrx_word' id='word_1_13' title='bbox 645 1918 679 2017; x_wconf 83' lang='lat' dir='ltr'>et</span> <span class='ocrx_word' id='word_1_14' title='bbox 706 1912 902 2004; x_wconf 87' lang='lat' dir='ltr'>sequentia.</span> 
     </span>
    </p>
   </div>
   <div class='ocr_carea' id='block_1_3' title="bbox 144 2160 1370 4224">
    <p class='ocr_par' dir='ltr' id='par_1_3' title="bbox 144 2160 1370 4224">
     <span class='ocr_line' id='line_1_4' title="bbox 291 2160 1366 2250; baseline 0.002 -20"><span class='ocrx_word' id='word_1_15' title='bbox 291 2160 453 2234; x_wconf 83' lang='lat' dir='ltr'>lanuarias</span> <span class='ocrx_word' id='word_1_16' title='bbox 475 2170 545 2231; x_wconf 78' lang='lat' dir='ltr'>felir</span> <span class='ocrx_word' id='word_1_17' title='bbox 567 2170 681 2250; x_wconf 88' lang='lat' dir='ltr'>primus</span> <span class='ocrx_word' id='word_1_18' title='bbox 704 2171 773 2231; x_wconf 90' lang='lat' dir='ltr'>anni</span> <span class='ocrx_word' id='word_1_19' title='bbox 789 2171 903 2246; x_wconf 79' lang='lat' dir='ltr'>mensis</span> <span class='ocrx_word' id='word_1_20' title='bbox 918 2167 1000 2229; x_wconf 85' lang='lat' dir='ltr'>dlem</span> <span class='ocrx_word' id='word_1_21' title='bbox 1015 2167 1136 2247; x_wconf 75' lang='lat' dir='ltr'>ielieern</span> <span class='ocrx_word' id='word_1_22' title='bbox 1151 2169 1238 2231; x_wconf 90' lang='lat' dir='ltr'>nobis</span> <span class='ocrx_word' id='word_1_23' title='bbox 1255 2171 1366 2244; x_wconf 86' lang='lat' dir='ltr'>attolit,</span> 
     </span>
     <span class='ocr_line' id='line_1_5' title="bbox 187 2271 1370 2353; baseline -0.001 -16"><span class='ocrx_word' id='word_1_24' title='bbox 187 2275 240 2338; x_wconf 86' lang='lat' dir='ltr'>sed</span> <span class='ocrx_word' id='word_1_25' title='bbox 264 2284 372 2339; x_wconf 88' lang='lat' dir='ltr'>ventus</span> <span class='ocrx_word' id='word_1_26' title='bbox 396 2277 562 2338; x_wconf 78' lang='lat' dir='ltr'>nontrarIus</span> <span class='ocrx_word' id='word_1_27' title='bbox 594 2276 705 2335; x_wconf 89' lang='lat' dir='ltr'>mansit</span> <span class='ocrx_word' id='word_1_28' title='bbox 735 2281 767 2335; x_wconf 90' lang='lat' dir='ltr'>et</span> <span class='ocrx_word' id='word_1_29' title='bbox 788 2276 922 2353; x_wconf 85' lang='lat' dir='ltr'>inquieta</span> <span class='ocrx_word' id='word_1_30' title='bbox 953 2271 1035 2336; x_wconf 83' lang='lat' dir='ltr'>flavit</span> <span class='ocrx_word' id='word_1_31' title='bbox 1059 2275 1168 2346; x_wconf 87' lang='lat' dir='ltr'>borea;</span> <span class='ocrx_word' id='word_1_32' title='bbox 1205 2280 1370 2336; x_wconf 75' lang='lat' dir='ltr'>ntannm</span> 
     </span>
     <span class='ocr_line' id='line_1_6' title="bbox 186 2376 1368 2457; baseline -0.002 -15"><span class='ocrx_word' id='word_1_33' title='bbox 186 2383 232 2442; x_wconf 91' lang='lat' dir='ltr'>sol</span> <span class='ocrx_word' id='word_1_34' title='bbox 255 2388 339 2443; x_wconf 85' lang='lat' dir='ltr'>ortus</span> <span class='ocrx_word' id='word_1_35' title='bbox 362 2387 427 2453; x_wconf 89' lang='lat' dir='ltr'>est,</span> <span class='ocrx_word' id='word_1_36' title='bbox 451 2380 590 2441; x_wconf 89' lang='lat' dir='ltr'>dominus</span> <span class='ocrx_word' id='word_1_37' title='bbox 608 2377 762 2440; x_wconf 84' lang='lat' dir='ltr'>lohannes</span> <span class='ocrx_word' id='word_1_38' title='bbox 786 2385 818 2439; x_wconf 91' lang='lat' dir='ltr'>et</span> <span class='ocrx_word' id='word_1_39' title='bbox 842 2395 899 2457; x_wconf 88' lang='lat' dir='ltr'>ego</span> <span class='ocrx_word' id='word_1_40' title='bbox 924 2384 1049 2457; x_wconf 84' lang='lat' dir='ltr'>aeoepto</span> <span class='ocrx_word' id='word_1_41' title='bbox 1077 2379 1190 2440; x_wconf 89' lang='lat' dir='ltr'>missali</span> <span class='ocrx_word' id='word_1_42' title='bbox 1220 2376 1258 2439; x_wconf 87' lang='lat' dir='ltr'>ad</span> <span class='ocrx_word' id='word_1_43' title='bbox 1281 2379 1368 2440; x_wconf 88' lang='lat' dir='ltr'>littus</span> 
     </span>
     <span class='ocr_line' id='line_1_7' title="bbox 185 2482 1367 2563; baseline -0.001 -18"><span class='ocrx_word' id='word_1_44' title='bbox 185 2487 389 2563; x_wconf 77' lang='lat' dir='ltr'>navigavimus</span> <span class='ocrx_word' id='word_1_45' title='bbox 412 2491 443 2546; x_wconf 90' lang='lat' dir='ltr'>et</span> <span class='ocrx_word' id='word_1_46' title='bbox 466 2501 594 2544; x_wconf 85' lang='lat' dir='ltr'>ascenso</span> <span class='ocrx_word' id='word_1_47' title='bbox 617 2489 721 2544; x_wconf 89' lang='lat' dir='ltr'>monte</span> <span class='ocrx_word' id='word_1_48' title='bbox 745 2483 775 2542; x_wconf 90' lang='lat' dir='ltr'>io</span> <span class='ocrx_word' id='word_1_49' title='bbox 793 2483 956 2543; x_wconf 81' lang='lat' dir='ltr'>ecelesIam</span> <span class='ocrx_word' id='word_1_50' title='bbox 971 2483 1099 2553; x_wconf 82' lang='lat' dir='ltr'>fratrum</span> <span class='ocrx_word' id='word_1_51' title='bbox 1114 2482 1222 2544; x_wconf 86' lang='lat' dir='ltr'>tertiae</span> <span class='ocrx_word' id='word_1_52' title='bbox 1239 2482 1367 2562; x_wconf 83' lang='lat' dir='ltr'>regulae</span> 
     </span>
     <span class='ocr_line' id='line_1_8' title="bbox 186 2585 1368 2666; baseline -0.001 -17"><span class='ocrx_word' id='word_1_53' title='bbox 186 2590 282 2650; x_wconf 85' lang='lat' dir='ltr'>sancti</span> <span class='ocrx_word' id='word_1_54' title='bbox 299 2589 461 2660; x_wconf 82' lang='lat' dir='ltr'>Francisci,</span> <span class='ocrx_word' id='word_1_55' title='bbox 485 2587 522 2648; x_wconf 90' lang='lat' dir='ltr'>de</span> <span class='ocrx_word' id='word_1_56' title='bbox 547 2604 606 2666; x_wconf 89' lang='lat' dir='ltr'>quo</span> <span class='ocrx_word' id='word_1_57' title='bbox 630 2586 812 2666; x_wconf 87' lang='lat' dir='ltr'>supradixi,</span> <span class='ocrx_word' id='word_1_58' title='bbox 836 2587 1028 2647; x_wconf 81' lang='lat' dir='ltr'>transivaus</span> <span class='ocrx_word' id='word_1_59' title='bbox 1052 2592 1083 2646; x_wconf 85' lang='lat' dir='ltr'>et</span> <span class='ocrx_word' id='word_1_60' title='bbox 1098 2585 1135 2647; x_wconf 89' lang='lat' dir='ltr'>ad</span> <span class='ocrx_word' id='word_1_61' title='bbox 1151 2585 1368 2648; x_wconf 80' lang='lat' dir='ltr'>celebrandurn</span> 
     </span>
     <span class='ocr_line' id='line_1_9' title="bbox 185 2689 1367 2772; baseline 0.001 -19"><span class='ocrx_word' id='word_1_62' title='bbox 185 2690 299 2754; x_wconf 89' lang='lat' dir='ltr'>Missas</span> <span class='ocrx_word' id='word_1_63' title='bbox 322 2710 376 2752; x_wconf 91' lang='lat' dir='ltr'>nos</span> <span class='ocrx_word' id='word_1_64' title='bbox 393 2692 607 2772; x_wconf 86' lang='lat' dir='ltr'>disposuimus.</span> <span class='ocrx_word' id='word_1_65' title='bbox 639 2689 728 2752; x_wconf 88' lang='lat' dir='ltr'>Multi</span> <span class='ocrx_word' id='word_1_66' title='bbox 752 2697 852 2751; x_wconf 89' lang='lat' dir='ltr'>antem</span> <span class='ocrx_word' id='word_1_67' title='bbox 869 2689 907 2752; x_wconf 88' lang='lat' dir='ltr'>de</span> <span class='ocrx_word' id='word_1_68' title='bbox 923 2692 1048 2752; x_wconf 86' lang='lat' dir='ltr'>navibus</span> <span class='ocrx_word' id='word_1_69' title='bbox 1065 2697 1212 2753; x_wconf 87' lang='lat' dir='ltr'>venerunt</span> <span class='ocrx_word' id='word_1_70' title='bbox 1227 2691 1367 2770; x_wconf 83' lang='lat' dir='ltr'>galeatae</span> 
     </span>
     <span class='ocr_line' id='line_1_10' title="bbox 186 2793 1367 2874; baseline 0.003 -20"><span class='ocrx_word' id='word_1_71' title='bbox 186 2813 355 2874; x_wconf 84' lang='lat' dir='ltr'>pauperes,</span> <span class='ocrx_word' id='word_1_72' title='bbox 381 2794 418 2856; x_wconf 87' lang='lat' dir='ltr'>de</span> <span class='ocrx_word' id='word_1_73' title='bbox 441 2795 611 2856; x_wconf 80' lang='lat' dir='ltr'>sentilomis</span> <span class='ocrx_word' id='word_1_74' title='bbox 633 2811 706 2857; x_wconf 84' lang='lat' dir='ltr'>vero</span> <span class='ocrx_word' id='word_1_75' title='bbox 731 2800 763 2854; x_wconf 91' lang='lat' dir='ltr'>et</span> <span class='ocrx_word' id='word_1_76' title='bbox 785 2793 1033 2872; x_wconf 76' lang='lat' dir='ltr'>gubernatoribus</span> <span class='ocrx_word' id='word_1_77' title='bbox 1055 2793 1155 2855; x_wconf 92' lang='lat' dir='ltr'>nullus</span> <span class='ocrx_word' id='word_1_78' title='bbox 1178 2797 1367 2873; x_wconf 76' lang='lat' dir='ltr'>comparui13</span> 
     </span>
     <span class='ocr_line' id='line_1_11' title="bbox 186 2895 1367 2982; baseline 0.002 -25"><span class='ocrx_word' id='word_1_79' title='bbox 186 2898 273 2958; x_wconf 81' lang='lat' dir='ltr'>inulti</span> <span class='ocrx_word' id='word_1_80' title='bbox 295 2905 397 2959; x_wconf 90' lang='lat' dir='ltr'>autern</span> <span class='ocrx_word' id='word_1_81' title='bbox 419 2899 577 2975; x_wconf 89' lang='lat' dir='ltr'>utriusque</span> <span class='ocrx_word' id='word_1_82' title='bbox 599 2915 689 2959; x_wconf 86' lang='lat' dir='ltr'>serus</span> <span class='ocrx_word' id='word_1_83' title='bbox 705 2897 860 2959; x_wconf 80' lang='lat' dir='ltr'>Dalmatae</span> <span class='ocrx_word' id='word_1_84' title='bbox 880 2900 913 2966; x_wconf 64' lang='lat' dir='ltr'>,in</span> <span class='ocrx_word' id='word_1_85' title='bbox 937 2898 1066 2982; x_wconf 78' lang='lat' dir='ltr'>ecelesia</span> <span class='ocrx_word' id='word_1_86' title='bbox 1089 2895 1240 2977; x_wconf 83' lang='lat' dir='ltr'>affuerunt</span> <span class='ocrx_word' id='word_1_87' title='bbox 1261 2895 1367 2960; x_wconf 84' lang='lat' dir='ltr'>Missis</span> 
     </span>
     <span class='ocr_line' id='line_1_12' title="bbox 186 2998 1368 3079; baseline 0.005 -19"><span class='ocrx_word' id='word_1_88' title='bbox 186 3003 308 3061; x_wconf 87' lang='lat' dir='ltr'>nostris.</span> <span class='ocrx_word' id='word_1_89' title='bbox 353 2999 466 3061; x_wconf 88' lang='lat' dir='ltr'>Verum</span> <span class='ocrx_word' id='word_1_90' title='bbox 489 3000 575 3060; x_wconf 91' lang='lat' dir='ltr'>nobis</span> <span class='ocrx_word' id='word_1_91' title='bbox 597 2998 708 3061; x_wconf 85' lang='lat' dir='ltr'>Missas</span> <span class='ocrx_word' id='word_1_92' title='bbox 730 3000 901 3079; x_wconf 91' lang='lat' dir='ltr'>legentibus</span> <span class='ocrx_word' id='word_1_93' title='bbox 926 3002 1079 3065; x_wconf 84' lang='lat' dir='ltr'>Dalmatae</span> <span class='ocrx_word' id='word_1_94' title='bbox 1102 3010 1368 3066; x_wconf 84' lang='lat' dir='ltr'>murmuraverunt</span> 
     </span>
     <span class='ocr_line' id='line_1_13' title="bbox 144 3103 1365 3185; baseline 0.008 -26"><span class='ocrx_word' id='word_1_95' title='bbox 144 3154 147 3159; x_wconf 83' lang='lat'><em>.</em></span> <span class='ocrx_word' id='word_1_96' title='bbox 186 3122 241 3182; x_wconf 91' lang='lat' dir='ltr'>pro</span> <span class='ocrx_word' id='word_1_97' title='bbox 265 3123 320 3175; x_wconf 86' lang='lat' dir='ltr'>en,</span> <span class='ocrx_word' id='word_1_98' title='bbox 346 3104 426 3182; x_wconf 86' lang='lat' dir='ltr'>quod</span> <span class='ocrx_word' id='word_1_99' title='bbox 448 3105 480 3163; x_wconf 91' lang='lat' dir='ltr'>in</span> <span class='ocrx_word' id='word_1_100' title='bbox 502 3103 603 3180; x_wconf 88' lang='lat' dir='ltr'>lingua</span> <span class='ocrx_word' id='word_1_101' title='bbox 627 3106 670 3164; x_wconf 91' lang='lat' dir='ltr'>eis</span> <span class='ocrx_word' id='word_1_102' title='bbox 694 3123 753 3165; x_wconf 93' lang='lat' dir='ltr'>non</span> <span class='ocrx_word' id='word_1_103' title='bbox 776 3106 959 3185; x_wconf 83' lang='lat' dir='ltr'>intelligibili</span> <span class='ocrx_word' id='word_1_104' title='bbox 981 3106 1169 3185; x_wconf 84' lang='lat' dir='ltr'>legeramus,</span> <span class='ocrx_word' id='word_1_105' title='bbox 1194 3123 1365 3170; x_wconf 78' lang='lat' dir='ltr'>consueve-</span> 
     </span>
     <span class='ocr_line' id='line_1_14' title="bbox 185 3206 1366 3289; baseline 0.003 -21"><span class='ocrx_word' id='word_1_106' title='bbox 185 3215 255 3270; x_wconf 89' lang='lat' dir='ltr'>runt</span> <span class='ocrx_word' id='word_1_107' title='bbox 277 3211 359 3268; x_wconf 89' lang='lat' dir='ltr'>enirn</span> <span class='ocrx_word' id='word_1_108' title='bbox 382 3206 493 3271; x_wconf 90' lang='lat' dir='ltr'>Missas</span> <span class='ocrx_word' id='word_1_109' title='bbox 521 3210 552 3268; x_wconf 90' lang='lat' dir='ltr'>in</span> <span class='ocrx_word' id='word_1_110' title='bbox 586 3209 746 3270; x_wconf 83' lang='lat' dir='ltr'>vernacula</span> <span class='ocrx_word' id='word_1_111' title='bbox 770 3207 873 3270; x_wconf 87' lang='lat' dir='ltr'>audire</span> <span class='ocrx_word' id='word_1_112' title='bbox 908 3217 939 3272; x_wconf 88' lang='lat' dir='ltr'>et</span> <span class='ocrx_word' id='word_1_113' title='bbox 968 3210 1113 3289; x_wconf 85' lang='lat' dir='ltr'>putabant</span> <span class='ocrx_word' id='word_1_114' title='bbox 1143 3210 1221 3271; x_wconf 89' lang='lat' dir='ltr'>male</span> <span class='ocrx_word' id='word_1_115' title='bbox 1251 3217 1366 3283; x_wconf 86' lang='lat' dir='ltr'>aetum,</span> 
     </span>
     <span class='ocr_line' id='line_1_15' title="bbox 186 3311 1365 3394; baseline 0.001 -20"><span class='ocrx_word' id='word_1_116' title='bbox 186 3312 319 3391; x_wconf 82' lang='lat' dir='ltr'>quodie</span> <span class='ocrx_word' id='word_1_117' title='bbox 344 3332 448 3374; x_wconf 89' lang='lat' dir='ltr'>eorum</span> <span class='ocrx_word' id='word_1_118' title='bbox 472 3312 601 3374; x_wconf 85' lang='lat' dir='ltr'>ecelesia</span> <span class='ocrx_word' id='word_1_119' title='bbox 624 3313 655 3372; x_wconf 90' lang='lat' dir='ltr'>ln</span> <span class='ocrx_word' id='word_1_120' title='bbox 680 3313 736 3373; x_wconf 89' lang='lat' dir='ltr'>alia</span> <span class='ocrx_word' id='word_1_121' title='bbox 758 3314 859 3392; x_wconf 82' lang='lat' dir='ltr'>lingna</span> <span class='ocrx_word' id='word_1_122' title='bbox 887 3314 1040 3394; x_wconf 85' lang='lat' dir='ltr'>legeretur</span> <span class='ocrx_word' id='word_1_123' title='bbox 1064 3311 1175 3386; x_wconf 85' lang='lat' dir='ltr'>Missa,</span> <span class='ocrx_word' id='word_1_124' title='bbox 1209 3331 1300 3392; x_wconf 88' lang='lat' dir='ltr'>quarn</span> <span class='ocrx_word' id='word_1_125' title='bbox 1334 3317 1365 3375; x_wconf 86' lang='lat' dir='ltr'>ia</span> 
     </span>
     <span class='ocr_line' id='line_1_16' title="bbox 184 3415 1366 3497; baseline 0.001 -20"><span class='ocrx_word' id='word_1_126' title='bbox 184 3416 370 3479; x_wconf 83' lang='lat' dir='ltr'>Sclavenioa.</span> <span class='ocrx_word' id='word_1_127' title='bbox 416 3415 560 3497; x_wconf 87' lang='lat' dir='ltr'>Magnum</span> <span class='ocrx_word' id='word_1_128' title='bbox 591 3424 693 3478; x_wconf 89' lang='lat' dir='ltr'>autern</span> <span class='ocrx_word' id='word_1_129' title='bbox 723 3418 908 3480; x_wconf 85' lang='lat' dir='ltr'>desiderium</span> <span class='ocrx_word' id='word_1_130' title='bbox 935 3420 1043 3490; x_wconf 90' lang='lat' dir='ltr'>habui,</span> <span class='ocrx_word' id='word_1_131' title='bbox 1076 3426 1111 3481; x_wconf 94' lang='lat' dir='ltr'>ut</span> <span class='ocrx_word' id='word_1_132' title='bbox 1137 3416 1229 3482; x_wconf 86' lang='lat' dir='ltr'>bnitis</span> <span class='ocrx_word' id='word_1_133' title='bbox 1256 3415 1366 3489; x_wconf 84' lang='lat' dir='ltr'>Missis</span> 
     </span>
     <span class='ocr_line' id='line_1_17' title="bbox 183 3521 1366 3601; baseline -0.001 -19"><span class='ocrx_word' id='word_1_134' title='bbox 183 3524 357 3601; x_wconf 83' lang='lat' dir='ltr'>navigarem</span> <span class='ocrx_word' id='word_1_135' title='bbox 388 3525 418 3583; x_wconf 92' lang='lat' dir='ltr'>in</span> <span class='ocrx_word' id='word_1_136' title='bbox 448 3523 633 3584; x_wconf 86' lang='lat' dir='ltr'>Sebenieum</span> <span class='ocrx_word' id='word_1_137' title='bbox 667 3521 704 3584; x_wconf 91' lang='lat' dir='ltr'>ad</span> <span class='ocrx_word' id='word_1_138' title='bbox 740 3521 905 3585; x_wconf 80' lang='lat' dir='ltr'>vIdeanurn</span> <span class='ocrx_word' id='word_1_139' title='bbox 945 3530 1082 3585; x_wconf 87' lang='lat' dir='ltr'>nostrum</span> <span class='ocrx_word' id='word_1_140' title='bbox 1117 3529 1299 3584; x_wconf 84' lang='lat' dir='ltr'>conventum</span> <span class='ocrx_word' id='word_1_141' title='bbox 1333 3527 1366 3582; x_wconf 86' lang='lat' dir='ltr'>ot</span> 
     </span>
     <span class='ocr_line' id='line_1_18' title="bbox 184 3606 1366 3708; baseline 0.003 -23"><span class='ocrx_word' id='word_1_142' title='bbox 184 3634 305 3704; x_wconf 88' lang='lat' dir='ltr'>patres,</span> <span class='ocrx_word' id='word_1_143' title='bbox 328 3626 435 3688; x_wconf 85' lang='lat' dir='ltr'>iratres</span> <span class='ocrx_word' id='word_1_144' title='bbox 466 3634 499 3688; x_wconf 87' lang='lat' dir='ltr'>et</span> <span class='ocrx_word' id='word_1_145' title='bbox 520 3627 629 3698; x_wconf 90' lang='lat' dir='ltr'>libros,</span> <span class='ocrx_word' id='word_1_146' title='bbox 664 3626 719 3686; x_wconf 85' lang='lat' dir='ltr'>sed</span> <span class='ocrx_word' id='word_1_147' title='bbox 743 3643 834 3688; x_wconf 86' lang='lat' dir='ltr'>ausus</span> <span class='ocrx_word' id='word_1_148' title='bbox 857 3644 916 3687; x_wconf 95' lang='lat' dir='ltr'>non</span> <span class='ocrx_word' id='word_1_149' title='bbox 940 3645 1039 3700; x_wconf 88' lang='lat' dir='ltr'>eram,</span> <span class='ocrx_word' id='word_1_150' title='bbox 1074 3606 1144 3708; x_wconf 83' lang='lat' dir='ltr'>quia</span> <span class='ocrx_word' id='word_1_151' title='bbox 1166 3628 1271 3690; x_wconf 86' lang='lat' dir='ltr'>borarn</span> <span class='ocrx_word' id='word_1_152' title='bbox 1293 3645 1366 3693; x_wconf 83' lang='lat' dir='ltr'>nes·</span> 
     </span>
     <span class='ocr_line' id='line_1_19' title="bbox 184 3729 1363 3812; baseline 0.006 -24"><span class='ocrx_word' id='word_1_153' title='bbox 184 3730 242 3789; x_wconf 84' lang='lat' dir='ltr'>nivi</span> <span class='ocrx_word' id='word_1_154' title='bbox 267 3729 371 3790; x_wconf 88' lang='lat' dir='ltr'>classis</span> <span class='ocrx_word' id='word_1_155' title='bbox 394 3747 544 3803; x_wconf 86' lang='lat' dir='ltr'>recessus,</span> <span class='ocrx_word' id='word_1_156' title='bbox 567 3731 748 3792; x_wconf 90' lang='lat' dir='ltr'>timebamus</span> <span class='ocrx_word' id='word_1_157' title='bbox 773 3733 870 3803; x_wconf 87' lang='lat' dir='ltr'>enim,</span> <span class='ocrx_word' id='word_1_158' title='bbox 894 3732 976 3812; x_wconf 84' lang='lat' dir='ltr'>quod</span> <span class='ocrx_word' id='word_1_159' title='bbox 991 3734 1046 3794; x_wconf 91' lang='lat' dir='ltr'>sub</span> <span class='ocrx_word' id='word_1_160' title='bbox 1061 3731 1156 3794; x_wconf 86' lang='lat' dir='ltr'>Missa</span> <span class='ocrx_word' id='word_1_161' title='bbox 1172 3731 1363 3795; x_wconf 77' lang='lat' dir='ltr'>recederent</span> 
     </span>
     <span class='ocr_line' id='line_1_20' title="bbox 184 3831 1364 3917; baseline 0.007 -26"><span class='ocrx_word' id='word_1_162' title='bbox 184 3831 292 3892; x_wconf 84' lang='lat' dir='ltr'>Statim</span> <span class='ocrx_word' id='word_1_163' title='bbox 309 3851 392 3911; x_wconf 90' lang='lat' dir='ltr'>ergo,</span> <span class='ocrx_word' id='word_1_164' title='bbox 416 3839 449 3893; x_wconf 94' lang='lat' dir='ltr'>nt</span> <span class='ocrx_word' id='word_1_165' title='bbox 465 3833 598 3895; x_wconf 87' lang='lat' dir='ltr'>oifioium</span> <span class='ocrx_word' id='word_1_166' title='bbox 614 3836 842 3914; x_wconf 87' lang='lat' dir='ltr'>complevimus,</span> <span class='ocrx_word' id='word_1_167' title='bbox 864 3839 895 3898; x_wconf 94' lang='lat' dir='ltr'>in</span> <span class='ocrx_word' id='word_1_168' title='bbox 918 3844 1052 3898; x_wconf 86' lang='lat' dir='ltr'>nostram</span> <span class='ocrx_word' id='word_1_169' title='bbox 1075 3837 1192 3916; x_wconf 86' lang='lat' dir='ltr'>galeam</span> <span class='ocrx_word' id='word_1_170' title='bbox 1212 3839 1364 3917; x_wconf 81' lang='lat' dir='ltr'>navigavi·</span> 
     </span>
     <span class='ocr_line' id='line_1_21' title="bbox 184 3935 1365 4020; baseline 0.007 -26"><span class='ocrx_word' id='word_1_171' title='bbox 184 3953 268 4006; x_wconf 89' lang='lat' dir='ltr'>mus;</span> <span class='ocrx_word' id='word_1_172' title='bbox 293 3942 357 3996; x_wconf 88' lang='lat' dir='ltr'>erat</span> <span class='ocrx_word' id='word_1_173' title='bbox 381 3942 481 3996; x_wconf 84' lang='lat' dir='ltr'>autern</span> <span class='ocrx_word' id='word_1_174' title='bbox 505 3935 553 3997; x_wconf 89' lang='lat' dir='ltr'>die</span> <span class='ocrx_word' id='word_1_175' title='bbox 577 3937 629 3997; x_wconf 92' lang='lat' dir='ltr'>illo</span> <span class='ocrx_word' id='word_1_176' title='bbox 644 3955 786 4017; x_wconf 90' lang='lat' dir='ltr'>magnum</span> <span class='ocrx_word' id='word_1_177' title='bbox 809 3940 840 4000; x_wconf 93' lang='lat' dir='ltr'>in</span> <span class='ocrx_word' id='word_1_178' title='bbox 857 3939 942 4018; x_wconf 87' lang='lat' dir='ltr'>galea</span> <span class='ocrx_word' id='word_1_179' title='bbox 956 3938 1097 4018; x_wconf 86' lang='lat' dir='ltr'>gaudium</span> <span class='ocrx_word' id='word_1_180' title='bbox 1113 3945 1238 4020; x_wconf 88' lang='lat' dir='ltr'>propter</span> <span class='ocrx_word' id='word_1_181' title='bbox 1251 3959 1365 4004; x_wconf 91' lang='lat' dir='ltr'>novum</span> 
     </span>
     <span class='ocr_line' id='line_1_22' title="bbox 185 4039 1365 4124; baseline 0.008 -27"><span class='ocrx_word' id='word_1_182' title='bbox 185 4055 311 4110; x_wconf 88' lang='lat' dir='ltr'>anuum,</span> <span class='ocrx_word' id='word_1_183' title='bbox 335 4045 366 4100; x_wconf 87' lang='lat' dir='ltr'>et</span> <span class='ocrx_word' id='word_1_184' title='bbox 388 4040 418 4100; x_wconf 93' lang='lat' dir='ltr'>in</span> <span class='ocrx_word' id='word_1_185' title='bbox 433 4045 496 4101; x_wconf 86' lang='lat' dir='ltr'>tota</span> <span class='ocrx_word' id='word_1_186' title='bbox 513 4039 611 4101; x_wconf 82' lang='lat' dir='ltr'>classe</span> <span class='ocrx_word' id='word_1_187' title='bbox 627 4039 705 4102; x_wconf 90' lang='lat' dir='ltr'>tubis</span> <span class='ocrx_word' id='word_1_188' title='bbox 721 4042 869 4104; x_wconf 80' lang='lat' dir='ltr'>canebant</span> <span class='ocrx_word' id='word_1_189' title='bbox 889 4050 919 4104; x_wconf 88' lang='lat' dir='ltr'>et</span> <span class='ocrx_word' id='word_1_190' title='bbox 934 4043 1058 4116; x_wconf 88' lang='lat' dir='ltr'>fistulis,</span> <span class='ocrx_word' id='word_1_191' title='bbox 1082 4044 1164 4124; x_wconf 87' lang='lat' dir='ltr'>quod</span> <span class='ocrx_word' id='word_1_192' title='bbox 1188 4050 1258 4105; x_wconf 88' lang='lat' dir='ltr'>ante</span> <span class='ocrx_word' id='word_1_193' title='bbox 1281 4044 1365 4106; x_wconf 89' lang='lat' dir='ltr'>diern</span> 
     </span>
     <span class='ocr_line' id='line_1_23' title="bbox 183 4141 1366 4224; baseline 0.008 -21"><span class='ocrx_word' id='word_1_194' title='bbox 183 4141 374 4224; x_wconf 87' lang='lat' dir='ltr'>inceperant,</span> <span class='ocrx_word' id='word_1_195' title='bbox 392 4142 609 4207; x_wconf 84' lang='lat' dir='ltr'>-oouredebant</span> <span class='ocrx_word' id='word_1_196' title='bbox 643 4153 675 4207; x_wconf 88' lang='lat' dir='ltr'>et</span> <span class='ocrx_word' id='word_1_197' title='bbox 704 4145 861 4220; x_wconf 89' lang='lat' dir='ltr'>bibebant,</span> <span class='ocrx_word' id='word_1_198' title='bbox 897 4147 1067 4211; x_wconf 82' lang='lat' dir='ltr'>clamabant</span> <span class='ocrx_word' id='word_1_199' title='bbox 1088 4155 1122 4213; x_wconf 86' lang='lat' dir='ltr'>et</span> <span class='ocrx_word' id='word_1_200' title='bbox 1141 4148 1305 4222; x_wconf 85' lang='lat' dir='ltr'>saltabant,</span> <span class='ocrx_word' id='word_1_201' title='bbox 1332 4155 1366 4212; x_wconf 85' lang='lat' dir='ltr'>et</span> 
     </span>
    </p>
   </div>
   <div class='ocr_carea' id='block_1_4' title="bbox 0 0 1456 4710">
    <p class='ocr_par' dir='ltr' id='par_1_4' title="bbox 0 0 1456 4710">
     <span class='ocr_line' id='line_1_24' title="bbox 0 0 1456 4710; baseline 0 2"><span class='ocrx_word' id='word_1_202' title='bbox 0 0 1456 4710; x_wconf 95' lang='lat' dir='ltr'> </span> 
     </span>
    </p>
   </div>
  </div>
 </body>
</html>
