2874 4770
722 166 786 239 120

166 353 306 432 nequiret
321 366 445 430 regere,
468 349 647 411 exeuntibus
663 348 738 427 ipsis
754 347 896 419 orbitam,
919 348 950 408 in
965 351 1050 426 parte
1066 346 1187 409 coelum
1202 352 1346 411 exustum

167 462 200 517 ct
221 458 253 517 in
276 455 364 516 terris
387 454 480 515 multa
503 453 647 515 exhausta
678 450 815 523 llumina,
845 470 936 531 quam
959 452 1084 513 obrem
1108 452 1144 514 ab
1167 454 1244 513 irato
1267 452 1345 514 Jove

166 557 340 623 fulminatus
364 562 412 618 est
433 563 465 616 et
486 558 517 617 in
540 556 640 618 Nilum
665 555 777 637 cadens
801 573 890 616 suum
913 554 956 615 illi
983 554 1086 616 tribuit
1100 573 1221 616 nomen.
1256 554 1344 618 Hanc

167 661 352 722 Graecorum
374 658 504 721 tabulam
526 659 592 722 ltali
615 660 653 722 de
675 659 757 721 Pado
781 657 905 720 llumine
929 660 1056 719 recitare
1080 658 1180 719 solent
1210 676 1344 737 eumque

168 763 280 826 idcirco
295 763 458 825 Eridanum
481 772 600 826 vocant.
631 764 691 825 Alii
705 769 790 835 sunt,
815 764 865 841 qui
881 761 997 833 meunt,
1021 760 1186 824 Eridanum
1196 759 1345 840 juvenem

165 868 295 948 Aegypti
318 874 475 946 potentem
501 868 673 930 decrevisse
688 875 805 929 mutare
835 865 927 927 sedes
954 873 984 928 et
1013 883 1122 929 navem
1153 866 1344 928 adscendens

165 990 220 1052 per
240 972 341 1033 Nilum
364 971 401 1033 ad
423 990 506 1033 mare
530 971 689 1034 descendit
710 977 742 1032 et
763 970 832 1031 Nilo
859 988 948 1033 suum
975 989 1086 1032 nomen
1113 991 1168 1052 pro
1190 976 1341 1051 perpetuo

165 1075 231 1154 ejus
263 1081 430 1137 memoratu
460 1076 598 1154 reliquit;
639 1077 690 1154 qui
727 1076 760 1134 in
781 1073 909 1152 Ligures
941 1077 1067 1136 veniens
1101 1076 1147 1135 eis
1182 1076 1342 1163 imperavit

103 1261 105 1265 .
166 1187 197 1241 et
220 1197 291 1241 casu
313 1183 344 1241 in
366 1178 481 1240 Padum
503 1179 628 1251 cecidit,
652 1181 744 1240 ctiam
766 1179 810 1239 illi
825 1176 941 1238 flumini
956 1195 1045 1238 suum
1061 1192 1172 1239 nomen
1188 1179 1218 1239 in
1234 1179 1343 1240 ultimo

167 1283 297 1346 decessu
321 1283 482 1361 dereliquit
504 1284 591 1343 etita
608 1283 694 1343 ambo
712 1279 837 1342 flumina
852 1280 886 1340 ab
902 1298 963 1340 uno
978 1281 1042 1341 viro
1056 1283 1161 1342 sortita
1177 1286 1247 1341 sunt
1260 1279 1344 1341 idem

166 1406 277 1449 nomen
310 1388 436 1449 diversis
466 1388 503 1448 ab
537 1385 703 1448 eventibus.
748 1381 845 1445 Multo
877 1391 1015 1464 tempore
1038 1384 1124 1445 Nilus
1155 1382 1252 1445 dictus
1285 1383 1344 1445 luit

123 1493 129 1512 '
160 1491 329 1575 aegyptus,
354 1498 384 1552 et
406 1484 476 1569 quia
499 1507 551 1551 rex
572 1487 716 1568 Aegypti,
739 1487 861 1560 Nileus,
884 1487 1009 1550 fluvium
1031 1488 1130 1550 divisit
1152 1507 1206 1568 per
1228 1494 1343 1549 terrem

58 1597 61 1600 ’
168 1611 299 1672 eumque
323 1594 429 1655 utilem
451 1600 549 1654 terrae
573 1591 689 1664 effecit,
712 1609 823 1652 nomen
841 1593 921 1670 regis
938 1594 1095 1664 contraxit,
1118 1592 1279 1670 dictusque
1295 1598 1345 1653 est

165 1699 260 1759 Nilus.
306 1697 369 1759 Sed
392 1704 421 1758 et
443 1694 552 1775 Aquila
574 1702 698 1775 propter
720 1713 826 1757 cursus
855 1696 1048 1758 velocitatem
1080 1702 1125 1756 est
1157 1697 1340 1756 nominatus.

125 1816 128 1821 ·
165 1800 203 1861 Et
226 1800 366 1862 Oceanus
390 1804 425 1862 31)
459 1802 589 1879 antiquis
611 1799 767 1880 Aegyptiis
798 1799 961 1862 dicebatur.
1006 1801 1045 1862 Et
1071 1800 1222 1879 Astopon,
1255 1801 1343 1878 quasi

167 1903 204 1966 de
227 1905 360 1965 tenebris
383 1911 468 1981 ortus
491 1922 528 1966 er
550 1905 659 1983 ignotis
682 1905 767 1964 locis.
814 1904 981 1966 Commune
1003 1911 1105 1966 mmcn
1127 1921 1239 1965 nomen
1261 1902 1344 1964 illius

167 2008 245 2068 sacri
278 2005 424 2081 fluminis,
456 2026 516 2087 quo
549 2026 628 2070 nuuc
658 2008 694 2069 ab
718 2009 856 2070 omnibus
879 2016 1081 2087 nuncupatur,
1115 2007 1225 2069 dicitur
1245 2006 1341 2077 Nilus,

167 2109 253 2188 cujus
274 2112 430 2175 brachium
453 2120 565 2174 contra.
589 2120 700 2174 terram
728 2119 875 2174 sanctam,
890 2111 1019 2174 tendens
1050 2112 1158 2179 dicitur
1180 2112 1277 2190 Syou,
1310 2110 1342 2172 id

167 2222 215 2276 est
236 2216 382 2279 turbidus.
427 2218 513 2279 Nilus
537 2224 637 2280 autem
660 2215 748 2298 (117
764 2214 807 2293 a)
831 2216 940 2279 dicitur
962 2215 1089 2288 elimo,
1119 2217 1205 2294 quasi
1234 2216 1341 2277 limum

167 2320 299 2382 trahens.
344 2322 397 2384 Est
421 2325 503 2385 enim
524 2321 633 2385 fluvius
647 2321 802 2394 turbidus,
825 2319 953 2381 multum
969 2319 1006 2381 de
1021 2321 1093 2380 limo
1107 2336 1214 2382 secum
1229 2320 1341 2392 ferens,

167 2432 404 2505 propterquam
428 2445 549 2489 causam
572 2427 662 2488 etiam
686 2424 881 2497 Geon‚.Gen.
904 2421 956 2496 ll.‚
980 2424 1107 2497 dicitur,
1124 2442 1145 2492 Ι3
1169 2423 1228 2497 Ge,
1260 2424 1340 2502 quod

167 2533 213 2587 est
244 2535 337 2600 terra,
375 2547 465 2608 quam
503 2548 610 2592 secum
638 2531 741 2602 trabit,
781 2528 828 2590 vel
862 2547 878 2590 a
910 2535 1012 2614 terra,
1047 2546 1136 2607 quam
1173 2530 1276 2607 irrigat
1302 2519 1342 2589 ¹et

166 2629 341 2703 foecundat;
376 2650 433 2693 nec
466 2633 555 2694 debet
584 2633 674 2693 scribi
706 2631 807 2711 (lyon,
840 2632 895 2693 sed
927 2631 1026 2702 Goon,
1059 2635 1138 2694 sicut
1170 2637 1253 2712 patet
1285 2649 1341 2711 per

167 2731 277 2793 lsidem
304 2730 353 2795 13.
399 2735 437 2796 Et
458 2737 488 2795 in
513 2737 655 2796 correctis
678 2737 808 2798 textibus
822 2735 934 2797 Bibliae
956 2754 1181 2816 nonnumquam
1203 2739 1232 2797 in
1256 2753 1341 2796 sacra

166 2839 275 2914 pagina
297 2840 469 2898 nominatur
491 2836 605 2898 llumcn
627 2837 772 2919 Aegypti,
805 2861 860 2922 pro
895 2860 949 2912 eo,
983 2839 1063 2919 quod
1092 2841 1231 2902 similiter
1258 2841 1340 2903 illam

168 2943 280 2997 terram
303 2938 408 2998 utilem
440 2938 556 3010 reddit,
589 2941 640 3001 vel·
667 2945 734 3020 quia
752 2940 792 3005 ‘in
816 2945 953 3024 Aegypto
976 2944 1078 3007 linitur
1100 2951 1131 3015 et
1153 2964 1170 3006 a
1192 2934 1267 3007 mari
1290 2947 1341 3007 ab·

169 3039 317 3100 sorbetur.
364 3040 480 3101 Dicitur
503 3043 594 3102 etiem
616 3041 725 3107 fluvius
749 3049 895 3127 paradisi,
920 3052 989 3128 quia
1010 3052 1110 3129 ipsum
1132 3051 1235 3129 irrigat
1257 3052 1341 3113 etde

165 3144 232 3223 ipso
263 3150 391 3203 emanat.
436 3144 473 3205 Et
502 3143 564 3206 los.
592 3145 640 3210 13.
664 3156 694 3211 et
724 3148 835 3212 Jerem.
860 3147 890 3217 2.
915 3151 1025 3215 dicitur
1056 3151 1163 3214 fluvius
1193 3154 1340 3216 turbidus.

167 3245 219 3305 Sic
242 3262 315 3323 ergo
338 3247 460 3306 nomina
484 3250 585 3310 omnia
608 3252 658 3312 illa
682 3262 778 3316 sumta
794 3255 914 3328 suntab
929 3254 1091 3317 effectibus
1106 3256 1155 3318 rel
1171 3257 1207 3318 ab
1225 3261 1340 3320 ereuti-

167 3346 239 3419 bus,
261 3347 309 3408 vel
332 3366 349 3409 a
372 3351 519 3430 principio
543 3360 593 3414 aut
616 3373 633 3416 a
654 3357 713 3418 fine
737 3357 879 3419 lluminis.

257 3450 349 3530 Origo
380 3456 456 3515 sacri
485 3454 617 3519 fluminis
640 3460 698 3521 Nili
728 3462 803 3522 adeo
834 3461 1028 3542 philosophis
1049 3465 1168 3527 occulta
1199 3474 1277 3538 erat,
1309 3476 1342 3530 ut

170 3569 241 3615 cum
262 3559 451 3620 nominarent
472 3558 609 3641 Astopon
632 3565 651 3624 i.
676 3580 702 3623 o.
728 3564 765 3625 de
793 3565 926 3626 tenebris
949 3563 1064 3639 fluens,
1094 3575 1126 3630 et
1148 3568 1220 3631 dum
1251 3589 1340 3633 cona-

171 3664 274 3718 rentur
296 3660 408 3739 aliquid
430 3662 467 3724 de
486 3662 556 3741 ‘ejus
579 3668 768 3728 conscribere
791 3670 920 3747 origine,
956 3669 999 3731 ad·
1021 3670 1136 3755 tabulas
1158 3692 1192 3735 sc
1216 3695 1341 3739 conver·

170 3767 284 3832 terunt,
318 3766 386 3841 quia
416 3766 551 3829 locorum
584 3772 700 3832 inscitia
733 3772 850 3832 errandi
881 3783 1039 3853 praeparat
1068 3794 1198 3840 oausam.
1254 3779 1341 3843 Vnde

171 3863 330 3944 Dionysius
354 3867 443 3931 dicit:
478 3873 537 3934 Nili
565 3875 664 3936 fontes
696 3874 838 3954 locaque,
874 3894 909 3937 ex
933 3878 1041 3956 quibus
1064 3877 1146 3952 fluit,
1180 3883 1281 3943 nullus
1304 3883 1340 3945 ad

170 3966 228 4028 boc
252 3976 371 4051 tempus
394 3978 524 4056 scriptor
555 3995 655 4057 neque
686 3978 759 4040 vidit
787 3997 886 4059 neque
918 3981 1030 4051 audivit
1059 3985 1095 4045 ab
1125 3985 1203 4058 aliis,
1234 3990 1340 4066 quise

171 4082 309 4135 assemnt
331 4077 520 4158 adspexisse,
550 4101 585 4145 er
608 4100 668 4161 quo
692 4101 741 4143 ros
765 4083 802 4145 ad
824 4086 982 4164 opiniones
1004 4091 1035 4148 et
1058 4088 1245 4166 conjecturas
1272 4110 1339 4173 per·

170 4177 262 4237 venit.
305 4178 444 4264 Aegyptii
467 4185 643 4249 sacerdotes
658 4185 759 4248 Nilum
775 4203 811 4250 ex
826 4185 950 4250 Oceano
964 4189 1247 4269 prolluere'dicunt‚
1269 4197 1341 4260 nibil
