2874 4770
681 158 748 230 232

124 357 215 420 goes,
237 341 270 401 in
284 336 453 420 'posteriori
484 355 560 400 rero
591 343 695 417 parte,
727 335 822 398 cauda
852 341 883 397 et
906 334 1041 397 eruribus
1071 333 1185 396 habent
1206 335 1308 396 leonis

123 446 268 515 sormam,
291 450 328 510 et
344 442 456 503 babent
477 443 663 520 posteriores
685 440 780 520 pedes
803 441 973 510 breviores,
997 446 1027 501 et
1049 457 1167 517 ungues
1194 439 1308 501 breves

123 547 343 626 sed'magnos,
374 547 432 616 ita,
460 551 494 605 ut
516 544 554 605 de
576 544 636 604 illis
658 544 808 622 unguibus
836 543 908 603 liant
936 543 1042 622 scyphi
1066 542 1104 604 ad
1126 542 1303 604 bibendum.

123 652 190 713 Non
210 652 404 712 inveniuntur
425 649 502 709 haec
524 648 663 709 animalia
677 648 734 707 nisi
754 645 839 722 J'uxta
854 654 987 718 montes,
1011 649 1042 706 in
1065 647 1173 724 quibus
1198 666 1306 708 aurum

123 760 315 835 et-gcmmae
338 750 501 823 abundant,
525 757 556 812 et
579 750 702 822 dicitur,
726 749 809 828 quod
825 750 974 811 effodiunt
989 768 1095 811 aurum
1112 756 1142 810 et
1167 768 1306 828 gemmas

123 862 155 918 et
186 859 217 917 in
245 855 436 934 inspectione
468 855 651 915 eliossorom
680 852 811 931 gaudent
841 861 872 914 et
903 852 1010 914 ludunt
1049 855 1306 931 atrocissimoque

123 958 204 1021 bello
228 959 327 1020 zelant
349 963 381 1019 et
403 956 581 1018 defendunt.
612 957 770 1035 Siquidem
793 959 824 1017 in
846 956 979 1017 Asiatica
1003 956 1143 1036 Scythia,
1165 954 1218 1017 ubi
1233 963 1307 1017 sunt

123 1070 223 1125 terrae
247 1061 520 1141 locupletissimae,
554 1059 609 1121 sed
632 1060 842 1121 inhabitabiles
865 1060 1051 1133 hominibus,
1081 1064 1144 1121 imo
1166 1063 1306 1121 inacces-

125 1166 228 1227 sibiles
251 1167 308 1229 nisi
330 1165 405 1244 ipsis
421 1161 603 1243 Arimaspis,
628 1165 681 1240 qui
703 1162 845 1224 dicuntur
867 1163 1006 1224 homines
1030 1182 1099 1225 esse
1122 1165 1307 1224 ferocissimi

123 1289 218 1332 unum
250 1275 366 1330 tuntum
385 1246 512 1327 'oculum
541 1268 571 1325 in
594 1265 694 1327 ironte
723 1266 885 1338 habentes,
914 1267 944 1327 bi
978 1268 1083 1328 armati
1106 1274 1211 1327 eontra
1235 1285 1304 1345 gry-

123 1374 200 1454 phos
224 1372 390 1452 procedunt
420 1374 527 1451 eisque
556 1389 662 1432 aumm
685 1377 715 1433 et
738 1389 873 1450 gemmas
897 1371 1047 1434 auferunt.
1078 1373 1124 1433 De
1144 1374 1201 1433 bac
1217 1390 1304 1451 gem·

50 1528 55 1538 .
124 1494 241 1537 marum
273 1481 305 1534 et
335 1476 400 1534 auri
430 1492 446 1534 a
477 1474 680 1554 gryphonibus
711 1474 848 1535 custodia
877 1474 1011 1553 loquitur
1037 1476 1243 1555 Hieronymus
1274 1478 1307 1535 in

125 1581 254 1661 epistola
278 1578 316 1640 ad
336 1579 495 1639 Rusticum
518 1579 708 1640 monachum.

213 1685 280 1745 Non
310 1684 410 1743 solum
438 1689 540 1743 autem
572 1683 721 1762 gryphes,
756 1682 812 1743 sed
845 1682 921 1742 aliae
949 1682 1108 1745 horribiles
1131 1685 1249 1746 bestiae
1274 1688 1305 1747 in

126 1788 185 1850 illis
207 1788 380 1866 regionibus
403 1793 474 1847 sunt
496 1789 700 1859 constitutae,
723 1794 757 1848 ut
778 1787 882 1867 pardi,
896 1787 1037 1867 tigrides,
1061 1789 1244 1868 pantherae,
1277 1789 1307 1850 et

125 1908 215 1952 canes
248 1897 349 1951 tantae
380 1891 595 1970 magnitudinis
619 1899 656 1953 ,et
677 1899 739 1952 tam
760 1893 927 1952 immensae
950 1892 1093 1962 feritatis,
1127 1897 1160 1952 ut
1185 1899 1306 1953 taurum

123 1997 275 2076 perimant
303 1999 334 2054 et
364 1993 470 2054 leones
493 1993 641 2055 occidant.
687 1994 750 2055 llos
780 1993 939 2056 horribiles
970 1995 1112 2056 custodes
1135 1994 1220 2055 Deus
1247 1990 1303 2075 (b)

123 2098 234 2161 locavit
256 2096 293 2158 ad
310 2115 415 2158 aurum
441 2104 472 2158 et
487 2116 640 2176 gemmas,
665 2098 704 2161 ad
726 2100 927 2161 cohibendum
949 2100 1072 2161 humani
1095 2098 1195 2160 cordis
1218 2101 1303 2179 cupi*

78 2230 84 2244 ¹
125 2201 251 2265 ditatem
274 2207 305 2261 et
327 2203 491 2264 avaritiam.
663 2281 674 2295 .
1262 2285 1265 2289 ,

211 2304 306 2384 lgitur
339 2311 438 2367 stante
471 2324 520 2367 me
548 2305 632 2384 juxta
663 2308 883 2387 sarcophagum
911 2306 1101 2387 praedictum
1129 2304 1304 2384 jaspideum

125 2411 379 2491 pretiosissimum
409 2415 440 2470 et
470 2409 612 2480 mirante,
653 2412 721 2488 quis
753 2414 850 2473 victor
879 2413 1063 2491 gryphorum
1103 2418 1165 2471 tam
1196 2413 1305 2489 ingens

124 2533 238 2578 saxum·
253 2511 454 2591 depraedatus
477 2511 568 2573 tuerit
601 2519 632 2573 et
655 2515 703 2574 cui
726 2515 784 2575 boc
807 2514 1003 2594 sepulchrum
1026 2513 1227 2594 impretiabile
1255 2531 1305 2574 ex-

126 2622 223 2680 cisum
246 2619 303 2688 sit,
334 2616 438 2677 incidit
467 2616 556 2688 mihi,
588 2618 667 2695 quod
691 2617 769 2680 iorte
792 2626 930 2698 ternpore
954 2622 1125 2698 gigantum,
1159 2620 1210 2696 qui
1235 2636 1304 2697 gry-

124 2724 242 2804 phones
272 2727 304 2782 et
327 2726 485 2780 centauros
509 2722 741 2801 prosternebant
768 2742 822 2801 pro
855 2725 1011 2803 sepultura
1032 2723 1179 2793 Veneris,
1212 2727 1305 2800 quam

124 2845 205 2907 pene
227 2843 332 2886 omnes
356 2825 396 2885 dii
418 2824 650 2896 venerabantur,
681 2826 768 2888 allata
791 2827 898 2900 luerit,
928 2834 958 2888 et
991 2845 1088 2906 usque
1123 2827 1184 2887 huc
1214 2825 1304 2887 dere·

123 2929 205 2989 licta.
251 2927 317 2987 Non
342 2929 422 2988 enim
445 2930 588 3002 aestimo,
621 2948 764 3008 umquam
791 2948 896 3009 regern
920 2932 1053 3011 aliquem
1076 2938 1138 2991 tam
1159 2931 1305 2991 immensi

126 3031 217 3109 pretii
240 3030 435 3106 sepulchrum
458 3032 616 3105 babuisse,
642 3053 712 3094 cum
735 3053 807 3095 auro
830 3037 991 3114 pretiosius
1015 3036 1072 3106 sit,
1105 3036 1153 3094 oui
1177 3051 1210 3094 se
1233 3031 1305 3094 Ale-

125 3131 238 3194 xander
259 3128 301 3192 M.
326 3135 458 3194 moriens
481 3135 596 3196 includi
620 3140 783 3216 praecepit.
829 3135 881 3199 Me
905 3157 977 3218 ergo
1007 3141 1052 3199 sic
1075 3143 1174 3198 stante
1198 3143 1230 3197 et
1252 3155 1304 3196 oo·

127 3238 238 3315 gitante
262 3234 384 3312 quidam
415 3242 552 3300 canonici
575 3259 630 3320 per
653 3243 787 3304 medium
810 3244 959 3306 ecclesiae
987 3244 1077 3305 simul
1101 3241 1306 3303 ascendebant

126 3343 158 3398 et
186 3338 411 3402 descendebant
440 3353 650 3423 exspectantes
682 3348 774 3408 linem
806 3349 912 3427 pulsus
923 3365 1149 3427 ,vesperarum
1179 3346 1218 3406 ad
1248 3347 1305 3406 bos

127 3445 241 3502 accessi
276 3449 381 3521 petens
419 3447 454 3506 ab
485 3449 544 3519 eis,
575 3452 623 3510 cui
653 3450 711 3511 deo
745 3451 793 3513 vel
816 3452 908 3523 deae,
940 3451 988 3513 vel
1011 3454 1059 3512 eoi
1088 3452 1152 3528 regi
1176 3456 1227 3510 aut
1251 3450 1304 3510 do·

126 3546 209 3605 mino
231 3545 339 3606 inisset
360 3546 436 3609 haec
459 3551 703 3630 incomparabilis
727 3555 830 3617 tumba
852 3552 978 3634 parata?
1002 3553 1047 3614 llli
1072 3572 1143 3633 ergo
1167 3555 1307 3614 canonici

126 3664 248 3708 mecum
271 3648 418 3725 capellam
440 3660 512 3714 sunt
532 3656 680 3732 ingressi,
705 3665 736 3718 et
747 3660 957 3721 recitaverunt
973 3658 1047 3717 mibi
1070 3656 1180 3718 dehac
1202 3657 1306 3718 tumba

126 3750 282 3811 historiam
314 3751 433 3830 longam
464 3765 495 3817 et
525 3756 611 3818 valde
643 3753 869 3832 delectabilem,
903 3766 934 3820 et
962 3760 1036 3821 licet
1058 3762 1125 3820 e'am
1147 3759 1305 3822 historiam

126 3869 292 3932 numquam
321 3855 351 3915 in
375 3856 475 3934 aliquo
507 3856 609 3919 libello
640 3862 768 3941 legerim
800 3882 857 3924 nec
881 3863 1045 3926 audiverim
1076 3865 1167 3936 alias,
1200 3871 1304 3926 tamen

128 3959 216 4020 dictis
248 3957 340 4019 fidem
372 3956 492 4043 adhibui
525 3965 556 4021 et
579 3962 678 4026 audita
700 3965 878 4044 Eragutorio
900 3969 1033 4040 inserui,
1063 3974 1094 4030 et
1125 3970 1151 4029 si
1180 3971 1305 4030 nonita

128 4067 231 4124 estut
253 4061 376 4139 scripsi,
398 4066 500 4125 tomen
524 4063 568 4124 sio
590 4071 638 4125 est
660 4067 741 4147 quod
764 4068 878 4142 audiri,
902 4077 933 4132 et
955 4073 1035 4134 sicut
1058 4072 1122 4133 sine
1139 4073 1229 4151 eulpa
1251 4091 1304 4135 au·

129 4166 206 4240 diri,
228 4164 274 4227 sic
297 4164 409 4243 absque
425 4160 514 4242 eulpa
529 4167 649 4248 scripsi,
672 4177 703 4234 et
726 4169 840 4279 absque
858 4173 947 4253 culpa
969 4179 1071 4253 potest
1093 4176 1153 4256 legi
1180 4181 1211 4238 et
1236 4177 1304 4240 sine
