2874 4770
689 149 753 220 367

126 346 198 402 me,
221 335 255 391 ut
275 326 431 398 reuirem;
464 333 529 389 erat
552 329 634 389 euim
655 344 734 389 unus
757 324 795 387 de
817 325 877 386 illis
901 325 1125 399 sacerdotibus,
1156 345 1233 407 quos
1255 348 1310 391 no-

125 435 247 496 minant
263 430 413 509 Glagolas,
437 431 487 509 qui
504 432 604 493 solum
619 434 718 494 sciunt
733 430 925 493 Sclavouicas
949 430 1063 491 litteras
1087 436 1116 490 et
1140 432 1311 494 sclavonice

124 538 236 619 legunt
243 534 355 597 Missas
367 541 397 595 et
408 553 468 595 nou
483 535 659 596 ordinantur
675 534 866 596 uisiltomae.
897 533 1044 594 Dicuntur
1059 541 1159 595 autem
1168 532 1310 615 Glagolae

126 640 184 705 rel
206 638 347 701 Glabolae
371 637 419 699 vel
443 636 543 699 Glabri
567 656 583 699 a
608 637 731 700 Graecis
753 657 808 718 pru
832 655 887 709 eo,
920 635 999 714 quod
1023 643 1092 698 sunt
1114 640 1180 699 sinc
1201 640 1310 714 barbis,

129 744 215 807 sicut
228 740 401 805 sacerdotes
412 740 507 813 latini,
534 742 653 821 glabms
670 744 751 803 euim
765 757 872 820 graece
888 741 1029 802 imberbis
1045 740 1311 825 11111111(20οα)

130 849 237 911 latine.
270 846 377 909 Graeci
393 851 495 905 autem
510 845 685 907 sacerdotes
699 853 771 908 sunt
786 862 892 906 omnes
908 842 945 905 ad
960 843 1084 906 modurn
1092 845 1313 910 Nazaraeorunt

134 954 250 1015 comati
272 956 304 1010 et
324 948 448 1033 barbati,
471 950 610 1011 similiter
632 955 664 1009 et
678 947 776 1010 Latini
799 951 879 1010 iuter
902 965 956 1009 eos
977 949 1156 1011 habitantes.
1201 951 1312 1013 Dicunt

132 1064 254 1129 autem,
269 1052 351 1135 quod
367 1053 399 1116 S.
410 1052 590 1135 leronymus
601 1053 746 1115 Dalmatis
762 1054 876 1115 nationi
891 1069 963 1114 suae
979 1055 1156 1134 propinquis
1167 1054 1312 1133 quasdam

132 1162 252 1224 litteras
269 1158 402 1220 alatinis
420 1160 598 1238 graecisque
614 1158 747 1222 diversas
764 1159 926 1231 adinvenit,
951 1162 1124 1238 composuit
1146 1167 1176 1220 et
1191 1162 1236 1220 eis
1251 1165 1310 1223 tra·

128 1264 224 1335 didit,
248 1280 326 1342 quae
349 1269 457 1343 postea
480 1262 650 1324 sclavoniae
674 1263 843 1343 appellatae
867 1268 946 1323 sunt.
978 1261 1067 1334 Quod
1089 1270 1191 1325 autem
1205 1265 1312 1326 beatus

128 1369 336 1448 Hieronymus
366 1368 398 1426 in
428 1366 619 1428 vernaculam
648 1367 780 1446 linguam
804 1367 936 1429 divinum
967 1366 1101 1434 osticium
1133 1375 1164 1429 ct
1195 1387 1312 1430 sacram

131 1477 313 1555 scripturam
336 1471 538 1542 transtulerit,
573 1478 656 1550 patet
689 1474 719 1535 in
754 1473 882 1552 epistola
915 1472 952 1534 de
982 1473 1058 1534 locis
1089 1479 1119 1533 et
1141 1474 1311 1534 nominibus

131 1579 343 1659 hebraicarum
366 1578 593 1655 quaestionum,
627 1576 678 1639 ubi
700 1577 789 1638 dicit:
828 1577 919 1641 studii
950 1581 1046 1640 nostri
1068 1585 1129 1650 est,
1163 1578 1201 1639 de
1228 1579 1312 1640 libris

133 1681 319 1742 Ebraeomm
342 1697 459 1740 errores
482 1679 642 1752 relellere,
677 1682 874 1763 etymologias
897 1700 1019 1762 quoque
1042 1683 1196 1744 nominum
1220 1690 1311 1761 atque

135 1787 295 1871 regionum
317 1784 475 1847 vernacula
508 1783 609 1863 lingua
642 1785 811 1866 explanare.
856 1788 894 1849 Et
923 1790 1035 1849 iterum
1065 1791 1097 1848 in
1120 1788 1248 1866 epistola
1272 1787 1311 1850 ad

133 1886 371 1968 Sophronium:¹
407 1889 614 1966 antiquorum,
655 1892 770 1970 inquit,
819 1892 1045 1954 translationem
1082 1890 1312 1971 diligentissime

133 1991 329 2054 emendatam
352 1992 424 2054 olim
447 2009 534 2053 meac
558 1984 676 2073 linguae
699 1996 869 2058 bominibus
892 1997 1009 2059 tradidi.
1054 1996 1206 2059 Pannonia
1229 1998 1311 2057 enim

132 2096 281 2159 adhaeret
294 2092 479 2167 Dalmatiae,
501 2097 533 2157 in
556 2115 613 2175 qua
630 2099 775 2179 oppidum
801 2105 897 2163 sancti
911 2101 1086 2179 Hieronymi
1099 2101 1173 2174 luit,
1196 2101 1311 2163 dictum

132 2199 263 2262 Sidrona
293 2199 343 2263 vel
374 2196 521 2272 Stridon,
551 2200 665 2264 dudum
694 2207 815 2283 penitus
845 2205 1033 2267 destructum
1063 2224 1081 2267 a
1112 2205 1229 2267 Gothis.
1283 2203 1312 2265 A

134 2303 219 2365 uullo
241 2291 344 2366 autem
368 2304 399 2365 in
421 2302 530 2365 divinis
553 2303 696 2368 differunt
719 2325 735 2368 a
757 2307 886 2380 Latinis,
918 2310 977 2370 nisi
1003 2311 1035 2369 iu
1057 2309 1175 2387 lingua:
1208 2309 1317 2386 legunt

135 2409 218 2469 sicut
246 2425 316 2480 uos3
351 2414 471 2469 cautant
503 2416 534 2472 et
556 2428 657 2472 mores
687 2412 799 2474 babent
820 2431 876 2492 per
898 2415 1017 2486 omnia,
1044 2415 1125 2475 sicut
1145 2430 1213 2475 nos.
1258 2411 1314 2475 llis

136 2529 211 2591 ergo
233 2513 363 2590 peractis
385 2511 461 2572 redii
484 2513 515 2574 iu
539 2513 669 2578 classem
692 2515 730 2576 ad
752 2533 860 2580 narem
882 2533 992 2579 meam.

513 2616 593 2680 Finit
615 2619 752 2681 decimus
774 2626 928 2683 tractatus.
