2874 4770
702 171 745 241 93

136 339 254 402 andum
273 341 477 412 Sarracenos,
499 343 571 419 quio
594 343 632 404 de
655 347 751 422 primo
773 337 834 408 non
856 347 987 409 inissent
1011 349 1154 410 conteuti.
1185 349 1312 429 insuper

136 443 352 505 ordinaverunt
374 445 425 503 isti
448 451 619 521 apostatae,
643 448 724 525 quod
747 437 862 509 nullum
878 448 1011 510 officium
1027 452 1210 529 reipublicae
1225 458 1312 525 uota·

135 548 196 608 bile
220 549 431 618 committitur,
464 549 523 607 nisi
546 548 634 609 alicui
657 549 846 622 Mamaluco,
876 551 955 613 unde
979 551 1139 630 praelecti,
1175 554 1312 617 advocati

137 657 169 711 et
190 652 357 730 principes,
389 650 438 712 vel
468 650 562 711 duces
593 655 780 714 exercituum
808 660 839 714 et
871 657 1068 715 comitatuum
1098 663 1232 718 rectores
1256 674 1313 736 per

136 759 231 814 totam
258 761 370 815 terram
394 753 516 815 Soldani
547 762 617 815 sunt
647 774 755 820 omnes
777 752 948 816 Mamaluoi.
995 755 1081 817 Vnde
1110 758 1184 820 haec
1210 760 1311 821 ,domi-

135 858 232 929 nstio,
260 857 383 917 libertas
413 864 446 918 et
467 875 539 936 spes
563 857 600 919 ad
623 860 727 920 altiora
751 859 891 921 veniendi
914 858 1025 919 multos
1049 858 1235 921 Christianos
1259 861 1311 923 ab·

135 959 234 1031 ducit,
258 959 366 1020 sedet
388 960 626 1022 emolumentum
649 969 681 1023 et
702 960 921 1041 quottidianum
937 959 1135 1038 stipendium,
1160 965 1256 1025 otium
1278 969 1311 1027 et

135 1063 293 1124 carnalitas
317 1070 347 1124 et
370 1082 495 1124 uxorum
518 1063 795 1144 pluralitasplures
822 1066 970 1142 emigrare
985 1080 1002 1122 a
1016 1062 1074 1123 lide
1096 1064 1177 1127 iacit.
1213 1065 1311 1138 Quam

135 1169 238 1227 statim
260 1169 340 1228 enim
363 1170 430 1246 quis
452 1168 544 1229 tidem
566 1168 702 1248 abnegat,
726 1166 1042 1246 provisionemhabet
1064 1173 1096 1226 et
1118 1169 1311 1247 stipendium,

135 1276 167 1331 et
189 1270 327 1331 domiuus
351 1278 398 1331 est
421 1278 619 1332 caeterorum.
665 1269 750 1331 Vnde
774 1269 938 1330 creduntur
954 1268 1033 1329 Cairi
1048 1286 1116 1330 esse
1133 1271 1211 1332 ultra
1226 1269 1311 1333 XXX

135 1374 229 1435 millia
249 1374 451 1447 Mamaluoos‚
475 1393 579 1438 servos
603 1374 738 1445 Soldani,
762 1391 891 1452 quorum
913 1374 1049 1433 omnium
1071 1375 1138 1452 ipsc
1160 1374 1309 1437 Soldanus
1374 1424 1378 1429 .

134 1478 242 1538 haeres
265 1486 326 1550 est,
344 1497 416 1539 ‘nec
437 1479 515 1539 iilius
537 1476 700 1539 Mamaluci
725 1475 890 1537 succedere
913 1477 1053 1556 inbonis
1077 1481 1209 1556 paternis
1240 1495 1309 1558 per·

135 1584 277 1654 mittitur,
301 1600 357 1642 nec
380 1601 434 1660 pro
455 1580 627 1643 Mamaluco
650 1583 772 1641 tenetur
794 1581 853 1639 nisi
876 1578 1063 1640 Christianus
1087 1579 1178 1643 fuerit
1201 1589 1231 1643 et
1252 1600 1306 1644 uc-

134 1687 258 1762 gaverit.
302 1685 374 1746 ldeo
408 1705 444 1747 ex
474 1685 620 1746 industria
652 1691 738 1744 natos
762 1700 833 1742 suos
855 1683 1000 1761 baptizari
1021 1683 1171 1761 baptismo
1196 1685 1309 1749 Christi

134 1791 312 1866 permittunt
325 1787 486 1849 Mamaluci
510 1794 540 1848 ct
563 1786 791 1864 grandiusculos
814 1786 845 1844 in
859 1783 917 1845 fide
934 1785 1045 1848 Christi
1060 1789 1166 1849 instrui
1186 1789 1323 1862 iaciuut‘

133 1896 166 1950 et
180 1889 252 1951 dum
268 1890 306 1951 ad
319 1890 510 1951 discretionis
527 1909 619 1951 annos
635 1890 822 1969 perveniunt,
846 1887 1029 1950 inducuntur
1043 1883 1098 1968 per
1112 1897 1311 1970 praeeuntem

133 1992 171 2054 ad
194 1995 312 2072 publice
336 1993 541 2071 abnegandam
564 1995 655 2055 iidem
679 2001 709 2054 et
732 1992 790 2053 hoc
813 1992 892 2052 iacto
915 1991 1081 2054 succedere
1106 2001 1206 2072 potest
1221 1996 1309 2073 patri,

134 2103 165 2156 et
187 2094 486 2167 essehlamalucusJ
517 2097 597 2161 unde
625 2096 753 2174 juvenes
784 2096 841 2155 hoc
872 2096 1004 2154 scientes
1032 2100 1232 2175 cummagno
1255 2097 1308 2158 de·

133 2199 243 2261 siderio
266 2205 371 2278 optant
393 2200 480 2259 citius
504 2199 646 2261 advenire
669 2206 789 2276 tempus
806 2214 878 2257 suae
895 2200 1118 2276 abnegationis,
1141 2207 1174 2261 ut
1191 2202 1309 2279 possint

132 2303 267 2378 equitare
290 2306 321 2362 et
344 2318 426 2361 arma
448 2286 538 2362 serre.
584 2302 620 2361 Et
643 2319 678 2362 ex
700 2302 759 2362 hoc
783 2301 894 2360 crescit
915 2302 947 2360 in
971 2299 1036 2360 dics
1069 2319 1214 2363 numerus
1236 2301 1303 2366 Ma-

133 2403 340 2464 malucorum:

220 2504 315 2586 (107
331 2504 374 2586 a)
396 2508 449 2570 lsti
465 2508 627 2571 Mamaluci
644 2509 759 2568 suntin
775 2507 865 2566 armis
882 2507 1115 2584 promptissimi,
1138 2525 1208 2568 nam
1225 2509 1307 2571 omui

132 2609 300 2686 septimana
322 2612 415 2673 trihus
438 2614 552 2674 vicibus
574 2615 605 2672 iu
628 2612 751 2690 planitie
774 2608 879 2687 grandi
911 2603 966 2668 sub
999 2616 1098 2670 castro
1122 2610 1245 2671 Soldani
1274 2614 1308 2675 in

131 2710 221 2772 rebus
250 2706 368 2774 bellicis
391 2733 426 2775 sc
448 2719 613 2794 exercitant
643 2715 770 2777 diversis
800 2711 898 2773 modis
930 2718 960 2772 et
991 2715 1076 2790 quasi
1098 2720 1307 2778 torneamenta
1421 2721 1423 2726 '

131 2814 316 2890 quottidiana
337 2819 378 2877 ibi
402 2819 569 2889 celebrant,
599 2819 642 2879 illi
666 2816 770 2896 gladiis
795 2815 951 2887 dimicant,
974 2818 1025 2876 isti
1048 2817 1137 2876 simul
1161 2821 1308 2880 cursitant
1366 2878 1369 2885 .

131 2926 288 2995 equestres
312 2927 343 2980 et
365 2921 538 3001 pedestres,
561 2925 611 2984 isti
635 2924 761 2983 arcubus
785 2922 908 3000 sagittas
928 2918 1059 2995 jaciunt,
1088 2919 1239 2997 jactantur
1261 2923 1304 2983 la-

130 3020 263 3097 pidibus,
286 3023 385 3085 levant
408 3043 515 3098 onera,
547 3029 778 3104 congressiones
797 3023 921 3100 jocosas
944 3024 1071 3095 faciunt,
1096 3022 1165 3084 cum
1188 3027 1304 3086 exerci-

129 3125 208 3186 tibus
232 3128 288 3187 sibi
311 3131 440 3190 invicem
463 3136 659 3192 occurrentes
681 3131 759 3189 sicut
782 3128 926 3196 inimicis,
950 3131 981 3184 et
1011 3127 1041 3185 in
1073 3126 1119 3185 his
1139 3120 1218 3202 jocis
1243 3147 1306 3189 non

128 3227 238 3289 habent
259 3248 318 3291 uec
345 3233 470 3305 loricas,
499 3251 556 3293 neo
578 3232 718 3293 thoraces
727 3245 738 3302 ,·
758 3247 814 3289 neo
838 3228 955 3307 galeas,
987 3228 1040 3289 sed
1064 3235 1164 3290 tamen
1188 3231 1304 3310 clipeos

130 3342 161 3396 et
182 3343 268 3397 scuta
290 3337 415 3409 habent,
446 3338 553 3415 quibus
576 3337 654 3396 ictus
678 3330 881 3394 contraluctos'
901 3333 1063 3408 recipiunt;
1089 3332 1179 3410 clipei
1200 3340 1304 3394 autem

130 3457 234 3500 eorum
257 3446 331 3500 sunt·
351 3440 524 3511 fortissimi,
555 3441 636 3516 longi
659 3444 690 3499 et
713 3436 826 3515 depicti
850 3453 920 3496 cum
943 3436 1028 3511 signo
1053 3422 1192 3507 Soldani,
1222 3436 1304 3514 quod

130 3551 177 3604 est
199 3546 274 3606 calix
297 3562 406 3605 aureus
428 3544 459 3604 in
483 3561 589 3622 campo
611 3541 707 3603 blavio
731 3547 762 3601 et
784 3558 853 3600 cum
868 3539 1016 3615 scriptura
1030 3537 1219 3615 hujusmodi:
1242 3537 1303 3600 Le·

129 3648 193 3725 gala
218 3650 296 3725 piste
319 3647 357 3709 ha
380 3646 446 3708 lala.
493 3645 583 3719 Quod
605 3652 722 3706 tantum
745 3650 847 3704 sonat:
870 3642 938 3703 Non
954 3648 1002 3702 est
1017 3641 1093 3702 alius
1108 3645 1220 3715 victor,
1243 3645 1303 3706 nisi

128 3751 210 3812 solus
233 3749 319 3812 (leue.
984 3750 986 3754 ’

213 3855 260 3916 De
284 3856 378 3915 calice
402 3853 520 3924 dicunt,
545 3840 775 3930 quodquidam
793 3849 980 3911 Christianus
1003 3856 1056 3909 reri
1078 3857 1183 3928 captus
1206 3870 1303 3931 quon·

128 3959 197 4020 darn
213 3978 237 4021 a
258 3959 389 4021 Soldano
422 3960 481 4020 hoc
513 3954 603 4017 modo
633 3954 760 4016 redemit
792 3972 842 4024 se,
878 3951 961 4031 quod
991 3954 1131 4030 promisit
1159 3953 1301 4027 Soldauo,

127 4062 208 4141 quod
230 4063 287 4124 sibi
310 4081 398 4124 suum
412 4061 511 4123 Deum
525 4057 643 4122 tradere
660 4056 751 4119 vellet
764 4075 824 4136 pro.
835 4059 979 4136 pignore,
1004 4070 1164 4134 quousque
1181 4059 1301 4120 solvere

126 4174 231 4245 posset
252 4167 404 4238 debitum,
425 4164 608 4241 tradiditque
632 4162 661 4224 ei
684 4160 883 4226 eucharistiae
909 4167 1132 4223 sacamentum
1147 4162 1179 4224 in
1194 4161 1300 4227 calice.
