<?xml version="1.0" encoding="UTF-8"?>
<!DOCTYPE html PUBLIC "-//W3C//DTD XHTML 1.0 Transitional//EN"
    "http://www.w3.org/TR/xhtml1/DTD/xhtml1-transitional.dtd">
<html xmlns="http://www.w3.org/1999/xhtml" xml:lang="en" lang="en">
 <head>
  <title>
</title>
<meta http-equiv="Content-Type" content="text/html;charset=utf-8" />
  <meta name='ocr-system' content='tesseract 3.04.00' />
  <meta name='ocr-capabilities' content='ocr_page ocr_carea ocr_par ocr_line ocrx_word'/>
</head>
<body>
  <div class='ocr_page' id='page_1' title='image "./fratrisfelicisf00fabrgoog_0039.png"; bbox 0 0 2874 4770; ppageno 0'>
   <div class='ocr_carea' id='block_1_1' title="bbox 744 135 789 205">
    <p class='ocr_par' dir='ltr' id='par_1_1' title="bbox 744 135 789 205">
     <span class='ocr_line' id='line_1_1' title="bbox 744 135 789 205; baseline -0.067 0"><span class='ocrx_word' id='word_1_1' title='bbox 744 135 789 205; x_wconf 77' lang='grc'><strong>34</strong></span> 
     </span>
    </p>
   </div>
   <div class='ocr_carea' id='block_1_2' title="bbox 180 308 1362 900">
    <p class='ocr_par' dir='ltr' id='par_1_2' title="bbox 180 308 1362 900">
     <span class='ocr_line' id='line_1_2' title="bbox 181 308 1361 391; baseline -0.001 -17"><span class='ocrx_word' id='word_1_2' title='bbox 181 329 263 374; x_wconf 82' lang='grc'><strong>33333</strong></span> <span class='ocrx_word' id='word_1_3' title='bbox 295 319 325 372; x_wconf 82' lang='grc'><strong>31</strong></span> <span class='ocrx_word' id='word_1_4' title='bbox 357 313 443 371; x_wconf 89' lang='grc'><strong>331313</strong></span> <span class='ocrx_word' id='word_1_5' title='bbox 475 315 576 390; x_wconf 80' lang='lat' dir='ltr'><strong>ignota</strong></span> <span class='ocrx_word' id='word_1_6' title='bbox 600 310 736 372; x_wconf 91' lang='lat' dir='ltr'><strong>animalia</strong></span> <span class='ocrx_word' id='word_1_7' title='bbox 760 308 798 370; x_wconf 88' lang='lat' dir='ltr'><strong>de</strong></span> <span class='ocrx_word' id='word_1_8' title='bbox 833 327 962 388; x_wconf 78' lang='lat' dir='ltr'>genere,</span> <span class='ocrx_word' id='word_1_9' title='bbox 993 315 1028 370; x_wconf 93' lang='lat' dir='ltr'><strong>nt</strong></span> <span class='ocrx_word' id='word_1_10' title='bbox 1054 315 1145 388; x_wconf 90' lang='lat' dir='ltr'><strong>puto,</strong></span> <span class='ocrx_word' id='word_1_11' title='bbox 1181 318 1361 391; x_wconf 84' lang='lat' dir='ltr'><strong>satyromm,</strong></span> 
     </span>
     <span class='ocr_line' id='line_1_3' title="bbox 180 413 1362 493; baseline 0.002 -18"><span class='ocrx_word' id='word_1_12' title='bbox 180 414 338 476; x_wconf 80' lang='lat' dir='ltr'>faunorum</span> <span class='ocrx_word' id='word_1_13' title='bbox 362 422 394 476; x_wconf 89' lang='lat' dir='ltr'><strong>et</strong></span> <span class='ocrx_word' id='word_1_14' title='bbox 417 431 629 493; x_wconf 80' lang='lat' dir='ltr'><strong>epyganorum.</strong></span> <span class='ocrx_word' id='word_1_15' title='bbox 676 413 712 472; x_wconf 89' lang='lat' dir='ltr'><strong>Et</strong></span> <span class='ocrx_word' id='word_1_16' title='bbox 734 413 781 472; x_wconf 92' lang='lat' dir='ltr'><strong>his</strong></span> <span class='ocrx_word' id='word_1_17' title='bbox 804 413 876 473; x_wconf 86' lang='lat' dir='ltr'><strong>visis</strong></span> <span class='ocrx_word' id='word_1_18' title='bbox 903 413 1035 492; x_wconf 76' lang='lat' dir='ltr'><strong>regressi</strong></span> <span class='ocrx_word' id='word_1_19' title='bbox 1059 429 1167 473; x_wconf 90' lang='lat' dir='ltr'><strong>sumus</strong></span> <span class='ocrx_word' id='word_1_20' title='bbox 1191 415 1225 474; x_wconf 90' lang='lat' dir='ltr'><strong>in</strong></span> <span class='ocrx_word' id='word_1_21' title='bbox 1251 418 1362 476; x_wconf 89' lang='lat' dir='ltr'><strong>curiam</strong></span> 
     </span>
     <span class='ocr_line' id='line_1_4' title="bbox 181 513 1362 596; baseline 0.001 -19"><span class='ocrx_word' id='word_1_22' title='bbox 181 524 325 578; x_wconf 88' lang='lat' dir='ltr'><strong>nostram.</strong></span> <span class='ocrx_word' id='word_1_23' title='bbox 371 517 444 577; x_wconf 89' lang='lat' dir='ltr'><strong>Post</strong></span> <span class='ocrx_word' id='word_1_24' title='bbox 467 534 592 577; x_wconf 87' lang='lat' dir='ltr'><strong>coenam</strong></span> <span class='ocrx_word' id='word_1_25' title='bbox 615 522 749 575; x_wconf 91' lang='lat' dir='ltr'><strong>nostram</strong></span> <span class='ocrx_word' id='word_1_26' title='bbox 772 514 966 576; x_wconf 78' lang='lat' dir='ltr'><strong>ascendimus</strong></span> <span class='ocrx_word' id='word_1_27' title='bbox 991 531 1061 575; x_wconf 91' lang='lat' dir='ltr'><strong>cum</strong></span> <span class='ocrx_word' id='word_1_28' title='bbox 1083 513 1311 596; x_wconf 86' lang='lat' dir='ltr'><strong>Tangwardino</strong></span> <span class='ocrx_word' id='word_1_29' title='bbox 1333 520 1362 579; x_wconf 91' lang='lat' dir='ltr'><strong>iu</strong></span> 
     </span>
     <span class='ocr_line' id='line_1_5' title="bbox 180 615 1360 698; baseline -0.001 -16"><span class='ocrx_word' id='word_1_30' title='bbox 180 621 308 682; x_wconf 86' lang='lat' dir='ltr'><strong>altanam</strong></span> <span class='ocrx_word' id='word_1_31' title='bbox 332 619 438 680; x_wconf 90' lang='lat' dir='ltr'><strong>domus</strong></span> <span class='ocrx_word' id='word_1_32' title='bbox 461 637 547 688; x_wconf 90' lang='lat' dir='ltr'><strong>suae,</strong></span> <span class='ocrx_word' id='word_1_33' title='bbox 570 625 603 678; x_wconf 92' lang='lat' dir='ltr'><strong>ut</strong></span> <span class='ocrx_word' id='word_1_34' title='bbox 626 615 798 676; x_wconf 84' lang='lat' dir='ltr'><strong>videremus</strong></span> <span class='ocrx_word' id='word_1_35' title='bbox 821 615 932 676; x_wconf 83' lang='lat' dir='ltr'><strong>testum</strong></span> <span class='ocrx_word' id='word_1_36' title='bbox 956 616 1211 690; x_wconf 88' lang='lat' dir='ltr'><strong>Sarraceuorum,</strong></span> <span class='ocrx_word' id='word_1_37' title='bbox 1249 627 1282 680; x_wconf 92' lang='lat' dir='ltr'><strong>et</strong></span> <span class='ocrx_word' id='word_1_38' title='bbox 1304 623 1360 698; x_wconf 92' lang='lat' dir='ltr'><strong>pri-</strong></span> 
     </span>
     <span class='ocr_line' id='line_1_6' title="bbox 180 717 1359 802; baseline 0.001 -19"><span class='ocrx_word' id='word_1_39' title='bbox 180 741 263 783; x_wconf 93' lang='lat' dir='ltr'><strong>mum</strong></span> <span class='ocrx_word' id='word_1_40' title='bbox 285 722 483 802; x_wconf 84' lang='lat' dir='ltr'><strong>stupendum,</strong></span> <span class='ocrx_word' id='word_1_41' title='bbox 506 720 585 799; x_wconf 89' lang='lat' dir='ltr'><strong>quod</strong></span> <span class='ocrx_word' id='word_1_42' title='bbox 610 717 756 788; x_wconf 83' lang='lat' dir='ltr'><strong>vidimus,</strong></span> <span class='ocrx_word' id='word_1_43' title='bbox 788 717 845 778; x_wconf 92' lang='lat' dir='ltr'><strong>luit</strong></span> <span class='ocrx_word' id='word_1_44' title='bbox 868 717 1028 779; x_wconf 90' lang='lat' dir='ltr'><strong>multitudo</strong></span> <span class='ocrx_word' id='word_1_45' title='bbox 1051 718 1232 798; x_wconf 88' lang='lat' dir='ltr'><strong>lampadum</strong></span> <span class='ocrx_word' id='word_1_46' title='bbox 1257 722 1359 784; x_wconf 86' lang='lat' dir='ltr'><strong>ardeu-</strong></span> 
     </span>
     <span class='ocr_line' id='line_1_7' title="bbox 181 819 1360 900; baseline 0.004 -18"><span class='ocrx_word' id='word_1_47' title='bbox 181 825 255 884; x_wconf 93' lang='lat' dir='ltr'><strong>tium</strong></span> <span class='ocrx_word' id='word_1_48' title='bbox 278 827 307 883; x_wconf 91' lang='lat' dir='ltr'><strong>in</strong></span> <span class='ocrx_word' id='word_1_49' title='bbox 329 825 474 895; x_wconf 85' lang='lat' dir='ltr'><strong>turribus,</strong></span> <span class='ocrx_word' id='word_1_50' title='bbox 510 822 547 883; x_wconf 92' lang='lat' dir='ltr'><strong>de</strong></span> <span class='ocrx_word' id='word_1_51' title='bbox 572 822 681 900; x_wconf 90' lang='lat' dir='ltr'><strong>quibus</strong></span> <span class='ocrx_word' id='word_1_52' title='bbox 704 827 766 880; x_wconf 90' lang='lat' dir='ltr'><strong>tota</strong></span> <span class='ocrx_word' id='word_1_53' title='bbox 788 819 859 880; x_wconf 90' lang='lat' dir='ltr'><strong>urbs</strong></span> <span class='ocrx_word' id='word_1_54' title='bbox 881 822 970 898; x_wconf 79' lang='lat' dir='ltr'><strong>ignea</strong></span> <span class='ocrx_word' id='word_1_55' title='bbox 991 819 1162 893; x_wconf 85' lang='lat' dir='ltr'><strong>videbatur,</strong></span> <span class='ocrx_word' id='word_1_56' title='bbox 1195 830 1231 884; x_wconf 93' lang='lat' dir='ltr'><strong>et</strong></span> <span class='ocrx_word' id='word_1_57' title='bbox 1263 826 1360 887; x_wconf 92' lang='lat' dir='ltr'><strong>multi·</strong></span> 
     </span>
    </p>
   </div>
   <div class='ocr_carea' id='block_1_3' title="bbox 155 923 1361 1396">
    <p class='ocr_par' dir='ltr' id='par_1_3' title="bbox 180 923 1361 1009">
     <span class='ocr_line' id='line_1_8' title="bbox 180 923 1361 1009; baseline 0.003 -24"><span class='ocrx_word' id='word_1_58' title='bbox 180 924 253 986; x_wconf 91' lang='lat' dir='ltr'><strong>tudo</strong></span> <span class='ocrx_word' id='word_1_59' title='bbox 276 924 465 986; x_wconf 81' lang='lat' dir='ltr'><strong>sacerdotum</strong></span> <span class='ocrx_word' id='word_1_60' title='bbox 487 928 518 985; x_wconf 93' lang='grc'><strong>13</strong></span> <span class='ocrx_word' id='word_1_61' title='bbox 541 923 671 986; x_wconf 86' lang='lat' dir='ltr'><strong>tirrribus</strong></span> <span class='ocrx_word' id='word_1_62' title='bbox 695 923 903 994; x_wconf 90' lang='lat' dir='ltr'><strong>clamantium,</strong></span> <span class='ocrx_word' id='word_1_63' title='bbox 937 930 967 983; x_wconf 89' lang='lat' dir='ltr'><strong>et</strong></span> <span class='ocrx_word' id='word_1_64' title='bbox 988 923 1153 989; x_wconf 87' lang='lat' dir='ltr'><strong>multitudo</strong></span> <span class='ocrx_word' id='word_1_65' title='bbox 1177 927 1361 1009; x_wconf 91' lang='lat' dir='ltr'><strong>populorum</strong></span> 
     </span>
    </p>

    <p class='ocr_par' dir='ltr' id='par_1_4' title="bbox 155 1023 1361 1105">
     <span class='ocr_line' id='line_1_9' title="bbox 155 1023 1361 1105; baseline 0.004 -19"><span class='ocrx_word' id='word_1_66' title='bbox 155 1023 211 1088; x_wconf 84' lang='lat' dir='ltr'><strong>&#39;iu</strong></span> <span class='ocrx_word' id='word_1_67' title='bbox 235 1027 372 1089; x_wconf 86' lang='lat' dir='ltr'><strong>domibus</strong></span> <span class='ocrx_word' id='word_1_68' title='bbox 397 1035 427 1088; x_wconf 90' lang='lat' dir='ltr'><strong>et</strong></span> <span class='ocrx_word' id='word_1_69' title='bbox 450 1031 480 1088; x_wconf 92' lang='lat' dir='ltr'><strong>in</strong></span> <span class='ocrx_word' id='word_1_70' title='bbox 503 1030 578 1088; x_wconf 84' lang='grc'><strong>31313</strong></span> <span class='ocrx_word' id='word_1_71' title='bbox 602 1025 864 1096; x_wconf 73' lang='lat' dir='ltr'><strong>tumultuantium,</strong></span> <span class='ocrx_word' id='word_1_72' title='bbox 898 1031 930 1086; x_wconf 91' lang='lat' dir='ltr'><strong>et</strong></span> <span class='ocrx_word' id='word_1_73' title='bbox 956 1025 1014 1086; x_wconf 93' lang='lat' dir='ltr'><strong>hoc</strong></span> <span class='ocrx_word' id='word_1_74' title='bbox 1037 1043 1093 1105; x_wconf 93' lang='lat' dir='ltr'><strong>per</strong></span> <span class='ocrx_word' id='word_1_75' title='bbox 1115 1034 1217 1088; x_wconf 91' lang='lat' dir='ltr'><strong>totam</strong></span> <span class='ocrx_word' id='word_1_76' title='bbox 1240 1037 1361 1091; x_wconf 88' lang='lat' dir='ltr'><strong>noctem</strong></span> 
     </span>
    </p>

    <p class='ocr_par' dir='ltr' id='par_1_5' title="bbox 179 1127 1359 1211">
     <span class='ocr_line' id='line_1_10' title="bbox 179 1127 1359 1211; baseline 0.003 -21"><span class='ocrx_word' id='word_1_77' title='bbox 179 1131 258 1191; x_wconf 88' lang='lat' dir='ltr'><strong>illius</strong></span> <span class='ocrx_word' id='word_1_78' title='bbox 277 1129 387 1206; x_wconf 84' lang='lat' dir='ltr'><strong>jejunii</strong></span> <span class='ocrx_word' id='word_1_79' title='bbox 411 1147 530 1200; x_wconf 88' lang='lat' dir='ltr'><strong>eorum,</strong></span> <span class='ocrx_word' id='word_1_80' title='bbox 556 1135 587 1190; x_wconf 88' lang='lat' dir='ltr'><strong>et</strong></span> <span class='ocrx_word' id='word_1_81' title='bbox 609 1127 770 1188; x_wconf 89' lang='lat' dir='ltr'><strong>multitudo</strong></span> <span class='ocrx_word' id='word_1_82' title='bbox 792 1127 1002 1187; x_wconf 89' lang='lat' dir='ltr'><strong>moschearum</strong></span> <span class='ocrx_word' id='word_1_83' title='bbox 1019 1136 1050 1187; x_wconf 94' lang='lat' dir='ltr'><strong>et</strong></span> <span class='ocrx_word' id='word_1_84' title='bbox 1068 1129 1274 1192; x_wconf 88' lang='lat' dir='ltr'><strong>ecclesiarum</strong></span> <span class='ocrx_word' id='word_1_85' title='bbox 1289 1150 1359 1211; x_wconf 84' lang='lat' dir='ltr'><strong>geu·</strong></span> 
     </span>
    </p>

    <p class='ocr_par' dir='ltr' id='par_1_6' title="bbox 179 1227 1361 1396">
     <span class='ocr_line' id='line_1_11' title="bbox 179 1227 1361 1311; baseline 0.004 -19"><span class='ocrx_word' id='word_1_86' title='bbox 179 1234 290 1304; x_wconf 88' lang='lat' dir='ltr'><strong>tilium,</strong></span> <span class='ocrx_word' id='word_1_87' title='bbox 314 1250 607 1311; x_wconf 90' lang='lat' dir='ltr'><strong>quarumnumerus</strong></span> <span class='ocrx_word' id='word_1_88' title='bbox 630 1230 756 1291; x_wconf 87' lang='grc'><strong>13133133</strong></span> <span class='ocrx_word' id='word_1_89' title='bbox 780 1227 913 1308; x_wconf 87' lang='grc'><strong>33131311,</strong></span> <span class='ocrx_word' id='word_1_90' title='bbox 947 1248 1024 1308; x_wconf 88' lang='lat' dir='ltr'><strong>quae</strong></span> <span class='ocrx_word' id='word_1_91' title='bbox 1048 1233 1150 1292; x_wconf 88' lang='lat' dir='ltr'><strong>omnia</strong></span> <span class='ocrx_word' id='word_1_92' title='bbox 1171 1233 1309 1297; x_wconf 83' lang='lat' dir='ltr'><strong>vidimus</strong></span> <span class='ocrx_word' id='word_1_93' title='bbox 1332 1237 1361 1296; x_wconf 92' lang='lat' dir='ltr'><strong>in</strong></span> 
     </span>
     <span class='ocr_line' id='line_1_12' title="bbox 179 1333 616 1396; baseline -0.011 0"><span class='ocrx_word' id='word_1_94' title='bbox 179 1335 336 1396; x_wconf 84' lang='lat' dir='ltr'><strong>altitudine</strong></span> <span class='ocrx_word' id='word_1_95' title='bbox 360 1333 468 1395; x_wconf 88' lang='lat' dir='ltr'><strong>domus</strong></span> <span class='ocrx_word' id='word_1_96' title='bbox 492 1340 616 1395; x_wconf 88' lang='lat' dir='ltr'><strong>stantes.</strong></span> 
     </span>
    </p>
   </div>
   <div class='ocr_carea' id='block_1_4' title="bbox 608 1632 925 1704">
    <p class='ocr_par' dir='ltr' id='par_1_7' title="bbox 608 1632 925 1704">
     <span class='ocr_line' id='line_1_13' title="bbox 608 1632 925 1704; baseline 0.003 -3"><span class='ocrx_word' id='word_1_97' title='bbox 608 1632 790 1704; x_wconf 89' lang='lat' dir='ltr'><strong>Mamaluci</strong></span> <span class='ocrx_word' id='word_1_98' title='bbox 817 1632 925 1703; x_wconf 90' lang='lat' dir='ltr'><strong>multi.</strong></span> 
     </span>
    </p>
   </div>
   <div class='ocr_carea' id='block_1_5' title="bbox 121 1831 1361 3039">
    <p class='ocr_par' dir='ltr' id='par_1_8' title="bbox 121 1831 1361 3039">
     <span class='ocr_line' id='line_1_14' title="bbox 265 1831 1359 1904; baseline 0.003 -13"><span class='ocrx_word' id='word_1_99' title='bbox 265 1831 430 1893; x_wconf 88' lang='lat' dir='ltr'><strong>Undecima</strong></span> <span class='ocrx_word' id='word_1_100' title='bbox 453 1831 501 1892; x_wconf 93' lang='lat' dir='ltr'><strong>die</strong></span> <span class='ocrx_word' id='word_1_101' title='bbox 525 1836 725 1895; x_wconf 82' lang='lat' dir='ltr'><strong>venerantia</strong></span> <span class='ocrx_word' id='word_1_102' title='bbox 749 1834 863 1893; x_wconf 88' lang='lat' dir='ltr'><strong>curtam</strong></span> <span class='ocrx_word' id='word_1_103' title='bbox 894 1837 1027 1892; x_wconf 89' lang='lat' dir='ltr'><strong>nostram</strong></span> <span class='ocrx_word' id='word_1_104' title='bbox 1052 1831 1234 1904; x_wconf 87' lang='lat' dir='ltr'><strong>Mamaluci,</strong></span> <span class='ocrx_word' id='word_1_105' title='bbox 1268 1835 1359 1894; x_wconf 87' lang='lat' dir='ltr'><strong>abne·</strong></span> 
     </span>
     <span class='ocr_line' id='line_1_15' title="bbox 179 1932 1359 2014; baseline 0.002 -20"><span class='ocrx_word' id='word_1_106' title='bbox 179 1937 238 2013; x_wconf 84' lang='lat' dir='ltr'><strong>gati</strong></span> <span class='ocrx_word' id='word_1_107' title='bbox 263 1935 442 2004; x_wconf 86' lang='lat' dir='ltr'><strong>Christiani,</strong></span> <span class='ocrx_word' id='word_1_108' title='bbox 477 1933 514 1994; x_wconf 92' lang='lat' dir='ltr'><strong>de</strong></span> <span class='ocrx_word' id='word_1_109' title='bbox 546 1932 675 1994; x_wconf 89' lang='lat' dir='ltr'><strong>diversis</strong></span> <span class='ocrx_word' id='word_1_110' title='bbox 708 1937 837 2014; x_wconf 87' lang='lat' dir='ltr'><strong>linguis,</strong></span> <span class='ocrx_word' id='word_1_111' title='bbox 870 1939 1052 2012; x_wconf 87' lang='lat' dir='ltr'><strong>quaerentes</strong></span> <span class='ocrx_word' id='word_1_112' title='bbox 1076 1935 1359 2014; x_wconf 80' lang='lat' dir='ltr'><strong>interperegrmos</strong></span> 
     </span>
     <span class='ocr_line' id='line_1_16' title="bbox 121 2035 1361 2120; baseline 0.004 -26"><span class='ocrx_word' id='word_1_113' title='bbox 121 2085 125 2094; x_wconf 93' lang='lat'><em>.</em></span> <span class='ocrx_word' id='word_1_114' title='bbox 179 2039 407 2116; x_wconf 83' lang='lat' dir='ltr'><strong>compatriotas,</strong></span> <span class='ocrx_word' id='word_1_115' title='bbox 440 2040 519 2096; x_wconf 91' lang='lat' dir='ltr'><strong>inter</strong></span> <span class='ocrx_word' id='word_1_116' title='bbox 542 2054 617 2115; x_wconf 88' lang='lat' dir='ltr'><strong>quos</strong></span> <span class='ocrx_word' id='word_1_117' title='bbox 642 2046 726 2099; x_wconf 90' lang='lat' dir='ltr'><strong>erant</strong></span> <span class='ocrx_word' id='word_1_118' title='bbox 749 2038 833 2099; x_wconf 92' lang='lat' dir='ltr'><strong>multi</strong></span> <span class='ocrx_word' id='word_1_119' title='bbox 858 2036 970 2106; x_wconf 87' lang='lat' dir='ltr'><strong>Siculi,</strong></span> <span class='ocrx_word' id='word_1_120' title='bbox 1003 2042 1033 2096; x_wconf 92' lang='lat' dir='ltr'><strong>et</strong></span> <span class='ocrx_word' id='word_1_121' title='bbox 1057 2035 1094 2097; x_wconf 94' lang='lat' dir='ltr'><strong>de</strong></span> <span class='ocrx_word' id='word_1_122' title='bbox 1117 2036 1307 2120; x_wconf 83' lang='lat' dir='ltr'><strong>Arragonia,</strong></span> <span class='ocrx_word' id='word_1_123' title='bbox 1331 2045 1361 2099; x_wconf 93' lang='lat' dir='ltr'><strong>et</strong></span> 
     </span>
     <span class='ocr_line' id='line_1_17' title="bbox 178 2137 1359 2213; baseline 0.003 -14"><span class='ocrx_word' id='word_1_124' title='bbox 178 2139 215 2199; x_wconf 90' lang='lat' dir='ltr'><strong>de</strong></span> <span class='ocrx_word' id='word_1_125' title='bbox 239 2139 401 2200; x_wconf 87' lang='lat' dir='ltr'><strong>Catalonia.</strong></span> <span class='ocrx_word' id='word_1_126' title='bbox 447 2141 538 2199; x_wconf 87' lang='lat' dir='ltr'><strong>Venit</strong></span> <span class='ocrx_word' id='word_1_127' title='bbox 560 2142 639 2200; x_wconf 90' lang='lat' dir='ltr'><strong>inter</strong></span> <span class='ocrx_word' id='word_1_128' title='bbox 663 2157 717 2199; x_wconf 91' lang='lat' dir='ltr'><strong>eos</strong></span> <span class='ocrx_word' id='word_1_129' title='bbox 741 2147 857 2200; x_wconf 91' lang='lat' dir='ltr'><strong>tantum</strong></span> <span class='ocrx_word' id='word_1_130' title='bbox 876 2157 954 2198; x_wconf 91' lang='lat' dir='ltr'><strong>unus</strong></span> <span class='ocrx_word' id='word_1_131' title='bbox 970 2137 1156 2200; x_wconf 88' lang='lat' dir='ltr'><strong>Teutonicus</strong></span> <span class='ocrx_word' id='word_1_132' title='bbox 1173 2138 1213 2199; x_wconf 84' lang='lat' dir='ltr'><strong>de</strong></span> <span class='ocrx_word' id='word_1_133' title='bbox 1229 2139 1359 2213; x_wconf 87' lang='lat' dir='ltr'><strong>Basilea,</strong></span> 
     </span>
     <span class='ocr_line' id='line_1_18' title="bbox 178 2239 1359 2321; baseline 0.001 -19"><span class='ocrx_word' id='word_1_134' title='bbox 178 2242 263 2321; x_wconf 87' lang='lat' dir='ltr'><strong>cujus</strong></span> <span class='ocrx_word' id='word_1_135' title='bbox 279 2245 518 2320; x_wconf 84' lang='lat' dir='ltr'><strong>consanguineos</strong></span> <span class='ocrx_word' id='word_1_136' title='bbox 535 2244 621 2311; x_wconf 86' lang='lat' dir='ltr'><strong>novi,</strong></span> <span class='ocrx_word' id='word_1_137' title='bbox 645 2240 700 2301; x_wconf 89' lang='lat' dir='ltr'><strong>sed</strong></span> <span class='ocrx_word' id='word_1_138' title='bbox 716 2247 746 2301; x_wconf 93' lang='lat' dir='ltr'><strong>et</strong></span> <span class='ocrx_word' id='word_1_139' title='bbox 761 2258 831 2301; x_wconf 90' lang='lat' dir='ltr'><strong>eum</strong></span> <span class='ocrx_word' id='word_1_140' title='bbox 847 2242 932 2319; x_wconf 92' lang='lat' dir='ltr'><strong>prius</strong></span> <span class='ocrx_word' id='word_1_141' title='bbox 947 2239 1084 2302; x_wconf 89' lang='lat' dir='ltr'><strong>Basileae</strong></span> <span class='ocrx_word' id='word_1_142' title='bbox 1100 2240 1245 2304; x_wconf 87' lang='lat' dir='ltr'><strong>videram.</strong></span> <span class='ocrx_word' id='word_1_143' title='bbox 1284 2242 1359 2303; x_wconf 89' lang='lat' dir='ltr'><strong>Cum</strong></span> 
     </span>
     <span class='ocr_line' id='line_1_19' title="bbox 176 2342 1358 2429; baseline 0 -24"><span class='ocrx_word' id='word_1_144' title='bbox 176 2365 212 2406; x_wconf 92' lang='lat' dir='ltr'><strong>eo</strong></span> <span class='ocrx_word' id='word_1_145' title='bbox 244 2347 334 2407; x_wconf 90' lang='lat' dir='ltr'><strong>habui</strong></span> <span class='ocrx_word' id='word_1_146' title='bbox 371 2347 491 2429; x_wconf 84' lang='lat' dir='ltr'><strong>longam</strong></span> <span class='ocrx_word' id='word_1_147' title='bbox 526 2345 758 2426; x_wconf 87' lang='lat' dir='ltr'><strong>collocutionem</strong></span> <span class='ocrx_word' id='word_1_148' title='bbox 791 2342 828 2402; x_wconf 90' lang='lat' dir='ltr'><strong>de</strong></span> <span class='ocrx_word' id='word_1_149' title='bbox 861 2345 980 2416; x_wconf 89' lang='lat' dir='ltr'><strong>multis,</strong></span> <span class='ocrx_word' id='word_1_150' title='bbox 1020 2350 1051 2405; x_wconf 91' lang='lat' dir='ltr'><strong>et</strong></span> <span class='ocrx_word' id='word_1_151' title='bbox 1079 2346 1235 2422; x_wconf 91' lang='lat' dir='ltr'><strong>promisit,</strong></span> <span class='ocrx_word' id='word_1_152' title='bbox 1278 2344 1358 2423; x_wconf 89' lang='lat' dir='ltr'><strong>quod</strong></span> 
     </span>
     <span class='ocr_line' id='line_1_20' title="bbox 176 2445 1355 2523; baseline -0.002 -14"><span class='ocrx_word' id='word_1_153' title='bbox 176 2448 273 2509; x_wconf 88' lang='lat' dir='ltr'><strong>redire</strong></span> <span class='ocrx_word' id='word_1_154' title='bbox 298 2449 334 2509; x_wconf 87' lang='lat' dir='ltr'><strong>ad</strong></span> <span class='ocrx_word' id='word_1_155' title='bbox 358 2449 519 2510; x_wconf 90' lang='grc'><strong>3331331333</strong></span> <span class='ocrx_word' id='word_1_156' title='bbox 543 2447 652 2506; x_wconf 87' lang='lat' dir='ltr'><strong>Christi</strong></span> <span class='ocrx_word' id='word_1_157' title='bbox 675 2445 782 2516; x_wconf 89' lang='lat' dir='ltr'><strong>vellet,</strong></span> <span class='ocrx_word' id='word_1_158' title='bbox 806 2447 876 2523; x_wconf 86' lang='lat' dir='ltr'><strong>qnia</strong></span> <span class='ocrx_word' id='word_1_159' title='bbox 900 2447 978 2508; x_wconf 89' lang='lat' dir='ltr'><strong>male</strong></span> <span class='ocrx_word' id='word_1_160' title='bbox 1003 2449 1099 2507; x_wconf 89' lang='lat' dir='ltr'><strong>sensit</strong></span> <span class='ocrx_word' id='word_1_161' title='bbox 1122 2445 1159 2506; x_wconf 89' lang='lat' dir='ltr'><strong>de</strong></span> <span class='ocrx_word' id='word_1_162' title='bbox 1182 2452 1270 2506; x_wconf 90' lang='lat' dir='ltr'><strong>secta</strong></span> <span class='ocrx_word' id='word_1_163' title='bbox 1292 2445 1355 2507; x_wconf 88' lang='lat' dir='ltr'><strong>Ma·</strong></span> 
     </span>
     <span class='ocr_line' id='line_1_21' title="bbox 177 2545 1356 2627; baseline -0.002 -17"><span class='ocrx_word' id='word_1_164' title='bbox 177 2551 324 2621; x_wconf 88' lang='lat' dir='ltr'><strong>chometi,</strong></span> <span class='ocrx_word' id='word_1_165' title='bbox 355 2553 433 2610; x_wconf 92' lang='lat' dir='ltr'><strong>sicut</strong></span> <span class='ocrx_word' id='word_1_166' title='bbox 457 2567 553 2627; x_wconf 89' lang='lat' dir='ltr'><strong>paene</strong></span> <span class='ocrx_word' id='word_1_167' title='bbox 577 2565 682 2608; x_wconf 91' lang='lat' dir='ltr'><strong>omnes</strong></span> <span class='ocrx_word' id='word_1_168' title='bbox 706 2545 867 2608; x_wconf 87' lang='lat' dir='ltr'><strong>Mamaluci</strong></span> <span class='ocrx_word' id='word_1_169' title='bbox 902 2548 979 2609; x_wconf 90' lang='grc'><strong>33313</strong></span> <span class='ocrx_word' id='word_1_170' title='bbox 1008 2550 1171 2627; x_wconf 90' lang='lat' dir='ltr'><strong>loquuntur</strong></span> <span class='ocrx_word' id='word_1_171' title='bbox 1203 2547 1241 2608; x_wconf 94' lang='lat' dir='ltr'><strong>de</strong></span> <span class='ocrx_word' id='word_1_172' title='bbox 1273 2554 1356 2609; x_wconf 89' lang='lat' dir='ltr'><strong>secta</strong></span> 
     </span>
     <span class='ocr_line' id='line_1_22' title="bbox 175 2650 1355 2730; baseline -0.002 -18"><span class='ocrx_word' id='word_1_173' title='bbox 175 2651 360 2713; x_wconf 87' lang='lat' dir='ltr'><strong>Machameti</strong></span> <span class='ocrx_word' id='word_1_174' title='bbox 384 2658 414 2710; x_wconf 97' lang='grc'><strong>31</strong></span> <span class='ocrx_word' id='word_1_175' title='bbox 435 2650 534 2711; x_wconf 88' lang='lat' dir='ltr'><strong>redire</strong></span> <span class='ocrx_word' id='word_1_176' title='bbox 558 2650 731 2721; x_wconf 89' lang='lat' dir='ltr'><strong>sedicunt,</strong></span> <span class='ocrx_word' id='word_1_177' title='bbox 755 2658 789 2711; x_wconf 92' lang='lat' dir='ltr'><strong>ut</strong></span> <span class='ocrx_word' id='word_1_178' title='bbox 811 2652 934 2728; x_wconf 88' lang='lat' dir='ltr'><strong>patebit.</strong></span> <span class='ocrx_word' id='word_1_179' title='bbox 966 2653 1011 2712; x_wconf 90' lang='lat' dir='ltr'><strong>De</strong></span> <span class='ocrx_word' id='word_1_180' title='bbox 1034 2650 1240 2713; x_wconf 69' lang='lat' dir='ltr'><strong>nulla‘autem</strong></span> <span class='ocrx_word' id='word_1_181' title='bbox 1267 2658 1355 2730; x_wconf 84' lang='lat' dir='ltr'><strong>gente</strong></span> 
     </span>
     <span class='ocr_line' id='line_1_23' title="bbox 176 2742 1355 2834; baseline 0.001 -20"><span class='ocrx_word' id='word_1_182' title='bbox 176 2754 343 2814; x_wconf 88' lang='lat' dir='ltr'><strong>Christiana</strong></span> <span class='ocrx_word' id='word_1_183' title='bbox 366 2751 593 2826; x_wconf 82' lang='lat' dir='ltr'><strong>totMamaluci</strong></span> <span class='ocrx_word' id='word_1_184' title='bbox 616 2760 701 2813; x_wconf 87' lang='lat' dir='ltr'><strong>erant</strong></span> <span class='ocrx_word' id='word_1_185' title='bbox 724 2755 753 2813; x_wconf 92' lang='lat' dir='ltr'><strong>in</strong></span> <span class='ocrx_word' id='word_1_186' title='bbox 778 2755 860 2813; x_wconf 90' lang='lat' dir='ltr'><strong>curia</strong></span> <span class='ocrx_word' id='word_1_187' title='bbox 883 2754 1005 2815; x_wconf 89' lang='lat' dir='ltr'><strong>Soldani</strong></span> <span class='ocrx_word' id='word_1_188' title='bbox 1035 2757 1115 2824; x_wconf 85' lang='lat' dir='ltr'><strong>sicut</strong></span> <span class='ocrx_word' id='word_1_189' title='bbox 1149 2753 1186 2814; x_wconf 91' lang='lat' dir='ltr'><strong>de</strong></span> <span class='ocrx_word' id='word_1_190' title='bbox 1216 2742 1355 2834; x_wconf 87' lang='lat' dir='ltr'><strong>Ungaris,</strong></span> 
     </span>
     <span class='ocr_line' id='line_1_24' title="bbox 176 2849 1355 2943; baseline 0.003 -28"><span class='ocrx_word' id='word_1_191' title='bbox 176 2855 213 2915; x_wconf 92' lang='lat' dir='ltr'><strong>de</strong></span> <span class='ocrx_word' id='word_1_192' title='bbox 237 2856 344 2933; x_wconf 90' lang='lat' dir='ltr'><strong>quibus</strong></span> <span class='ocrx_word' id='word_1_193' title='bbox 368 2854 456 2923; x_wconf 90' lang='grc'><strong>333111</strong></span> <span class='ocrx_word' id='word_1_194' title='bbox 480 2860 621 2932; x_wconf 87' lang='grc'><strong>33133133</strong></span> <span class='ocrx_word' id='word_1_195' title='bbox 646 2863 676 2915; x_wconf 92' lang='grc'><strong>31</strong></span> <span class='ocrx_word' id='word_1_196' title='bbox 698 2856 845 2916; x_wconf 87' lang='grc'><strong>3313131133</strong></span> <span class='ocrx_word' id='word_1_197' title='bbox 868 2849 1016 2918; x_wconf 82' lang='lat' dir='ltr'><strong>venerunt</strong></span> <span class='ocrx_word' id='word_1_198' title='bbox 1050 2857 1087 2918; x_wconf 90' lang='lat' dir='ltr'><strong>ad</strong></span> <span class='ocrx_word' id='word_1_199' title='bbox 1115 2856 1282 2943; x_wconf 75' lang='lat' dir='ltr'><strong>¹domiuum</strong></span> <span class='ocrx_word' id='word_1_200' title='bbox 1306 2856 1355 2918; x_wconf 89' lang='lat' dir='ltr'><strong>Jo-</strong></span> 
     </span>
     <span class='ocr_line' id='line_1_25' title="bbox 175 2948 1355 3039; baseline 0.005 -24"><span class='ocrx_word' id='word_1_201' title='bbox 175 2957 304 3017; x_wconf 89' lang='lat' dir='ltr'><strong>hannem</strong></span> <span class='ocrx_word' id='word_1_202' title='bbox 327 2958 446 3016; x_wconf 91' lang='lat' dir='ltr'><strong>socium</strong></span> <span class='ocrx_word' id='word_1_203' title='bbox 469 2963 605 3016; x_wconf 91' lang='lat' dir='ltr'><strong>nostrum</strong></span> <span class='ocrx_word' id='word_1_204' title='bbox 621 2957 658 3017; x_wconf 92' lang='lat' dir='ltr'><strong>de</strong></span> <span class='ocrx_word' id='word_1_205' title='bbox 677 2958 803 3036; x_wconf 91' lang='lat' dir='ltr'><strong>Septem</strong></span> <span class='ocrx_word' id='word_1_206' title='bbox 820 2957 950 3030; x_wconf 87' lang='lat' dir='ltr'><strong>Castris,</strong></span> <span class='ocrx_word' id='word_1_207' title='bbox 975 2977 1050 3037; x_wconf 92' lang='lat' dir='ltr'><strong>quos</strong></span> <span class='ocrx_word' id='word_1_208' title='bbox 1066 2948 1198 3021; x_wconf 69' lang='lat' dir='ltr'><strong>novit&#39;et</strong></span> <span class='ocrx_word' id='word_1_209' title='bbox 1216 2963 1355 3039; x_wconf 83' lang='lat' dir='ltr'><strong>cognitus</strong></span> 
     </span>
    </p>
   </div>
   <div class='ocr_carea' id='block_1_6' title="bbox 62 3050 1356 3142">
    <p class='ocr_par' dir='ltr' id='par_1_9' title="bbox 62 3050 1356 3142">
     <span class='ocr_line' id='line_1_26' title="bbox 62 3050 1356 3142; baseline 0.004 -25"><span class='ocrx_word' id='word_1_210' title='bbox 62 3050 64 3054; x_wconf 67' lang='grc'>’</span> <span class='ocrx_word' id='word_1_211' title='bbox 174 3059 231 3118; x_wconf 87' lang='grc'><strong>1311</strong></span> <span class='ocrx_word' id='word_1_212' title='bbox 254 3058 288 3117; x_wconf 87' lang='grc'><strong>313</strong></span> <span class='ocrx_word' id='word_1_213' title='bbox 317 3060 371 3118; x_wconf 90' lang='grc'><strong>313.</strong></span> <span class='ocrx_word' id='word_1_214' title='bbox 419 3059 515 3120; x_wconf 89' lang='lat' dir='ltr'><strong>Causa</strong></span> <span class='ocrx_word' id='word_1_215' title='bbox 547 3066 659 3135; x_wconf 85' lang='lat' dir='ltr'><strong>autem,</strong></span> <span class='ocrx_word' id='word_1_216' title='bbox 691 3078 782 3138; x_wconf 87' lang='lat' dir='ltr'><strong>quare</strong></span> <span class='ocrx_word' id='word_1_217' title='bbox 815 3067 860 3119; x_wconf 89' lang='lat' dir='ltr'><strong>tot</strong></span> <span class='ocrx_word' id='word_1_218' title='bbox 878 3061 927 3121; x_wconf 27' lang='lat' dir='ltr'><strong>*de</strong></span> <span class='ocrx_word' id='word_1_219' title='bbox 960 3061 1086 3141; x_wconf 83' lang='lat' dir='ltr'><strong>Ungaria</strong></span> <span class='ocrx_word' id='word_1_220' title='bbox 1117 3066 1186 3122; x_wconf 88' lang='lat' dir='ltr'><strong>suut</strong></span> <span class='ocrx_word' id='word_1_221' title='bbox 1215 3054 1356 3142; x_wconf 82' lang='lat' dir='ltr'><strong>abnegati</strong></span> 
     </span>
    </p>
   </div>
   <div class='ocr_carea' id='block_1_7' title="bbox 167 3159 1358 4266">
    <p class='ocr_par' dir='ltr' id='par_1_10' title="bbox 167 3159 1358 4266">
     <span class='ocr_line' id='line_1_27' title="bbox 174 3159 1354 3242; baseline 0.003 -23"><span class='ocrx_word' id='word_1_222' title='bbox 174 3159 351 3231; x_wconf 83' lang='lat' dir='ltr'><strong>Christiani,</strong></span> <span class='ocrx_word' id='word_1_223' title='bbox 374 3160 449 3220; x_wconf 89' lang='lat' dir='ltr'><strong>haec</strong></span> <span class='ocrx_word' id='word_1_224' title='bbox 474 3169 534 3221; x_wconf 89' lang='lat' dir='ltr'><strong>est:</strong></span> <span class='ocrx_word' id='word_1_225' title='bbox 559 3165 627 3240; x_wconf 88' lang='lat' dir='ltr'><strong>quia</strong></span> <span class='ocrx_word' id='word_1_226' title='bbox 651 3163 767 3224; x_wconf 89' lang='lat' dir='ltr'><strong>Turcus</strong></span> <span class='ocrx_word' id='word_1_227' title='bbox 790 3161 919 3240; x_wconf 84' lang='lat' dir='ltr'><strong>Magnus</strong></span> <span class='ocrx_word' id='word_1_228' title='bbox 935 3163 1072 3242; x_wconf 85' lang='lat' dir='ltr'><strong>Ungaros</strong></span> <span class='ocrx_word' id='word_1_229' title='bbox 1095 3165 1206 3225; x_wconf 91' lang='lat' dir='ltr'><strong>multos</strong></span> <span class='ocrx_word' id='word_1_230' title='bbox 1223 3165 1254 3225; x_wconf 91' lang='lat' dir='ltr'><strong>in</strong></span> <span class='ocrx_word' id='word_1_231' title='bbox 1274 3164 1354 3229; x_wconf 88' lang='lat' dir='ltr'><strong>bello</strong></span> 
     </span>
     <span class='ocr_line' id='line_1_28' title="bbox 174 3264 1354 3346; baseline 0.004 -24"><span class='ocrx_word' id='word_1_232' title='bbox 174 3265 267 3341; x_wconf 89' lang='lat' dir='ltr'><strong>capit,</strong></span> <span class='ocrx_word' id='word_1_233' title='bbox 302 3270 332 3323; x_wconf 90' lang='grc'><strong>31</strong></span> <span class='ocrx_word' id='word_1_234' title='bbox 363 3264 823 3341; x_wconf 79' lang='grc'><strong>333333311133313333313111,</strong></span> <span class='ocrx_word' id='word_1_235' title='bbox 856 3267 950 3326; x_wconf 92' lang='lat' dir='ltr'><strong>mittit</strong></span> <span class='ocrx_word' id='word_1_236' title='bbox 973 3266 1120 3339; x_wconf 90' lang='lat' dir='ltr'><strong>Soldano,</strong></span> <span class='ocrx_word' id='word_1_237' title='bbox 1153 3269 1225 3346; x_wconf 92' lang='lat' dir='ltr'><strong>quia</strong></span> <span class='ocrx_word' id='word_1_238' title='bbox 1248 3285 1354 3331; x_wconf 89' lang='lat' dir='ltr'><strong>seeum</strong></span> 
     </span>
     <span class='ocr_line' id='line_1_29' title="bbox 173 3352 1354 3447; baseline 0.007 -23"><span class='ocrx_word' id='word_1_239' title='bbox 173 3364 431 3443; x_wconf 89' lang='lat' dir='ltr'><strong>Constantinopoli</strong></span> <span class='ocrx_word' id='word_1_240' title='bbox 454 3385 513 3426; x_wconf 92' lang='grc'><strong>333</strong></span> <span class='ocrx_word' id='word_1_241' title='bbox 537 3376 710 3440; x_wconf 88' lang='lat' dir='ltr'><strong>manerent,</strong></span> <span class='ocrx_word' id='word_1_242' title='bbox 742 3367 796 3428; x_wconf 93' lang='lat' dir='ltr'><strong>sed</strong></span> <span class='ocrx_word' id='word_1_243' title='bbox 827 3375 916 3428; x_wconf 91' lang='lat' dir='ltr'><strong>nacta</strong></span> <span class='ocrx_word' id='word_1_244' title='bbox 948 3352 1173 3447; x_wconf 85' lang='lat' dir='ltr'><strong>opportunitate</strong></span> <span class='ocrx_word' id='word_1_245' title='bbox 1204 3370 1354 3432; x_wconf 91' lang='lat' dir='ltr'><strong>redeundi</strong></span> 
     </span>
     <span class='ocr_line' id='line_1_30' title="bbox 172 3470 1354 3550; baseline 0.006 -24"><span class='ocrx_word' id='word_1_246' title='bbox 172 3470 202 3526; x_wconf 90' lang='grc'><strong>13</strong></span> <span class='ocrx_word' id='word_1_247' title='bbox 226 3471 352 3545; x_wconf 88' lang='lat' dir='ltr'><strong>patriam</strong></span> <span class='ocrx_word' id='word_1_248' title='bbox 375 3476 547 3528; x_wconf 87' lang='lat' dir='ltr'><strong>remearent</strong></span> <span class='ocrx_word' id='word_1_249' title='bbox 569 3477 599 3529; x_wconf 88' lang='grc'><strong>31</strong></span> <span class='ocrx_word' id='word_1_250' title='bbox 621 3470 776 3549; x_wconf 85' lang='lat' dir='ltr'><strong>tugerent,</strong></span> <span class='ocrx_word' id='word_1_251' title='bbox 807 3471 888 3547; x_wconf 86' lang='lat' dir='ltr'><strong>quod</strong></span> <span class='ocrx_word' id='word_1_252' title='bbox 912 3489 974 3531; x_wconf 92' lang='lat' dir='ltr'><strong>non</strong></span> <span class='ocrx_word' id='word_1_253' title='bbox 998 3478 1126 3550; x_wconf 91' lang='lat' dir='ltr'><strong>possunt</strong></span> <span class='ocrx_word' id='word_1_254' title='bbox 1148 3471 1251 3532; x_wconf 86' lang='lat' dir='ltr'><strong>lacere</strong></span> <span class='ocrx_word' id='word_1_255' title='bbox 1274 3473 1354 3533; x_wconf 88' lang='lat' dir='ltr'><strong>hene</strong></span> 
     </span>
     <span class='ocr_line' id='line_1_31' title="bbox 172 3567 1355 3655; baseline 0.008 -28"><span class='ocrx_word' id='word_1_256' title='bbox 172 3571 256 3628; x_wconf 91' lang='lat' dir='ltr'><strong>missi</strong></span> <span class='ocrx_word' id='word_1_257' title='bbox 273 3571 302 3628; x_wconf 94' lang='grc'><strong>13</strong></span> <span class='ocrx_word' id='word_1_258' title='bbox 318 3567 496 3648; x_wconf 77' lang='lat' dir='ltr'><strong>Aegyptum.</strong></span> <span class='ocrx_word' id='word_1_259' title='bbox 527 3571 607 3632; x_wconf 90' lang='lat' dir='ltr'><strong>luter</strong></span> <span class='ocrx_word' id='word_1_260' title='bbox 621 3570 758 3652; x_wconf 81' lang='lat' dir='ltr'><strong>Ungaros</strong></span> <span class='ocrx_word' id='word_1_261' title='bbox 774 3572 842 3632; x_wconf 89' lang='lat' dir='ltr'><strong>illos</strong></span> <span class='ocrx_word' id='word_1_262' title='bbox 858 3573 915 3634; x_wconf 88' lang='lat' dir='ltr'><strong>fuit</strong></span> <span class='ocrx_word' id='word_1_263' title='bbox 937 3593 1015 3634; x_wconf 88' lang='lat' dir='ltr'><strong>unus</strong></span> <span class='ocrx_word' id='word_1_264' title='bbox 1039 3581 1147 3653; x_wconf 90' lang='lat' dir='ltr'><strong>potens</strong></span> <span class='ocrx_word' id='word_1_265' title='bbox 1172 3580 1202 3635; x_wconf 90' lang='lat' dir='ltr'><strong>et</strong></span> <span class='ocrx_word' id='word_1_266' title='bbox 1225 3592 1355 3655; x_wconf 84' lang='lat' dir='ltr'><strong>magnus</strong></span> 
     </span>
     <span class='ocr_line' id='line_1_32' title="bbox 171 3672 1356 3764; baseline 0.008 -35"><span class='ocrx_word' id='word_1_267' title='bbox 171 3672 202 3729; x_wconf 91' lang='lat' dir='ltr'><strong>iu</strong></span> <span class='ocrx_word' id='word_1_268' title='bbox 227 3673 307 3730; x_wconf 90' lang='lat' dir='ltr'><strong>ouria</strong></span> <span class='ocrx_word' id='word_1_269' title='bbox 331 3672 471 3757; x_wconf 81' lang='lat' dir='ltr'><strong>Soldani,</strong></span> <span class='ocrx_word' id='word_1_270' title='bbox 504 3678 548 3736; x_wconf 91' lang='lat' dir='ltr'><strong>vir</strong></span> <span class='ocrx_word' id='word_1_271' title='bbox 571 3676 694 3754; x_wconf 83' lang='lat' dir='ltr'><strong>longus,</strong></span> <span class='ocrx_word' id='word_1_272' title='bbox 728 3682 926 3753; x_wconf 88' lang='lat' dir='ltr'><strong>personatus,</strong></span> <span class='ocrx_word' id='word_1_273' title='bbox 961 3680 1079 3737; x_wconf 90' lang='grc'><strong>313133</strong></span> <span class='ocrx_word' id='word_1_274' title='bbox 1109 3676 1356 3764; x_wconf 82' lang='grc'><strong>31313133331333,</strong></span> 
     </span>
     <span class='ocr_line' id='line_1_33' title="bbox 172 3773 1356 3858; baseline 0.008 -25"><span class='ocrx_word' id='word_1_275' title='bbox 172 3773 836 3856; x_wconf 76' lang='grc' dir='ltr'><strong>33333(1313Τ333333333333311313333</strong></span> <span class='ocrx_word' id='word_1_276' title='bbox 868 3778 935 3837; x_wconf 91' lang='grc'><strong>31113</strong></span> <span class='ocrx_word' id='word_1_277' title='bbox 967 3797 1043 3857; x_wconf 90' lang='lat' dir='ltr'><strong>qnos</strong></span> <span class='ocrx_word' id='word_1_278' title='bbox 1074 3786 1214 3858; x_wconf 91' lang='lat' dir='ltr'><strong>ceperat,</strong></span> <span class='ocrx_word' id='word_1_279' title='bbox 1247 3788 1356 3842; x_wconf 86' lang='lat' dir='ltr'><strong>contra</strong></span> 
     </span>
     <span class='ocr_line' id='line_1_34' title="bbox 171 3870 1357 3957; baseline 0.01 -24"><span class='ocrx_word' id='word_1_280' title='bbox 171 3881 268 3934; x_wconf 91' lang='lat' dir='ltr'><strong>totum</strong></span> <span class='ocrx_word' id='word_1_281' title='bbox 301 3880 465 3940; x_wconf 86' lang='lat' dir='ltr'><strong>exercitum</strong></span> <span class='ocrx_word' id='word_1_282' title='bbox 489 3878 656 3940; x_wconf 77' lang='lat' dir='ltr'><strong>Tuscorum</strong></span> <span class='ocrx_word' id='word_1_283' title='bbox 688 3899 722 3940; x_wconf 89' lang='grc'><strong>33</strong></span> <span class='ocrx_word' id='word_1_284' title='bbox 754 3870 907 3957; x_wconf 82' lang='grc'><strong>33333311</strong></span> <span class='ocrx_word' id='word_1_285' title='bbox 928 3887 960 3940; x_wconf 89' lang='grc'><strong>31</strong></span> <span class='ocrx_word' id='word_1_286' title='bbox 981 3881 1051 3942; x_wconf 82' lang='grc'><strong>11133</strong></span> <span class='ocrx_word' id='word_1_287' title='bbox 1074 3881 1144 3941; x_wconf 91' lang='lat' dir='ltr'><strong>inde</strong></span> <span class='ocrx_word' id='word_1_288' title='bbox 1168 3876 1357 3945; x_wconf 83' lang='lat' dir='ltr'><strong>interficiens</strong></span> 
     </span>
     <span class='ocr_line' id='line_1_35' title="bbox 170 3974 1358 4063; baseline 0.012 -29"><span class='ocrx_word' id='word_1_289' title='bbox 170 3976 281 4035; x_wconf 90' lang='lat' dir='ltr'><strong>multos</strong></span> <span class='ocrx_word' id='word_1_290' title='bbox 305 3981 423 4051; x_wconf 90' lang='lat' dir='ltr'><strong>stravit,</strong></span> <span class='ocrx_word' id='word_1_291' title='bbox 454 3981 575 4042; x_wconf 86' lang='lat' dir='ltr'><strong>tandem</strong></span> <span class='ocrx_word' id='word_1_292' title='bbox 606 3990 707 4044; x_wconf 89' lang='lat' dir='ltr'><strong>autem</strong></span> <span class='ocrx_word' id='word_1_293' title='bbox 731 3989 835 4059; x_wconf 92' lang='lat' dir='ltr'><strong>captus</strong></span> <span class='ocrx_word' id='word_1_294' title='bbox 859 4001 917 4060; x_wconf 94' lang='lat' dir='ltr'><strong>pro</strong></span> <span class='ocrx_word' id='word_1_295' title='bbox 941 3990 1082 4043; x_wconf 91' lang='lat' dir='ltr'><strong>monstro</strong></span> <span class='ocrx_word' id='word_1_296' title='bbox 1100 3991 1131 4045; x_wconf 90' lang='lat' dir='ltr'><strong>et</strong></span> <span class='ocrx_word' id='word_1_297' title='bbox 1153 3974 1275 4063; x_wconf 75' lang='lat' dir='ltr'><strong>gigante</strong></span> <span class='ocrx_word' id='word_1_298' title='bbox 1298 3985 1358 4048; x_wconf 81' lang='lat' dir='ltr'><strong>tuit</strong></span> 
     </span>
     <span class='ocr_line' id='line_1_36' title="bbox 169 4073 1358 4166; baseline 0.013 -31"><span class='ocrx_word' id='word_1_299' title='bbox 169 4073 269 4137; x_wconf 86' lang='lat' dir='ltr'><strong>Turno</strong></span> <span class='ocrx_word' id='word_1_300' title='bbox 291 4088 514 4158; x_wconf 87' lang='lat' dir='ltr'><strong>praesentatus.</strong></span> <span class='ocrx_word' id='word_1_301' title='bbox 561 4083 679 4147; x_wconf 84' lang='lat' dir='ltr'><strong>Turnus</strong></span> <span class='ocrx_word' id='word_1_302' title='bbox 703 4090 804 4144; x_wconf 87' lang='lat' dir='ltr'><strong>autem</strong></span> <span class='ocrx_word' id='word_1_303' title='bbox 827 4085 1004 4146; x_wconf 86' lang='lat' dir='ltr'><strong>hortabatur</strong></span> <span class='ocrx_word' id='word_1_304' title='bbox 1027 4101 1096 4145; x_wconf 88' lang='lat' dir='ltr'><strong>eum</strong></span> <span class='ocrx_word' id='word_1_305' title='bbox 1111 4104 1223 4166; x_wconf 77' lang='lat' dir='ltr'><strong>negare</strong></span> <span class='ocrx_word' id='word_1_306' title='bbox 1241 4087 1358 4151; x_wconf 87' lang='lat' dir='ltr'><strong>Christi</strong></span> 
     </span>
     <span class='ocr_line' id='line_1_37' title="bbox 167 4177 1357 4266; baseline 0.01 -27"><span class='ocrx_word' id='word_1_307' title='bbox 167 4177 258 4240; x_wconf 84' lang='lat' dir='ltr'><strong>fldem</strong></span> <span class='ocrx_word' id='word_1_308' title='bbox 281 4188 312 4243; x_wconf 91' lang='grc'><strong>31</strong></span> <span class='ocrx_word' id='word_1_309' title='bbox 336 4200 458 4245; x_wconf 88' lang='lat' dir='ltr'><strong>sumere</strong></span> <span class='ocrx_word' id='word_1_310' title='bbox 484 4185 767 4258; x_wconf 88' lang='lat' dir='ltr'><strong>circumcisionem,</strong></span> <span class='ocrx_word' id='word_1_311' title='bbox 793 4193 824 4246; x_wconf 89' lang='lat' dir='ltr'><strong>et</strong></span> <span class='ocrx_word' id='word_1_312' title='bbox 846 4187 942 4247; x_wconf 87' lang='lat' dir='ltr'><strong>multa</strong></span> <span class='ocrx_word' id='word_1_313' title='bbox 972 4187 1031 4247; x_wconf 92' lang='lat' dir='ltr'><strong>sibi</strong></span> <span class='ocrx_word' id='word_1_314' title='bbox 1053 4189 1207 4266; x_wconf 88' lang='lat' dir='ltr'><strong>promisit,</strong></span> <span class='ocrx_word' id='word_1_315' title='bbox 1241 4189 1268 4250; x_wconf 90' lang='lat' dir='ltr'><strong>si</strong></span> <span class='ocrx_word' id='word_1_316' title='bbox 1294 4181 1357 4252; x_wconf 83' lang='lat' dir='ltr'><strong>hoc</strong></span> 
     </span>
    </p>
   </div>
   <div class='ocr_carea' id='block_1_8' title="bbox 0 0 1442 4770">
    <p class='ocr_par' dir='ltr' id='par_1_11' title="bbox 0 0 1442 4770">
     <span class='ocr_line' id='line_1_38' title="bbox 0 0 1442 4770; baseline 0 3"><span class='ocrx_word' id='word_1_317' title='bbox 0 0 1442 4770; x_wconf 95' lang='lat' dir='ltr'><strong> </strong></span> 
     </span>
    </p>
   </div>
  </div>
 </body>
</html>
