2902 4710
733 148 781 221 90

166 326 283 406 templa
305 342 419 390 eorum.
465 295 511 389 ut'
524 330 557 389 in
578 328 637 391 hoe
655 331 807 392 imitantur
821 328 952 410 gentiles
968 328 1157 401 idololatras,
1182 316 1220 390 de
1237 327 1345 408 quihus

48 446 56 457 ‘
169 425 355 506 Augustinus
379 430 442 491 Lih.
462 426 517 496 -10.
541 430 722 493 decivitate
746 433 802 493 Dei
827 452 852 493 c.
877 429 928 494 31.
953 431 1043 503 dicit,
1067 432 1148 511 quod
1170 433 1299 494 theletus
1315 439 1346 493 et

50 528 55 539 '
170 533 315 609 mysteria
337 533 515 603 incluserint
536 536 716 613 parietibus,
750 552 806 596 nec
829 536 915 595 licuit
937 533 975 595 de
999 539 1043 596 eis
1067 537 1166 614 loqui,
1200 539 1269 614 quia
1292 536 1345 597 de·

170 634 313 714 prehensi
334 634 620 708 luisseuterrores,
649 640 674 697 si
690 638 810 716 publice
833 638 870 699 de
886 641 931 698 eis
953 637 1160 719 disputassent
1182 636 1281 720 (106
1301 638 1344 719 a)

171 741 203 797 et
225 738 355 815 origines
383 737 509 799 deorum
539 737 569 798 in
592 741 731 800 notitiam
752 741 858 818 populi
880 739 1089 814 devenissent,
1122 744 1192 820 qnia
1225 742 1346 804 inerunt

170 841 239 918 puri
261 839 414 912 homines,
445 848 478 902 ut
506 839 639 921 Jupiter,
673 842 820 904 Saturnus
850 850 918 915 etc,
940 862 1027 922 -quos
1058 846 1195 906 homines
1218 863 1236 904 e
1259 844 1344 906 coelo

171 943 292 1004 venisse
325 942 495 1006 credebaut.
540 946 581 1006 Et
606 945 678 1006 ideo
707 944 849 1024 Aegyptii
878 946 910 1006 in
940 939 1022 1007 omni
1053 947 1167 1026 templo
1197 947 1347 1007 habehant

171 1043 363 1105 simulacrum
392 1043 447 1106 Isis
480 1053 511 1107 et
537 1047 675 1128 Serapis,
707 1049 835 1128 digitum
865 1053 910 1110 ori
939 1039 1065 1111 habeus
1082 1050 1272 1128 impositum,
1308 1047 1345 1109 ad

169 1147 355 1212 innuendum
383 1145 552 1222 silentium,
593 1172 632 1214 ne
663 1156 730 1232 quis
761 1171 814 1214 eos
845 1154 985 1215 homiues
1020 1134 1134 1217 diceret
1164 1153 1275 1223 fuisse,
1315 1160 1346 1213 et

53 1261 56 1263 ’
171 1253 223 1330 qui
245 1250 476 1324 hoc'diceret,
499 1257 597 1332 capite
627 1259 806 1336 privaretur.
850 1258 888 1318 Et
909 1252 1047 1319 Valerius
1070 1255 1159 1316 Libro
1185 1253 1213 1319 1.
1236 1261 1345 1327 narrat,

169 1354 252 1434 quod
274 1354 457 1433 Tarquinius
487 1374 541 1417 rer
566 1356 659 1433 jussit
679 1357 817 1420 Marcum
847 1362 879 1420 in
912 1377 1020 1439 aquam
1050 1358 1175 1443 projici,
1208 1377 1262 1438 pro
1295 1376 1343 1430 en,

169 1461 239 1538 quia
261 1459 371 1520 librum
393 1477 466 1520 suae
491 1459 645 1522 custodiae
670 1464 885 1533 commissum,
909 1465 942 1524 in
955 1480 1015 1541 quo
1030 1464 1174 1541 mysteria
1191 1467 1344 1522 s'acrornm

170 1560 328 1640 gentilium
350 1565 597 1636 continebantur,
621 1566 897 1629 transscribendum
922 1564 1041 1626 cuidam
1057 1563 1192 1626 credidit.
1240 1564 1291 1624 Sic
1314 1571 1346 1624 et

169 1663 214 1724 illi
237 1664 395 1726 Sarraceni
417 1666 527 1727 librum
546 1664 732 1734 'Machometi
763 1671 925 1730 occultant.
960 1668 1007 1728 ⁴Et
1039 1669 1175 1746 quamvis
1204 1669 1343 1727 omnihus

170 1765 270 1826 modis
293 1766 447 1827 occultent
469 1786 539 1829 eum
561 1787 577 1830 a
600 1770 793 1843 Christianis,
820 1760 941 1857 'dudum
964 1775 1075 1832 tamen
1089 1770 1251 1831 Christiani
1274 1785 1344 1830 eum

169 1868 348 1929 hahuerunt.
392 1870 470 1930 Nam
499 1873 620 1949 quidam
649 1873 741 1937 irater
773 1875 886 1935 ordinis
909 1870 1167 1943 Praedicatorurn‚
1200 1871 1344 1955 Ricoldus

171 1972 309 2042 nomine,
333 1974 437 2033 nescio
461 1991 521 2051 quo
537 1976 639 2047 colore
656 1976 706 2038 diu
722 1979 902 2038 moratusin
914 1976 1059 2048 Baldach,
1082 1976 1133 2036 uhi
1147 1978 1344 2054 praecipuum

172 2073 306 2135 studium
328 2075 562 2137 Sarracenor‘um
586 2081 685 2139 estin
708 2081 776 2158 lege
798 2073 979 2152 Mahometi‚
1004 2077 1042 2138 ad
1064 2078 1187 2155 plenum
1209 2078 1344 2139 eruditus

171 2181 202 2240 in
216 2179 317 2257 lingua
331 2178 457 2242 Arabica
478 2180 677 2254 Alcnranum,
701 2188 804 2244 contra
828 2162 893 2259 ejus
915 2165 1044 2260 ineptias
1066 2181 1192 2260 pulchra
1215 2182 1345 2258 scripsit,

171 2290 206 2344 ut
229 2264 329 2351 aaran
342 2285 481 2349 dominns
503 2286 645 2347 Nicolaus
668 2285 706 2346 de
723 2286 811 2359 (lusa.
826 2283 991 2349 Cardinalis
1014 2288 1044 2346 in
1068 2287 1193 2364 prologo
1215 2284 1282 2344 libri
1305 2281 1343 2342 de

170 2386 517 2451 cribratione‘Alcnrani.
564 2389 625 2451 Sed
648 2396 679 2450 et
694 2389 822 2455 Sanctus
845 2389 979 2450 Thomas
1003 2395 1107 2450 contra
1129 2370 1345 2464 eum‘scripsit

64 2546 67 2554 .
172 2491 209 2553 ad
225 2499 380 2554 cantorem
393 2492 614 2555 Antiochenum
638 2493 677 2554 de
700 2496 867 2557 rationibus
889 2493 968 2553 fidei.
989 2492 1036 2552 ⁴Et
1051 2490 1216 2552 Cardinalis
1232 2489 1344 2550 ordinis

171 2597 267 2657 nostri
289 2595 326 2656 de
344 2595 574 2658 Turrecremata
597 2599 689 2657 etiarn
711 2602 815 2657 contra
830 2593 961 2678 Alooran
983 2601 1143 2656 tractatum
1165 2595 1344 2671 composuit.

170 2698 208 2760 Et
229 2696 351 2777 quidam
371 2699 463 2761 irater
476 2703 584 2770 ‚minor
604 2702 635 2762 iu
665 2700 741 2760 libro
759 2698 811 2759 'de
841 2697 984 2758 fortalitio
1017 2695 1088 2757 fidei
1117 2694 1210 2753 multa
1243 2702 1347 2755 contra

172 2821 241 2863 eum
273 2803 395 2865 invehit.
440 2793 503 2865 Sed
535 2804 643 2863 ultimo
674 2800 813 2862 dominus
844 2801 986 2863 Nicolaus
1018 2800 1055 2860 de
1078 2798 1157 2870 Cusa
1181 2795 1345 2858 Cardinalis

171 2905 300 2982 ineptias
323 2898 464 2966 Alcorani
487 2914 518 2966 et
538 2886 680 2966 stultitias
689 2916 801 2966 omnes
818 2889 946 2976 deterit,
969 2905 1080 2966 librum
1095 2901 1227 2970 nobilem
1243 2891 1346 2962 contra

173 3024 243 3066 eum
266 3009 401 3069 scribens
424 3012 515 3070 trium
539 3009 668 3086 partium
691 3013 723 3068 et
738 2999 1133 3088 multorum'capitulorum,
1156 3007 1186 3065 in
1201 3023 1270 3084 quo,
1293 3008 1345 3083 qui

171 3109 316 3180 voluerit,
351 3113 463 3189 poterit
492 3109 595 3172 videre
627 3110 811 3171 fatuissimos
844 3122 961 3171 errores
985 3113 1063 3171 inter
1093 3111 1216 3170 eximias
1239 3107 1343 3169 laudes

173 3211 301 3284 Christi,
316 3214 421 3275 heatae
435 3212 564 3284 Mariae,
582 3212 725 3274 iohannis
740 3213 909 3293 Baptistae,
936 3213 1107 3285 Elinaheth,
1125 3210 1345 3290 apostolorum

167 3321 204 3377 ‘et
233 3315 402 3395 Evangelii,
432 3333 510 3395 qnae
541 3319 641 3379 onmia
671 3317 758 3378 valde
780 3320 810 3378 in
834 3334 871 3378 eo
900 3317 1073 3389 laudantur,
1104 3335 1173 3378 cum
1199 3316 1344 3376 immixtis

171 3419 510 3500 pestiferis-erroribus.
555 3420 601 3482 De
623 3424 684 3483 vita
707 3429 828 3483 aeterna
850 3421 999 3500 loquitur,
1015 3420 1052 3481 de
1076 3419 1195 3480 lnfemo
1211 3426 1242 3480 et
1256 3418 1344 3479 Para-

173 3524 240 3586 diso
262 3530 293 3584 et
315 3541 407 3602 saepe
430 3523 468 3584 de
491 3531 625 3587 extremo
645 3525 761 3603 judicio
785 3524 876 3587 etde
900 3523 1053 3585 miraculis
1069 3523 1181 3583 Christi
1203 3529 1235 3582 et
1257 3540 1343 3583 sano-

171 3629 257 3689 titate
280 3645 350 3688 eum
372 3630 561 3689 imitantium.
608 3628 670 3690 Sed
699 3633 729 3689 in
758 3637 823 3691 tota
858 3631 937 3690 serie
959 3625 1087 3687 hlooran
1118 3641 1284 3702 numquam
1313 3625 1346 3685 iit

172 3733 286 3792 mentio
309 3731 347 3793 de
370 3733 511 3810 passione
535 3738 566 3792 et
588 3750 678 3793 cruce
694 3732 823 3803 Christi,
847 3734 878 3792 in
901 3750 961 3810 quo
984 3737 1089 3791 tamen
1110 3735 1158 3788 est
1173 3728 1263 3800 salus,
1286 3730 1347 3789 vita

171 3840 205 3897 et
226 3837 409 3896 resurreetio
432 3841 535 3896 nostra
557 3841 588 3895 et
608 3839 744 3897 omnium
758 3843 1014 3898 sacramentorum
1030 3833 1179 3902 eihcacia,
1202 3837 1235 3891 et
1250 3833 1344 3910 scrip-

170 3946 307 4002 turarum
329 3939 511 4018 adimpletio.
555 3919 681 4016 Er'quo
704 3945 786 4016 patet
808 3939 932 4000 falsitas.
978 3938 1064 3999 Sicut
1093 3941 1194 4004 autem
1219 3936 1344 3996 abscon-

173 4043 247 4106 dunt
274 4043 358 4104 illum
389 4045 498 4106 librum
520 4060 536 4103 a
559 4042 663 4112 nohis,
694 4059 733 4103 ne
762 4060 867 4104 eorum
889 4043 1042 4105 fatuitates
1074 4036 1345 4117 deprehendamus,
1430 4074 1438 4088 ι

172 4147 218 4208 sic
241 4163 347 4214 eorum
370 4145 511 4206 doctores
534 4151 715 4224 praecavent
737 4151 768 4207 et
791 4145 952 4224 prohibent
973 4144 1165 4214 sarracenis,
1189 4159 1228 4203 ne
1249 4142 1346 4203 Evan-
