2874 4770
661 169 735 242 ast

115 352 309 415 marcescunt
338 352 390 413 aut
420 348 578 412 oleasount
594 353 634 411 et
653 346 802 428 insipidae
824 348 908 410 liunt.
952 347 985 409 ln
1008 347 1169 410 Orientem
1193 353 1293 409 autem

115 455 226 519 ductae
257 470 380 534 semper
408 456 529 514 manent
552 453 645 512 etiarn
673 469 729 532 per
761 457 883 512 centurn
907 469 1001 514 annos
1024 453 1089 512 sine
1115 451 1243 512 deiectu
1266 457 1292 510 et

115 558 186 622 ideo
209 574 301 629 sanae
324 563 356 619 ct
382 558 534 637 pretiosae
566 556 745 619 eliciuntur.
791 557 876 618 Vnde
898 555 1067 618 Amalfitani
1095 562 1290 627 mercatores,

115 662 155 726 de
176 660 311 733 Amalba,
332 659 460 740 Apuliae
484 659 613 732 civitate,
635 660 726 739 primi
748 658 911 720 creduntur
932 659 1043 732 inisse,
1068 661 1119 737 qui
1143 659 1290 720 avellanas

114 764 339 844 inaegyptum
362 769 393 825 et
415 763 549 844 Syriam,
581 763 756 843 peregrinas
779 764 882 841 ntique
915 780 1050 834 meroes,
1083 762 1158 840 quas
1184 761 1289 822 Oriens

116 870 201 950 priua
223 885 285 929 uon
306 873 447 938 noverat,
470 863 699 927 lucrifaciendi
721 882 812 927 cansa
826 883 887 945 ,per
902 883 985 927 mare
1008 865 1183 928 detulerunt
1205 869 1289 945 longe

39 1026 52 1053 ,
115 980 185 1036 ante
209 979 348 1051 tempora
370 969 564 1041 Latinorum,
587 968 659 1030 dum
681 968 780 1030 adhuc
801 987 930 1049 regnum
944 970 1249 1048 hierosolymitanum
1262 972 1290 1030 in

113 1075 253 1139 manibus
284 1079 350 1160 erat
379 1079 575 1153 paganorum.
619 1070 747 1152 Propter
776 1071 831 1133 has
863 1087 935 1151 ergo
965 1091 1084 1133 merces
1117 1080 1290 1137 meruerunt

113 1178 285 1245 annatim
309 1179 436 1257 gratiam
459 1183 491 1237 et
512 1176 646 1237 favorem
668 1174 859 1237 dominorum
874 1183 988 1248 terrac;
1015 1176 1110 1249 unde,
1136 1180 1207 1256 quia
1222 1184 1289 1239 tunc

113 1281 217 1346 Latini
238 1285 271 1344 in
292 1279 463 1346 Jerusalem
484 1277 601 1340 nubum
624 1278 771 1339 habebant
793 1279 908 1351 locum,
930 1281 962 1339 in
984 1298 1043 1358 quo
1066 1281 1289 1360 hospitarentur

114 1387 282 1468 peregrini,
298 1385 492 1446 obtinuerunt
505 1381 632 1460 praelati
645 1389 830 1444 mercatores
844 1401 862 1442 a
877 1400 949 1461 rege
963 1381 1092 1464 Aegypti
1107 1390 1289 1463 potestatem

113 1485 310 1551 construendi
330 1485 535 1548 habitaculum
555 1485 587 1544 in
610 1501 801 1565 quocumque
824 1487 892 1547 loco
915 1487 1083 1548 voluissent
1105 1489 1137 1548 in
1169 1490 1287 1549 civitate

111 1598 240 1655 sancta..
272 1590 324 1652 Sic
345 1606 429 1667 ‚erge
461 1593 530 1650 ante
549 1586 673 1666 januam
694 1589 845 1651 ecclesiae
870 1588 1036 1650 dominicae
1059 1593 1287 1651 resurrectionis

102 1686 346 1759 aedificaverunt
367 1694 586 1755 monasterium
608 1695 640 1755 in
661 1694 809 1754 honorem
836 1694 943 1754 beatae
966 1690 1081 1754 Mariae
1104 1693 1237 1772 Virginis
1261 1699 1289 1753 et

112 1800 252 1862 abbatem
274 1804 307 1860 et
328 1797 493 1859 monachos
515 1791 626 1860 latinos
649 1799 861 1875 imposuerunt
883 1802 915 1857 et
937 1799 1007 1876 quia
1028 1793 1129 1857 Latini
1152 1796 1185 1857 id
1207 1797 1286 1858 iece-

106 1908 199 1974 runt,
230 1902 461 1962 neminarerunt
488 1900 591 1961 locum
621 1899 731 1961 Sancta
762 1897 859 1960 Maria
889 1900 927 1976 de
949 1898 1063 1961 Latina.
1109 1901 1190 1961 Ecce
1213 1900 1287 1961 hano

1 2045 3 2049 ,
112 2002 239 2082 gratiam
261 2004 454 2065 obtinuerunt
476 2020 547 2065 eum
569 2004 713 2066 atellanis
729 2002 900 2064 Christiani.
946 2002 991 2063 De
1008 2020 1067 2081 quo
1085 2020 1186 2081 supra.
1209 2004 1242 2064 P.
1260 2000 1286 2066 1.

111 2107 164 2169 iol.
187 2103 261 2196 268.
284 2106 322 2170 t.
472 2175 475 2179 ,
1174 2109 1176 2114 ’

199 2210 263 2272 Die·
278 2209 415 2285 xxvu,
440 2226 518 2290 qnae
548 2214 594 2272 est
615 2209 717 2291 uigilia
740 2209 871 2269 Simonis
894 2215 926 2270 et
948 2208 1043 2270 Judae
1071 2210 1287 2287 apostolerum,

110 2332 202 2379 mane
225 2317 264 2378 ad
286 2316 450 2389 dicendum
471 2313 605 2399 officium
628 2331 731 2374 meum
754 2313 869 2373 surrexi
892 2318 923 2372 et
945 2311 1092 2400 descendi
1112 2314 1145 2372 in
1175 2316 1288 2375 curiam

110 2426 147 2487 et
165 2421 222 2481 aub
244 2419 413 2492 testudine,
435 2434 513 2500 quae
537 2418 640 2484 estin
660 2417 782 2477 introitu
805 2421 910 2493 portae
934 2414 1058 2487 domus,
1089 2415 1157 2476 sedi
1187 2435 1286 2478 orans.

109 2507 219 2586 adnuo
239 2530 341 2584 autem
362 2529 427 2603 erat
448 2527 545 2602 porta.
558 2520 667 2581 domus
692 2519 810 2589 clausa,
835 2535 925 2595 quam
939 2521 1083 2598 ¹aperiunt
1099 2515 1132 2579 et
1145 2520 1288 2581 claudunt

112 2621 270 2688 Sarraceni
292 2626 329 2687 ab
353 2633 436 2687 extra
458 2623 495 2686 ad
517 2624 675 2702 placitum,
699 2624 778 2682 sicut
800 2615 906 2683 omnes
929 2623 1002 2703 alias
1018 2606 1125 2691 domus
1143 2623 1287 2684 Christia-

110 2724 237 2801 norum,
260 2728 298 2791 ad
320 2746 395 2807 quas
418 2730 477 2807 ipsi
500 2733 532 2787 et
545 2731 607 2786 non
629 2724 842 2786 inhabitatores
858 2725 1020 2797 Christiani
1042 2725 1141 2788 claves
1166 2727 1286 2788 hahent.

109 2831 178 2898 Pari
200 2830 290 2893 modo
312 2831 458 2910 deipsis,
482 2828 554 2901 dum
576 2831 647 2887 sunt
669 2826 806 2889 Venetiis
829 2830 1035 2908 negotiantes,
1058 2847 1130 2890 nam
1153 2829 1286 2901 domurn,

109 2934 142 2997 iu
163 2949 223 3011 qua
244 2926 316 2994 sunt
327 2932 497 3008 ebriatiani,
509 2948 531 2994 a
546 2930 619 2992 ioris
640 2931 778 2993 noctibus
795 2932 950 3005 claudunt,
972 2951 1011 2993 ne
1027 2935 1093 3010 quis
1108 2933 1158 2996 vel
1174 2936 1287 2994 intrare

109 3037 263 3100 rel-exire
285 3039 398 3116 possit,
431 3043 466 3099 ut
492 3024 634 3097 *ncctnmi
662 3037 791 3097 insultus
820 3044 1064 3115 praecaveantur.
1109 3035 1161 3098 Me
1185 3043 1288 3098 autern

108 3141 151 3204 ibi
172 3140 299 3202 sedente
322 3141 404 3202 venit
426 3141 597 3219 pontuarius
612 3139 796 3201 Sarracenus
811 3148 853 3202 et
866 3149 985 3203 remoto
1001 3142 1145 3220 repagulo
1164 3149 1196 3203 et
1210 3141 1288 3201 seris

110 3246 229 3323 aperuit
250 3244 353 3305 ambas
375 3244 476 3306 valvas
500 3249 530 3304 et
562 3243 643 3305 abiit.
683 3243 812 3304 'Surreui
845 3262 916 3323 ergo
949 3252 980 3306 et
1010 3245 1065 3305 suh
1096 3246 1175 3305 ostio
1207 3245 1286 3315 steti,

108 3330 276 3426 respiciens
294 3339 538 3410 vdcambnlantes
571 3351 601 3411 et
624 3345 703 3425 apud
737 3364 786 3426 me
819 3336 964 3419 mirabar,
997 3346 1034 3407 de
1067 3352 1128 3408 tam
1159 3346 1287 3408 diversis

108 3451 279 3515 hominibus
298 3450 558 3531 percurrentibus,
581 3449 642 3512 vidi
666 3452 747 3512 enim
763 3451 947 3513 Christianos
974 3451 1100 3522 multos,
1124 3449 1287 3511 orientales

109 3561 140 3617 et
162 3555 374 3634 occidentales,
395 3555 537 3630 ludaeos,
555 3556 770 3645 Samaritanus,
787 3557 980 3629 Sarracenos,
995 3554 1201 3622 Mamalnccos
1217 3573 1286 3633 pro-

108 3659 324 3729 miscuisexus,
335 3661 413 3720 inter
421 3677 497 3739 quos
505 3663 687 3739 pertransire
698 3661 819 3722 volebat
831 3661 952 3739 qnidam
958 3659 1077 3737 juvenis
1086 3660 1286 3731 barbitonsor,

109 3778 201 3841 quem
223 3764 305 3841 prius
322 3763 459 3825 venetiis
481 3781 624 3825 noveram
631 3782 639 3834 ;
664 3763 743 3824 hunc
766 3770 800 3824 ut
821 3763 889 3836 vidi,
912 3766 1017 3825 vocavi
1039 3763 1152 3834 italice,
1177 3765 1194 3822 d
1218 3763 1286 3822 bar-

107 3864 215 3927 barero
242 3881 332 3937 vena3
366 3872 397 3927 et
429 3866 555 3946 audens
583 3850 676 3949 venit.
704 3867 779 3928 ‘Cui
809 3867 884 3940 diui,
916 3869 1049 3939 utinam,
1083 3868 1163 3938 bone
1193 3868 1286 3938 socie,

109 3984 211 4030 essem
233 3969 264 4029 in
286 3968 454 4031 habitaculo
476 3975 545 4040 tuo,
576 3976 611 4030 ut
633 3976 723 4052 caput
746 3972 819 4032 mihi
841 3972 958 4033 lavares
981 3977 1012 4032 et
1034 3971 1156 4032 barbam
1180 3976 1211 4031 et
1235 3989 1286 4031 oo-

107 4087 213 4133 ronam
235 4088 335 4134 meam
357 4072 497 4144 raderes,
531 4075 684 4151 captivus,
715 4075 791 4147 heu,
824 4093 893 4149 sum
922 4076 1062 4136 detentus
1087 4092 1157 4136 curn
1179 4075 1286 4136 aliisa

107 4172 380 4243 Trutsobeluranno
411 4181 536 4258 prepter
564 4175 665 4246 debita
696 4177 851 4242 soluenda
877 4175 942 4240 ·Ad
970 4177 1052 4258 quod
1081 4176 1202 4256 juvenis
1234 4196 1284 4240 re·
