2902 4710
613 85 618 101 '
695 117 796 197 ,aaa

174 299 205 357 in
239 311 347 357 manus
378 294 437 356 init
465 291 604 355 devoluta
632 291 818 355 Venetorum
853 298 885 354 et
915 291 1005 354 hodie
1037 308 1143 353 eorum
1172 296 1221 353 est
1248 290 1357 356 ditioni

176 399 304 468 subdita.
1082 392 1085 401 '

262 505 318 565 Die
341 501 460 573 lllllll„
484 508 646 582 antequam
667 501 872 573 illucesceret,
896 502 1050 564 solverunt
1072 501 1203 562 classem
1225 518 1242 561 a
1265 496 1356 580 portu

176 608 341 688 Corcyrae,
376 614 408 669 et
431 607 527 668 solitis
550 606 701 668 laboribus
724 606 834 668 educta
856 606 913 667 luit
937 606 975 666 ad
997 604 1103 665 canale
1126 605 1238 677 latum,
1272 603 1357 682 quod

176 711 281 774 dividit
302 711 434 790 Epyrum
456 712 493 772 ab
515 712 638 782 insulis,
672 727 746 789 quas
763 708 931 772 'nominant
960 708 1160 788 Gazopoteos.
1206 707 1263 769 Per
1297 708 1364 768 boo‘

176 815 279 876 canale
302 815 359 876 Dei
382 833 418 876 en
442 817 537 894 gratia
559 816 672 876 bonum
694 815 853 876 babuimus
886 821 1012 881 ventum
1042 831 1100 875 nec
1122 810 1266 874 retardati
1292 797 1355 873 iui-

175 936 243 980 mus
266 921 424 997 voragine,
448 931 532 997 quae·
547 919 587 979 ibi
611 920 788 980 aestimatur
811 935 897 989 esse,
928 919 1006 978 sicut
1028 916 1088 978 dixi
1111 914 1144 978 P.
1167 913 1190 976 l‘.
1214 913 1276 977 Fol.
1302 911 1355 978 13.

175 1019 252 1082 Nam
267 1021 386 1101 quando
409 1041 471 1083 non
485 1023 564 1084 ‘sunt
585 1023 677 1094 venti,
700 1021 818 1082 solutae
839 1039 932 1084 naves
955 1023 986 1081 in
1002 1021 1130 1100 quodam
1152 1019 1220 1081 loco
1244 1009 1357 1081 canalis

175 1126 358 1198 subsistunt,
393 1133 423 1188 ct
446 1126 536 1188 nullis
561 1126 748 1204 galeotarum
770 1125 921 1188 laboribus
944 1124 1032 1187 educi
1055 1130 1183 1209 possunt
1212 1124 1277 1187 sine
1301 1122 1354 1184 ad·

172 1229 285 1308 jutorio
309 1231 434 1292 aliarum
454 1231 594 1302 navium;
628 1236 687 1291 stat
718 1232 800 1291 enirn
821 1231 906 1292 navis
938 1236 970 1292 et
998 1236 1112 1291 rotatur
1146 1230 1288 1290 continue
1323 1233 1356 1288 et

175 1336 216 1396 ibi
239 1335 420 1396 subintraret
442 1351 565 1413 aquarn,
602 1336 660 1394 nisi
683 1333 756 1416 ejus·
777 1333 933 1413 longitudo
962 1335 1149 1406 obsisteret,
1180 1350 1252 1394 nam
1275 1350 1355 1410 aqua

176 1438 309 1499 creditur
336 1437 376 1498 ibi
406 1455 461 1517 per
490 1439 664 1516 voraginem
694 1445 726 1497 et
753 1438 867 1498 hiatum
890 1437 948 1498 labi
977 1439 1009 1497 in
1032 1421 1183 1517 abyssum.
1228 1435 1264 1496 ln
1285 1436 1354 1514 ipso

176 1541 271 1604 canali
294 1543 498 1620 navigavimus
522 1559 577 1620 per
598 1559 722 1619 rupem,
757 1558 834 1620 quae
858 1540 897 1601 dc
919 1540 1067 1620 profundo
1090 1543 1181 1601 maris
1210 1536 1253 1600 se-
1265 1538 1355 1610 tollit,

176 1648 207 1707 in
231 1663 289 1724 qua
318 1644 470 1723 quondam
499 1654 662 1725 generatus
693 1654 740 1709 cst
768 1648 906 1708 immanis
935 1653 966 1707 et
991 1648 1132 1708 terribilis
1162 1645 1269 1716 draco,
1303 1643 1355 1720 qui

176 1768 266 1829 supra
290 1751 442 1810 civitatem
459 1750 628 1829 Gazopam,
651 1752 681 1813 in
705 1752 1067 1830 opposito'promontorio
1089 1750 1277 1818 existentem,
1300 1763 1354 1808 vo·

175 1854 264 1915 litans
287 1853 386 1913 urenti
410 1852 543 1915 anhelitu
565 1853 662 1934 ipsam
684 1854 802 1927 iniecit,
831 1857 935 1935 etqui
958 1873 974 1916 a
998 1861 1095 1917 morte
1119 1855 1231 1934 erepti,
1265 1851 1354 1930 luge·

176 1960 246 2018 runt
279 1962 310 2015 et
339 1958 440 2015 omnia
470 1956 711 2036 dereliquerunt,
745 1956 826 2019 unde
859 1959 948 2020 hodie
980 1966 1060 2021 stant
1096 1959 1173 2018 muri
1216 1955 1354 2024 civitatis,

177 2061 268 2120 turris
292 2065 323 2119 et
345 2058 467 2132 domus,
491 2060 546 2122 sed
571 2063 637 2122 sina
659 2063 743 2122 omni
757 2061 934 2122 habitatore.
967 2062 1043 2124 Cum
1059 2069 1159 2123 autem
1173 2077 1228 2139 per
1243 2056 1355 2118 multos

178 2181 271 2225 annos
293 2163 393 2225 bellua
415 2166 472 2226 ista
494 2166 535 2226 ibi
558 2167 696 2227 omnibus
718 2164 947 2240 formidabiliter
961 2169 1119 2237 existeret,
1132 2163 1259 2225 incolae
1282 2179 1355 2240 pru·

178 2267 262 2330 denti
294 2270 342 2328 usi
376 2270 502 2331 consilio
532 2269 658 2332 cadaver
687 2269 820 2332 bominis
851 2288 969 2333 veneno
998 2272 1236 2331 intoxicaverunt
1264 2268 1355 2344 eique

177 2371 388 2452 projecerunt,
417 2392 477 2453 quo
501 2373 644 2436 devorato
669 2376 783 2435 scissus
805 2381 913 2436 venter
935 2375 1050 2435 bestiae
1072 2375 1196 2436 interiit.
1215 2365 1218 2369 ’
1240 2373 1357 2435 Dicunt

177 2477 275 2538 adhuc
298 2495 367 2556 esse
390 2481 422 2539 in
445 2478 753 2540 ecolesia'aedituum
776 2479 904 2539 liberum
934 2481 994 2538 ne'c
1020 2485 1093 2539 tunc
1117 2495 1187 2539 curn
1209 2477 1275 2538 aliis
1299 2475 1354 2537 ho·

177 2583 307 2644 minibus
330 2583 493 2654 iniectum,
525 2601 561 2644 ex
584 2601 644 2662 quo
674 2590 818 2662 arguunt,
852 2589 976 2663 propter
1005 2581 1163 2643 bominum
1195 2586 1356 2660 peecatum

176 2689 360 2766 permissum
402 2689 518 2750 saevire
562 2687 734 2749 draconem.
791 2689 890 2768 Saepe
908 2679 911 2686 ’
926 2690 1009 2749 enim
1042 2689 1177 2749 immittit
1211 2685 1354 2773 dominus
1386 2766 1388 2773 y

175 2797 302 2870 propter
323 2797 448 2868 peccata
468 2791 622 2852 hominum
645 2792 763 2871 plagas,
799 2793 878 2871 sicut
901 2792 1026 2871 contigit
1053 2793 1086 2852 in
1108 2789 1246 2870 Aegypto
1269 2794 1302 2849 et
1323 2789 1354 2847 in

175 2890 329 2964 Massam,
361 2901 442 2956 terra
470 2897 597 2974 optima,
629 2895 684 2957 sed
716 2902 777 2957 tota
812 2894 947 2956 desolata
976 2902 1098 2975 propter
1129 2893 1355 2957 multitudinem

177 3014 352 3060 aranearum
388 3003 418 3058 et
452 3001 655 3078 scorpionum.
700 3001 737 3061 Et
773 2999 922 3079 quaedam
953 2997 1064 3078 Libyae
1103 3000 1208 3059 civitas
1247 3016 1354 3076 magna

175 3119 270 3163 vacua
293 3108 395 3163 manet
410 3109 533 3181 propter
549 3104 696 3182 impetum
712 3105 845 3165 leonum.
875 3103 957 3164 Haec
981 3109 1018 3178 et„
1034 3084 1224 3164 similin'dico
1248 3119 1355 3162 eorum

176 3204 283 3282 gratia,
319 3206 369 3282 qui
404 3223 510 3285 parurn
541 3206 723 3286 quandoque
756 3208 827 3269 fidei
857 3207 1070 3287 scriptoribus,
1104 3212 1138 3267 ut
1166 3205 1355 3268 incredibilia

174 3309 379 3380 narrantibus,
403 3309 522 3371 babent.

262 3413 324 3474 Sub
348 3414 467 3476 civitate
491 3432 583 3494 super
605 3415 688 3481 littus
719 3417 809 3477 maris
847 3422 894 3477 est
917 3394 975 3478 unu
1009 3415 1116 3477 beatae
1139 3415 1270 3493 Virginis
1302 3431 1353 3478 ec·

175 3516 283 3588 clesia,
306 3518 336 3576 in
360 3535 418 3595 qua
443 3518 551 3581 dicitur
573 3519 688 3600 lampas
712 3539 835 3600 semper
857 3521 963 3582 ardere
988 3523 1053 3581 sine
1068 3520 1199 3589 humano
1226 3519 1354 3581 admini-

176 3619 259 3690 culo,
281 3637 341 3680 non
364 3628 471 3684 natura
502 3624 558 3685 sed
582 3623 681 3686 divino
706 3624 861 3686 miraculo.
907 3624 975 3685 Non
1009 3626 1053 3684 sie
1076 3624 1192 3707 lampas
1215 3624 1354 3696 Veneris,

174 3739 232 3787 neo
254 3717 378 3784 lucerna
391 3724 550 3797 Pallantis,
574 3743 652 3805 quae
676 3729 769 3789 etiam
785 3730 851 3789 sine
866 3728 996 3791 humano
1012 3729 1183 3789 ministerio
1199 3727 1354 3800 ardebant,

174 3824 230 3885 sed
253 3844 312 3886 non
336 3829 401 3888 sine
424 3829 553 3890 humana
578 3838 658 3902 arte,
681 3849 739 3893 nec
762 3834 828 3892 sine
852 3839 976 3893 naturae
994 3830 1206 3910 dispositione,
1225 3830 1263 3893 de
1287 3833 1354 3910 qui·

173 3929 230 3992 bus
253 3929 366 3990 dictum
390 3937 437 3991 est
459 3949 548 4010 supra
571 3932 634 3992 Fol.
661 3929 723 3995 140
739 3936 768 3995 b.
840 4000 845 4005 ,

262 4033 410 4096 Celeriter
441 4052 513 4114 ergo
541 4035 608 4096 loca
635 4036 686 4098 illa
725 4039 990 4117 pertransivimus,
1035 4038 1090 4119 sed
1121 4041 1230 4100 mirum
1261 4037 1354 4109 dictu,

175 4154 248 4200 ecco
270 4140 352 4200 enim
373 4140 454 4202 circa
476 4142 619 4220 vesperas
642 4142 819 4222 improvise,
842 4142 925 4206 nullo
948 4142 1109 4221 opinante,
1133 4141 1355 4208 subitoiucidit
