2874 4770
683 167 750 237 ste

125 354 158 409 et
180 351 331 410 vetustam
361 347 500 421 domum,
533 363 625 426 qnam
656 345 797 407 dicebant
827 343 924 405 tuisse
953 341 1133 403 toumrium
1164 341 1304 412 ltulsndi,

125 422 329 513 strenuissimi
356 450 474 522 militis,
508 454 560 530 qui
592 468 696 511 comes
720 450 958 510 Cenomanensis
990 450 1066 508 mira
1092 447 1171 508 bella
1200 454 1306 506 contra

126 553 268 616 infideles
290 558 384 634 gessit
406 575 461 634 pro
484 557 714 632 recuperatione
737 560 837 613 terrae
863 560 986 613 sanctae
1016 558 1047 611 et
1068 549 1193 610 demum
1216 567 1304 609 eoro-

126 676 197 720 nom
220 665 372 720 aetemem
395 661 520 737 accepit.
566 658 684 720 Deinde
707 658 814 718 iortius
837 659 1011 735 navigantes
1027 673 1124 733 usqne
1141 652 1245 733 (ΞΜ
1260 650 1304 723 a)

129 760 165 824 od
189 761 358 823 Potentiam
389 764 527 823 venimus
557 767 589 821 et
610 763 740 844 ingressi
762 760 956 821 Parentinum
984 766 1108 836 portum
1127 776 1222 821 nares
1243 766 1305 817 sta·

126 866 288 926 bilivimus.
319 866 372 926 Est
394 872 497 926 autem
519 864 725 936 consuetudo,
748 863 832 941 quod
847 862 1042 942 quandolruc
1057 862 1180 922 veniunt
1201 878 1304 930 uses,

126 987 187 1030 non
210 971 311 1030 statim
334 968 544 1048 ingrediuntor
564 969 738 1039 civitatem,
759 966 816 1027 sed
837 968 979 1046 narigant
999 968 1031 1027 in
1045 966 1218 1045 oppositam
1229 966 1305 1025 eiri-

125 1074 178 1133 toti
200 1073 344 1143 insulam,
368 1080 399 1133 et
420 1075 450 1133 in
474 1073 637 1133 ecclesiam
660 1071 838 1142 ascendunt,
861 1071 928 1131 uso
949 1078 982 1130 et
1004 1071 1037 1130 S.
1056 1070 1180 1131 Nicolao
1202 1068 1304 1129 ecele-

125 1177 189 1236 siae
211 1182 338 1255 patrono
361 1178 472 1254 gratias
494 1183 603 1255 agunt,
636 1182 669 1236 et
690 1194 919 1257 nonnumquam
952 1177 1070 1254 patroni
1098 1175 1252 1254 galearum
1272 1176 1305 1235 in

127 1280 271 1357 augustiis
294 1284 509 1361 tempestatum
540 1297 575 1340 se
606 1286 639 1339 et
669 1297 779 1341 omues
808 1297 916 1340 secum
944 1281 1121 1357 navigantes
1143 1277 1304 1347 devovent,

126 1383 206 1442 sicot
228 1401 308 1444 nono
331 1383 422 1444 credo
438 1386 531 1444 etiam
546 1385 730 1461 contigisse,
751 1398 844 1453 nm,
866 1401 958 1462 quarn
971 1384 1032 1442 cito
1046 1399 1140 1441 nares
1154 1381 1304 1441 stabilitae

127 1485 264 1557 fuerunt,
289 1503 380 1546 nemo
403 1483 459 1567 (in)
483 1488 635 1547 ciuitatem
650 1486 792 1549 inductus
806 1486 884 1557 ioit,
905 1485 963 1546 sed
983 1502 1092 1545 omnes
1113 1483 1153 1544 ad
1173 1485 1305 1545 inillam

129 1591 334 1666 navigavimus
368 1596 399 1651 et
420 1588 548 1651 Missam
569 1590 609 1651 de
623 1590 656 1650 S.
672 1591 799 1651 Nicolao
815 1590 992 1650 solemniter
1005 1590 1204 1649 cantavimus.
1230 1586 1306 1651 l’ost

129 1690 257 1752 Missam
280 1699 382 1754 autem
405 1695 502 1772 ipsam
523 1694 654 1755 insiliam
677 1701 710 1754 et
731 1695 834 1755 locum
856 1696 1005 1755 curiosius
1026 1694 1223 1770 inspeximus.
1250 1691 1306 1753 mr

129 1797 210 1856 enirn
234 1795 331 1858 insilla
346 1804 517 1868 montuosa,
539 1797 647 1858 fertilis
661 1798 731 1859 olco
746 1798 833 1859 ualde
855 1805 891 1858 et
908 1797 975 1859 aliis
996 1797 1152 1865 imetilus,
1173 1797 1304 1857 drum-

128 1898 198 1960 data
220 1899 369 1979 profundo
391 1901 516 1980 pelago,
540 1903 571 1962 in
593 1900 681 1979 cujus
696 1905 811 1964 vertice
833 1910 882 1963 est
903 1920 961 1963 ona
976 1904 1181 1963 vetustissima
1202 1901 1303 1968 lunis,

127 2023 183 2083 pro
205 2008 295 2066 roario
319 2006 454 2068 custodia
477 2007 661 2086 temporibus
676 2008 835 2077 bellorum,
857 2014 889 2068 et
908 2023 967 2066 nna
983 2005 1114 2065 ecelesia
1128 2005 1161 2064 S.
1175 2003 1302 2073 Nicolai.

126 2112 177 2171 cui
203 2128 352 2172 annexum
375 2117 423 2171 est
444 2128 570 2189 parrum
592 2114 809 2174 monasterium
831 2111 946 2173 ordinis
966 2110 998 2170 S.
1020 2107 1192 2177 Benedicti,
1215 2124 1302 2187 prae·

128 2215 272 2293 positura.
302 2212 430 2275 Videtur
452 2217 543 2276 etiam
566 2232 602 2276 ex
624 2218 720 2278 minis
737 2218 884 2295 antiquis,
908 2213 990 2293 quod
1011 2213 1086 2273 olim
1106 2213 1148 2272 ili
1169 2220 1303 2272 castrum

128 2319 279 2378 munitum
302 2319 429 2378 steterit
475 2319 552 2379 Cum
575 2337 648 2398 ergo
671 2327 775 2380 votum
795 2319 1066 2398 persolvissemus,
1088 2313 1303 2377 descendimus

130 2418 275 2482 admone
307 2427 338 2482 ot
360 2429 464 2483 contra
485 2421 658 2483 Potentiam
676 2424 899 2501 navigavimus;
931 2424 1063 2482 occurrit
1093 2427 1194 2481 autem
1216 2417 1303 2477 nolis

129 2525 161 2583 in
183 2525 259 2584 mari
281 2523 440 2586 multitudo
462 2524 688 2605 delphinorum,
719 2544 797 2604 quos
819 2528 906 2605 quasi
927 2525 1052 2586 cottidie
1075 2542 1131 2604 per
1153 2537 1237 2582 mare
1258 2522 1303 2579 ri·

130 2627 247 2700 dimus,
282 2627 338 2689 sed
368 2647 472 2690 eornm
494 2630 731 2712 descriptionem
762 2651 859 2713 nsque
889 2634 950 2694 hnc
971 2636 1100 2695 servasi
1145 2632 1200 2692 Est
1220 2630 1304 2689 enim

130 2730 289 2810 delphinus
312 2733 410 2795 bellua
433 2737 547 2797 marina
561 2754 678 2816 magna,
701 2740 892 2798 communior
911 2738 988 2807 aliis,
1010 2744 1043 2796 et
1063 2739 1094 2796 in
1117 2752 1225 2814 magam
1247 2751 1304 2793 nu·

128 2853 215 2896 mero
237 2839 267 2897 in
290 2837 368 2899 freto
392 2838 568 2917 gradiuntur
588 2842 737 2921 gregatim
759 2861 798 2904 eo
822 2843 929 2904 ordine
948 2844 1028 2903 sieut
1044 2858 1133 2922 goes
1148 2842 1179 2900 in
1192 2838 1302 2908 coelo;

127 2941 300 3003 nonhabet
329 2945 430 3022 spinas
450 2944 508 3006 sed
529 2964 618 3018 ossa,
651 2947 796 3008 mirabilis
817 2947 934 3007 formae
967 2954 1032 3014 est.
1063 2964 1100 3007 os
1122 2945 1213 3006 halet
1234 2962 1301 3005 sur-

126 3065 195 3107 sum
217 3049 248 3108 in
270 3047 362 3108 dorso
386 3054 418 3109 et
450 3051 555 3112 oculos
580 3050 738 3123 deorsum,
771 3058 803 3112 et
824 3051 894 3113 ideo
920 3051 1083 3113 dillieulter
1102 3052 1183 3130 capit
1214 3067 1302 3128 prae·

128 3149 210 3220 dom,
243 3153 313 3229 quia
342 3170 403 3212 non
419 3155 494 3238 uisi
525 3155 661 3234 resupini
688 3161 780 3233 atque
807 3158 949 3216 conversi
981 3157 1116 3234 rapiunt,
1150 3173 1205 3233 pm
1226 3171 1302 3214 rore

128 3256 272 3333 gemitum
293 3254 408 3315 iaciunt
434 3255 565 3318 humano
593 3258 736 3329 similem,
769 3265 852 3320 extra
875 3275 984 3337 aquam
1006 3261 1136 3338 spirant,
1172 3259 1203 3317 in
1224 3275 1303 3336 equa

126 3357 205 3417 sicut
234 3357 335 3434 pisces
364 3374 472 3436 aquam
501 3360 668 3432 attrahunt,
705 3363 776 3422 vivit
806 3368 930 3422 centnm
959 3360 1016 3422 XX
1045 3364 1149 3431 annis,
1185 3368 1217 3421 et
1248 3360 1302 3420 de

128 3476 195 3519 cem
233 3461 319 3520 annis
359 3464 485 3534 crescit,
521 3480 577 3542 pro
613 3465 734 3526 auribus
771 3465 862 3526 habet
899 3481 993 3526 unum
1028 3462 1176 3524 letamen
1236 3460 1304 3522 lloc

127 3562 238 3624 animal
269 3566 406 3627 omnium
427 3567 601 3628 animalium
633 3575 682 3629 est
711 3569 954 3639 velocissimum,
983 3568 1067 3627 ocior
1090 3572 1139 3625 est
1170 3565 1304 3638 soluere,

127 3669 226 3728 acrior
256 3669 334 3740 telo,
369 3676 401 3730 et
434 3667 567 3733 velocior
599 3673 669 3733 nori
701 3672 794 3751 pleno
826 3678 916 3734 vento
949 3671 1034 3740 velo;
1076 3667 1157 3730 unde
1192 3669 1303 3730 solien-

126 3778 174 3833 tes
204 3772 383 3850 plerumque
413 3790 505 3835 nares
535 3776 729 3846 transvolent,
767 3783 798 3836 et
832 3777 891 3836 nisi
923 3776 1053 3836 multum
1074 3773 1152 3835 iolrs
1173 3779 1304 3835 rostmm

128 3892 163 3934 os
186 3873 228 3935 illi
251 3893 349 3954 paene
371 3878 473 3940 medio
494 3886 600 3940 ventre
622 3878 721 3948 iuret,
750 3878 850 3940 nullos
874 3879 1002 3957 piscium
1025 3876 1214 3939 celeritatem
1235 3876 1303 3953 ejus

130 3977 285 4050 evaderem
310 3979 366 4041 sed
388 3981 476 4043 affert
498 3982 689 4062 providentia
710 4000 861 4045 remoram
876 3985 907 4043 in
922 3982 1072 4062 capiendo
1087 3982 1198 4043 cibum
1230 3981 1301 4043 uel-

130 4072 212 4160 phini
241 4084 318 4144 miro
350 4085 441 4148 modo
470 4103 506 4147 se
529 4085 672 4166 diligunt,
709 4086 789 4149 unde
825 4095 927 4150 narrat
956 4087 1090 4158 Plinius,
1128 4085 1304 4166 quoddam

132 4192 192 4244 rex·
219 4184 323 4248 Cariae
371 4188 548 4269 delphinum
591 4190 774 4268 captivasset
817 4210 951 4272 eumque
995 4191 1034 4254 ad
1077 4192 1181 4273 palum
1218 4193 1303 4273 juro
