2874 4770
681 183 745 255 285

124 365 309 429 necessitate
331 368 361 426 in
386 366 562 426 contusione
584 363 668 443 vulgi
701 381 831 424 manere.
878 360 911 422 lo
934 360 980 422 his
1010 366 1110 422 autem
1133 361 1209 423 loeis
1232 369 1302 425 sunt

126 473 328 531 communiter
351 469 499 530 alemanni
523 469 650 529 lenones
674 468 822 546 hospites,
847 467 896 543 qui
920 464 957 526 ad
973 450 1143 543 ingressum
1158 466 1301 528 honesto·

126 593 194 636 rum
217 574 374 634 hominum
396 581 553 634 removent
574 574 732 633 inhonesta
755 578 786 632 et
808 571 915 648 turpia.

215 729 352 790 Tertium
376 728 555 791 detestabile
580 737 626 790 est
642 736 777 808 potestas
794 726 986 799 ludaeorum,
1011 729 1061 805 qui
1077 730 1107 788 in
1123 730 1219 807 prima
1234 743 1304 788 mea

126 837 368 918 peregrinatione
393 841 478 896 erant
502 834 685 914 apothecarii
707 835 737 894 in
762 834 884 912 optimis
909 839 940 893 et
962 831 1118 918 ditissimis
1136 831 1301 910 apothecis.

126 941 180 1002 Est
203 942 284 1000 enim
305 941 403 1002 insula
425 943 476 1003 illa
499 944 662 1004 multorum
687 928 852 1029 aromatpm
868 936 1014 1011 ...duilium
1045 947 1077 999 et
1106 958 1142 1000 ex
1165 938 1303 1020 Aegypto

127 1055 159 1108 et
180 1045 281 1107 Africa
312 1055 343 1107 et
365 1047 473 1134 Arabia
494 1051 525 1108 in
550 1066 617 1109 eam
641 1036 988 1117 deteruntur'aromata
1009 1043 1091 1106 -.ideo
1116 1044 1205 1105 habet
1228 1064 1302 1124 opu-

129 1151 227 1212 lentas
246 1153 418 1232 apothecas,
443 1173 478 1216 ex
492 1156 668 1237 quibusque
676 1155 833 1214 materiam
849 1154 1205 1233 recipiuntqrotheearii
1219 1155 1306 1231 quasi

128 1259 221 1319 totius
244 1259 399 1339 Europae,
424 1266 454 1318 et
478 1259 560 1319 illam
583 1260 752 1318 ministrant
775 1256 895 1328 iudaei,
921 1255 1002 1335 quod
1026 1264 1073 1316 est
1096 1246 1305 1336 eontraqood

130 1361 256 1423 habetur
277 1365 307 1423 in
333 1364 404 1424 Can.
429 1360 481 1426 28.
504 1382 534 1441 q.
561 1360 588 1424 1.
614 1362 665 1423 C.:
695 1361 802 1422 Nullus
826 1364 1029 1422 eommunicet
1052 1378 1121 1421 cum
1136 1358 1251 1420 ludaeo
1273 1362 1306 1421 in

130 1483 250 1540 mensa,
275 1469 305 1527 in
328 1466 450 1538 balneo,
475 1469 505 1527 in
529 1465 697 1527 medicinis.

218 1622 364 1696 Quartum
387 1623 564 1684 detestabile
588 1628 635 1682 est
659 1629 689 1682 et
711 1623 801 1681 nimis
820 1621 931 1684 odibile
948 1621 1116 1683 lurcorum
1134 1623 1307 1702 quotidiana

132 1730 330 1789 commoratio
355 1735 385 1788 et
409 1728 656 1797 communicatio;
682 1744 718 1786 ex
739 1744 775 1785 eo
799 1744 928 1804 namque
945 1733 1097 1805 tempore,
1121 1746 1181 1806 quo
1197 1727 1307 1788 Veneti

131 1829 239 1892 foedus
262 1849 332 1891 cum
355 1831 461 1891 Turcis
484 1833 624 1900 inierunt,
648 1836 730 1908 patet
753 1828 811 1888 illis
835 1829 910 1890 liber
934 1830 1031 1890 aditus
1054 1831 1094 1891 ad
1119 1834 1218 1892 omnia
1241 1832 1308 1893 loca

131 1934 230 1996 tidelia
246 1935 369 1996 Venetis
386 1936 521 2006 subdita,
546 1943 577 1996 et
593 1943 764 1995 mereantur
780 1952 848 1994 cum
865 1935 1040 1995 Christianis
1057 1936 1136 1996 sicut
1152 1955 1219 1997 cnm
1230 1938 1307 2009 huis,

131 2045 164 2099 et
186 2039 365 2117 quandoque
390 2039 569 2100 contrahunt
592 2041 779 2099 matrimonia
803 2047 907 2100 contra
933 2058 1079 2112 canones,
1113 2042 1219 2118 quihus
1250 2045 1308 2104 sub

133 2160 231 2222 poena
254 2146 571 2207 excommunicationis
595 2145 785 2222 prohibetur,
809 2162 847 2205 ne
865 2144 1049 2205 Christianus
1066 2147 1225 2206 carnaliter
1248 2164 1308 2207 non

135 2239 332 2308 Christianam
357 2256 534 2327 cognoscat,
570 2265 627 2307 nec
657 2247 769 2307 infideli
795 2250 976 2308 commercio
1001 2251 1233 2310 commisceatur
1256 2245 1308 2311 28.

135 2368 165 2429 q.
185 2349 212 2412 l.
236 2353 286 2414 C.:
310 2352 342 2411 Si
366 2355 442 2430 quis.
480 2353 556 2412 Sunt
579 2359 680 2411 autern
697 2350 788 2411 Turci
811 2354 839 2410 in
863 2351 959 2412 insula
982 2351 1031 2411 illa
1055 2360 1115 2413 tam
1143 2355 1220 2415 bene
1244 2358 1310 2427 visi,

136 2454 217 2533 qnod
237 2457 400 2535 eligibilius
424 2466 472 2517 est
494 2456 647 2516 ollendere
671 2464 828 2535 potentem
852 2457 1069 2531 Christianum,
1103 2477 1191 2537 quam
1219 2459 1310 2520 vilem

136 2556 278 2621 Turcum.
310 2559 396 2621 Unde
420 2561 549 2639 quadam
566 2564 630 2622 vice
648 2563 774 2640 contigit
795 2563 890 2622 tribus
907 2562 1015 2623 Turcis
1031 2565 1311 2641 pertranseuntibus

137 2656 260 2725 domum
282 2674 433 2739 nostram,
457 2667 608 2747 quendam
631 2667 756 2729 militem
781 2667 819 2728 de
842 2664 953 2729 nostris
977 2665 1032 2748 (h)
1057 2668 1242 2730 derisionem
1266 2670 1311 2728 eis

135 2766 238 2828 lacere
260 2778 302 2831 et
331 2789 445 2833 murras
475 2790 528 2832 eos
559 2774 729 2843 nominare,
761 2789 820 2849 quo
851 2772 952 2835 audito
989 2774 1175 2853 compescuit
1198 2774 1309 2852 hospes

137 2871 263 2933 militem
285 2864 409 2947 dioens,‘
423 2878 449 2936 si
472 2875 626 2956 praelecto
650 2881 812 2947 constaret,
837 2877 963 2939 militem
986 2879 1018 2939 in
1033 2876 1151 2939 vincula
1170 2874 1310 2955 jactaret,

136 2982 168 3036 et
189 2977 385 3040 vehementer
407 2980 519 3059 hospes
542 2982 651 3049 timuit,
674 2997 713 3040 ne
729 2979 821 3041 Turci
844 2981 996 3060 praelecto
1020 2973 1167 3047 dicerent.
1213 2986 1310 3060 Quam

137 3079 323 3146 detestabilis
346 3092 448 3146 autem
470 3088 510 3146 sit
523 3085 574 3146 illa
588 3085 754 3146 Turcorum
772 3086 995 3149 confoederatio
1020 3097 1050 3149 et
1065 3089 1311 3164 Christianorum,

137 3192 220 3262 patet
243 3204 280 3246 er
301 3188 485 3249 lamentabili
519 3168 606 3259 casu,
638 3191 690 3267 qui
714 3186 839 3268 contigit
869 3192 953 3252 nohis
978 3193 1085 3254 Cretae
1116 3196 1312 3256 existentibus

138 3290 169 3350 in
192 3308 259 3352 mea
277 3294 374 3369 prima
388 3296 574 3370 evagatione.
607 3293 681 3353 Cum
707 3296 786 3353 enim
804 3293 895 3354 Turni
914 3312 929 3354 a
946 3295 1051 3356 Rhodo
1067 3304 1170 3357 essent
1184 3298 1312 3377 depulsi,

138 3393 176 3455 ad
199 3395 359 3473 aliqualem
382 3395 543 3456 vindictam
567 3396 745 3456 sumendam
768 3414 783 3456 a
802 3396 978 3458 Christianis
1002 3417 1071 3460 cum
1095 3400 1242 3478 aliquibus
1266 3418 1313 3461 ar·

137 3503 226 3561 matis
249 3488 373 3561 navibus
395 3501 425 3559 in
439 3499 575 3577 Apuliam
599 3500 809 3578 applicuerunt
832 3509 860 3561 et
884 3503 1046 3580 improvise
1073 3504 1222 3563 irruentes
1247 3520 1312 3561 om·

137 3607 187 3665 nia
218 3608 338 3665 inventa
369 3604 571 3682 diripuerunt,
605 3603 747 3682 praedam
787 3622 926 3684 magnam
957 3604 1142 3665 abducentes
1177 3613 1208 3664 et
1238 3603 1312 3666 duas

138 3726 232 3771 naves
256 3728 326 3770 eum
349 3709 474 3785 captivis
493 3705 655 3783 juvenibus
677 3710 833 3787 utriusque
857 3727 957 3770 sexus.
996 3708 1061 3770 Una
1077 3716 1177 3770 autem
1193 3709 1232 3771 de
1254 3709 1313 3771 illis

140 3814 266 3875 navibus
298 3831 357 3875 non
382 3818 447 3873 erat
468 3812 559 3880 bona,
594 3817 626 3870 et
647 3812 792 3874 timebant
814 3812 905 3873 Turci
938 3812 976 3873 de
999 3815 1207 3874 submersione
1240 3830 1313 3874 suae

138 3917 279 3994 praedae,
302 3925 486 3997 quapropter
496 3917 623 3976 ‘Cretam
645 3919 760 3996 appulit
781 3921 865 3979 navis
888 3920 959 3990 illa,
985 3928 1125 3999 petentes
1148 3921 1236 3981 aliam
1259 3937 1314 3981 na·

140 4037 209 4080 vem
232 4037 371 4083 securam
394 4040 411 4083 a
434 4019 639 4090 Cretensibus,
663 4023 869 4100 concessaque
892 4028 940 4083 est
963 4025 1007 4083 eis
1030 4026 1127 4095 navis,
1152 4029 1183 4083 et
1205 4023 1315 4103 guber·

142 4129 228 4182 nator
249 4124 286 4185 ad
308 4125 501 4186 educendum
517 4123 700 4184 Christianos
723 4123 761 4184 de
784 4125 891 4186 finibus
908 4125 1146 4189 Christianorum
1162 4126 1199 4189 ad
1215 4129 1317 4189 locum

143 4223 310 4289 inhdelinm
322 4236 354 4291 et
366 4229 534 4292 crudelium
545 4225 721 4299 Turcorum,
738 4230 861 4290 omnino
877 4249 938 4291 non
954 4238 1092 4294 curantes
1108 4233 1316 4314 gravissimam
