2874 4770
712 144 777 214 ato

147 322 260 384 «multis
275 339 366 383 unam
381 320 590 383 infidelitatem
605 323 749 396 recitem,
766 323 888 402 quidam
902 320 989 382 miles
1004 317 1125 382 tradidit
1140 317 1199 379 sibi
1214 324 1339 381 secrete

157 433 190 488 et
210 426 289 486 bona
311 425 369 486 fide
392 434 461 486 ante
478 427 629 487 civitatem
644 426 853 488 Alexandriam
870 443 991 487 auream
1007 425 1170 503 imaginem
1185 422 1230 482 St.
1250 421 1338 484 Chri-

156 527 301 606 stophori,
324 531 433 589 timens
456 531 633 608 gravitatem
656 531 790 592 thelonei
813 530 851 591 de
874 535 957 589 tanto
974 529 1037 588 anri
1052 525 1197 605 pondere,
1215 531 1249 584 et
1266 524 1339 584 dum

157 613 347 694 venissemus
362 635 393 692 in
410 631 549 705 domum,
570 634 669 699 noluit
684 633 770 694 militi
786 633 958 712 depositum
969 632 1151 703 restituere,
1175 628 1235 687 nisi
1251 626 1338 688 daret

156 735 213 796 sibi
229 753 319 812 quam
334 736 504 814 postulabat
518 739 687 816 pecuniam,
705 743 742 800 ,et
765 738 791 796 si
813 735 907 797 voluit
931 733 1017 793 miles
1042 749 1147 792 aurum
1170 749 1265 806 suum
1289 748 1336 791 re·

156 839 284 912 habere,
308 842 487 919 opportebat
510 859 579 903 cum
602 839 709 916 majori
729 839 880 900 redimere
895 838 1009 915 pretio,
1033 847 1125 913 quam
1140 835 1337 913 exposuisset

71 955 77 965 ’
155 944 188 1003 in
209 942 360 1004 theloneo.
407 945 459 1004 Sic
491 961 564 1021 ergo
595 943 638 1003 illi
671 944 731 1004 dno
765 936 1273 1010 Trntsehelmanni,-Sehambcch
1307 943 1336 996 et

155 1045 270 1118 Halliu,
303 1046 340 1107 dc
364 1047 454 1108 domo
477 1049 630 1120 exierunt,
662 1066 718 1108 nos
741 1053 844 1108 aulem
867 1038 1059 1106 ascendimus
1081 1044 1112 1101 in
1135 1041 1336 1133 coenaculum

154 1150 315 1230 pulchrum
338 1157 369 1213 et
389 1157 524 1229 paratam
538 1168 675 1213 mensam
690 1153 858 1230 reperimus
875 1155 906 1210 et
920 1138 1072 1210 dominam
1087 1144 1195 1205 domus
1211 1143 1335 1204 fidelem

157 1251 357 1314 Christianam
380 1271 450 1317 oum
473 1255 555 1312 omni
586 1254 713 1326 familia3
748 1255 853 1332 sieque
889 1251 925 1313 ad
959 1267 1096 1311 mensam
1130 1247 1270 1308 sedimus
1293 1255 1335 1308 ’ct

157 1356 273 1417 lautum
295 1356 454 1435 prandium
476 1356 651 1428 habuimus,
676 1357 839 1434 vinumque
863 1355 901 1416 dc
925 1356 1024 1416 aureis
1049 1359 1079 1413 et
1096 1354 1249 1430 argenteis
1266 1370 1334 1414 vas·

106 1540 114 1548 ,
157 1458 232 1520 culis
255 1459 384 1519 bibimus
409 1464 439 1518 et
453 1459 531 1519 bene
548 1460 656 1520 reiecti
671 1478 786 1520 sumus.
818 1459 942 1521 Peracto
959 1457 1084 1539 prandio
1100 1457 1334 1517 conventionem

154 1561 285 1624 fecimus
309 1581 378 1623 eum
401 1562 525 1624 domino
549 1564 656 1625 domus
681 1563 718 1623 de
742 1565 840 1641 pretio
860 1565 917 1624 sibi
934 1561 1113 1641 praestando
1130 1577 1183 1638 pro
1199 1558 1334 1636 prandiis

155 1669 188 1726 ot
210 1666 329 1736 coenis,
362 1664 504 1742 quamdiu
528 1669 717 1745 contingeret
739 1684 794 1726 uos
817 1667 858 1727 ibi
889 1682 1003 1726 moram
1032 1664 1167 1734 trahere,
1199 1670 1230 1722 et
1253 1662 1333 1724 iacta

108 1773 111 1777 ’
156 1770 356 1830 conventione
379 1767 461 1829 duxit
484 1788 541 1830 nos
563 1789 619 1850 per
642 1772 800 1831 circuitum
823 1769 944 1841 domus,
978 1786 1054 1848 quae
1086 1766 1206 1846 grandis
1230 1772 1281 1826 est
1304 1773 1335 1826 et

154 1868 320 1930 multorum
342 1870 581 1934 habitaculorum
603 1882 634 1934 et
656 1872 739 1934 dedit
760 1874 846 1933 nobis
869 1873 1010 1933 distincta
1031 1870 1199 1932 habitacula
1221 1886 1333 1930 secun-

155 1969 228 2033 dum
255 1969 479 2034 distinctionem
510 1977 600 2036 trium
629 1976 809 2036 societatum
839 1978 1076 2054 peregrinorum.
1123 1972 1207 2045 Quae
1231 1975 1334 2033 omnia

156 2079 225 2135 aute
248 2073 409 2136 adventum
431 2085 567 2140 nostrum
590 2072 708 2164 fuerant
731 2080 878 2159 disposita
910 2098 965 2158 per
995 2080 1124 2141 militem
1152 2060 1250 2148 illum,
1282 2077 1334 2154 qui

157 2183 226 2239 ante
249 2195 305 2238 uos
328 2179 365 2240 de
391 2180 477 2242 Caino
500 2172 684 2267 recesserat,
708 2188 739 2242 nt
763 2170 877 2242 dictum
901 2188 949 2241 cst
971 2198 1062 2260 supra
1084 2179 1135 2240 iol.
1159 2175 1211 2242 91.
1240 2238 1242 2242 .

242 2281 385 2363 Acceptis
418 2287 594 2349 habitaculis
621 2286 833 2348 descendimus
864 2288 895 2346 in
919 2289 1033 2347 curiam
1056 2290 1086 2344 et
1109 2281 1334 2361 supellectilem

155 2392 290 2448 nostram
312 2389 488 2451 habitaculis
510 2389 675 2474 intulimus.
721 2390 813 2451 Porro
836 2391 867 2449 in
890 2390 943 2449 illo
965 2390 1067 2449 labore
1091 2405 1163 2449 casn
1177 2389 1208 2446 in
1223 2389 1332 2447 mortis

141 2491 323 2574 periculum
345 2492 450 2566 incidi,
482 2493 538 2554 sed
560 2495 626 2554 Deo
656 2501 828 2571 protectore
860 2492 984 2553 illaesus
1008 2493 1100 2552 evasi.
1146 2490 1224 2550 Steti
1248 2492 1334 2550 enim

150 2591 235 2671 juxta
257 2597 388 2657 sarcinas
413 2602 444 2656 et
466 2613 516 2656 res
549 2605 670 2657 nostrae
701 2582 855 2657 societatis
890 2597 1018 2674 cogitavi
1050 2611 1226 2672 segregare,
1260 2595 1333 2671 quia

155 2700 255 2758 omnia
277 2700 308 2758 in
333 2699 459 2772 confuso
482 2698 572 2758 simul
585 2700 616 2759 in
632 2718 691 2759 nno
707 2700 827 2759 cumulo
840 2699 1000 2777 jacebant3
1024 2699 1208 2759 habebamus
1226 2704 1332 2757 autem

154 2804 287 2877 sportam
303 2817 459 2879 magnam,
482 2801 514 2873 in
532 2818 591 2878 qua
605 2802 748 2876 graviora
758 2802 897 2864 utensilia
913 2808 1008 2872 erant,
1029 2802 1146 2880 luitque
1162 2803 1203 2861 ita
1219 2803 1331 2878 gravis,

153 2900 237 2979 quod
259 2920 319 2961 non
341 2909 478 2980 poteram
501 2920 569 2962 cam
592 2901 691 2964 levare
710 2893 753 2964 'dc
777 2910 872 2977 torra;
905 2908 1032 2985 apposui
1067 2923 1138 2984 ergo
1160 2922 1267 2965 manus
1292 2904 1332 2965 ad

101 2996 102 3003 '
153 3009 289 3082 sportam
319 3022 446 3083 eamque
477 3004 515 3065 de
547 3005 668 3066 eumulo
701 3026 756 3086 per
790 3015 902 3070 terram
925 3011 998 3070 traxi
1030 3011 1202 3071 incurvatus
1230 3016 1330 3096 retpo-

155 3105 285 3178 cedens,
310 3113 340 3167 et
364 3109 433 3185 quia
456 3109 553 3201 gravis
577 3115 656 3181 erat,
687 3093 862 3173 violentiam
885 3113 944 3174 leci
975 3121 1005 3174 et
1036 3118 1154 3176 cucurri
1182 3119 1333 3210 quanturp

153 3216 292 3289 poteram
313 3217 479 3270 retrorsum
502 3210 631 3283 vadens,
655 3232 712 3284 nee
736 3222 852 3295 atergo
868 3216 970 3279 videre
986 3224 1139 3296 poteram,
1164 3235 1223 3295 quo
1239 3219 1329 3278 irem.

153 3311 233 3372 Dum
255 3317 357 3372 autem
381 3314 426 3399 sic
447 3321 580 3393 sportam
602 3323 671 3394 post
694 3335 741 3378 me
772 3318 938 3390 traherem,
971 3339 1043 3382 ecee
1077 3323 1190 3382 elamor
1220 3322 1330 3398 ingens

154 3413 297 3474 attollitur
320 3421 351 3475 et
374 3414 640 3509 depsuperioribus
673 3422 798 3495 domus,
830 3424 880 3483 ubi
910 3423 1027 3483 stabant
1058 3431 1089 3483 et
1118 3423 1331 3502 respiciebant,

154 3515 337 3577 clamabant:
367 3535 385 3576 o
409 3517 513 3592 irater,
537 3522 622 3601 iuge,
646 3524 732 3602 inge;
756 3510 914 3586 inferiores
938 3526 1029 3585 etiam
1052 3529 1127 3586 socii
1149 3528 1212 3586 mci
1235 3544 1331 3604 super

152 3635 202 3712 me
226 3620 408 3693 clamabant,
432 3630 465 3683 ut
489 3643 627 3688 caverem
652 3635 683 3689 et
705 3630 851 3691 velociter
864 3629 1015 3719 lugerem.
1060 3629 1106 3690 Ad
1123 3647 1250 3708 quorum
1267 3630 1330 3689 cla-

153 3739 270 3783 morem
286 3727 407 3786 territus
424 3732 545 3809 suspexi
568 3731 624 3791 fixo
642 3738 724 3791 stans
747 3731 856 3810 gradu,
881 3740 912 3792 et
926 3734 1149 3810 ingeminabant
1163 3734 1329 3793 clamantes

153 3841 223 3884 cum
246 3827 291 3887 ira
314 3826 351 3887 ad
375 3847 439 3900 me,
466 3837 499 3891 ut
521 3832 666 3911 fugerem.
714 3833 883 3893 Conversus
907 3839 1075 3915 retrospexi
1098 3844 1130 3897 et
1152 3839 1253 3898 inveni
1275 3855 1327 3896 me

153 3932 233 3987 stare
257 3928 393 3990 adlatus
417 3935 584 3995 saevissimi
615 3941 644 3994 et
674 3935 876 4007 erudelissimi
906 3938 1040 4017 leopardi
1071 3940 1181 4018 alligati
1210 3946 1327 4015 eatena,
1376 3975 1377 3978 κ

155 4033 326 4095 ardentibus
355 4038 450 4098 oculis
483 4047 513 4099 et
543 4039 726 4100 acutissimis
757 4042 922 4118 unguibus,
953 4061 1012 4121 quo
1046 4047 1109 4106 viso
1140 4049 1266 4122 repente
1290 4045 1326 4104 ab

155 4153 192 4197 eo
216 4136 371 4201 declinavi.
400 4137 584 4204 Mirabantur
606 4148 828 4223 antemomnes
846 4144 1003 4208 domestici
1019 4147 1057 4208 de
1072 4148 1194 4210 insolita
1208 4148 1326 4209 bestiae
