2874 4770
661 154 728 229 115

102 327 1005 412 domuumque-peraugustae
1045 330 1283 393 -stru‘nsuen

104 438 198 499 nin
217 433 319 496 halin
350 431 546 494 madente
581 433 814 493 suavssumam
832 433 965 497 lenimus
988 444 1021 497 et
1043 455 1093 498 res
1108 443 1234 497 nostras
1251 438 1282 496 iu

105 557 216 600 uvam
235 538 440 617 poeuumm:
475 542 541 595 erat
562 536 647 594 navis
670 537 743 594 satis
766 554 856 614 parva
879 556 935 615 pro
957 542 1049 601 tantis
1072 542 1162 601 rebus
1185 548 1217 600 et
1237 546 1284 600 tot

106 642 287 711 hom'uribns,
309 639 366 701 sed
387 638 535 715 majorem
558 655 674 716 pauper
696 638 747 699 ille
769 639 932 701 nauclerus
954 661 1016 702 oon
1048 644 1161 705 habuit.
1206 644 1283 704 Gon

108 753 209 807 autern
237 750 348 805 emota
382 742 591 802 intulissemus
626 748 658 800 et
687 760 744 801 nos
775 744 904 821 ingressi
931 744 1113 818 mosomus,
1148 746 1283 808 sedimus

106 851 275 929 compressi
298 855 329 908 et
349 848 442 908 nimis
463 847 585 916 numu,
607 844 752 906 mannus
775 854 875 906 lunen
898 850 1095 910 sustinuimus
1115 853 1208 911 istam
1229 868 1281 912 aar·

103 956 252 1036 vgareliani,
269 969 360 1031 qoam
372 948 544 1011 tmdoauum
559 947 711 1022 taedium,
728 949 888 1010 habuimus
904 958 1007 1011 autem
1022 955 1161 1031 navigare
1178 962 1283 1015 cuutra

106 1077 215 1138 qun
238 1057 322 1136 quasi
343 1054 384 1116 ad
404 1071 502 1115 uumu
523 1053 653 1114 milliare
668 1056 868 1115 teutonicum.
914 1055 1081 1117 Nauelerus
1098 1075 1170 1134 ergo
1187 1063 1217 1117 et
1230 1059 1283 1117 aui

104 1165 185 1224 servi
204 1159 306 1223 niun
326 1159 420 1238 ligato
442 1157 534 1234 longa
555 1155 628 1216 lune
653 1156 690 1217 ad
711 1175 833 1235 proram
846 1159 1002 1220 naviculae
1018 1177 1126 1220 navem
1141 1160 1282 1239 deporto

104 1265 212 1327 boeti
231 1281 353 1325 sursum
372 1261 533 1323 trahebant
554 1279 623 1321 uum
645 1263 775 1321 maximo
797 1260 899 1322 labore
923 1270 954 1322 et
976 1271 1045 1341 post
1067 1265 1176 1324 multas
1192 1265 1281 1324 horas

104 1370 244 1430 ωας
267 1366 305 1428 ad
326 1372 432 1445 eaput,
465 1366 517 1426 ubi
548 1365 598 1425 ille
629 1367 711 1427 rivus
734 1365 898 1426 llusetiuus
934 1367 1074 1428 dividitur
1109 1376 1140 1428 et
1162 1371 1223 1428 erit
1244 1368 1281 1428 ab

106 1471 192 1533 alveo
222 1470 391 1549 navigfflili
434 1467 552 1529 hastati
585 1486 659 1546 ergo
690 1487 796 1529 sumus
829 1476 989 1548 putantes,
1017 1489 1074 1531 uos
1101 1473 1296 1532 celeriorem.

106 1575 291 1636 desumo!
311 1574 423 1635 babere
444 1590 537 1650 quam
559 1589 736 1644 moemum,
769 1572 826 1633 sed
848 1572 934 1634 ahter
957 1576 1075 1646 evenit;
1111 1591 1180 1634 nam
1212 1593 1281 1635 eom

103 1697 213 1740 nvem
239 1681 273 1738 iu
299 1695 408 1739 vnum
436 1676 556 1738 alveum
591 1675 763 1749 duusseut,
797 1675 978 1755 reperimus
995 1678 1027 1736 in
1061 1696 1098 1737 eo
1131 1677 1221 1758 (113
1235 1676 1281 1756 2)

104 1790 230 1843 vatum
253 1782 439 1842 eouuariura
462 1799 479 1841 a
500 1781 576 1840 mari
597 1797 719 1840 sursrrm
743 1779 991 1851 adsoeodeutem,
1026 1784 1078 1859 qui
1109 1800 1201 1860 aquas
1223 1781 1280 1842 fln-

104 1889 196 1946 urinis
229 1885 424 1948 deuurreutes
454 1886 572 1964 inipetu
600 1903 711 1963 magno
744 1888 869 1946 retrusit
899 1888 957 1957 ila,
993 1886 1073 1965 quod
1106 1887 1283 1948 videbantur

103 2007 228 2051 sursum
250 2007 392 2059 emrere,
424 2005 484 2049 neo
512 1986 628 2049 fluxum
650 2006 755 2049 aarum
777 1989 947 2050 naturalem
967 1997 1144 2067 poteramus
1167 1990 1279 2051 videre.

103 2095 190 2156 Siout
211 2112 285 2174 ergo
306 2100 417 2155 nautae
437 2093 536 2155 nostri
558 2110 614 2171 per
629 2093 722 2154 ahorn
737 2093 856 2154 alveum
870 2112 980 2156 navem
994 2094 1144 2155 laboriose
1158 2113 1281 2179 sursopn

103 2206 264 2270 nasermt,
286 2201 328 2259 ita
340 2216 399 2276 per
411 2198 499 2259 illum
521 2197 666 2265 deorsm
686 2196 796 2274 majori
817 2197 920 2258 labore
943 2205 1048 2258 uonna
1071 2206 1196 2259 ventum
1219 2206 1280 2259 tra·

102 2305 216 2365 heharrt
246 2309 280 2362 et
307 2302 390 2362 ibant
424 2303 456 2362 in
472 2301 551 2361 -luto
582 2299 680 2360 denso
711 2317 810 2378 usque
832 2318 926 2378 super
946 2319 1047 2380 genua
1068 2309 1101 2361 et
1122 2320 1221 2380 usque
1244 2301 1281 2362 ad

103 2413 206 2475 netes,
230 2403 389 2483 ohqmudo
411 2402 585 2464 inridebant
607 2421 703 2481 usque
727 2402 765 2464 ad
788 2403 963 2464 umbiliemu
991 2412 1025 2480 et
1052 2423 1280 2484 nonnumquam

104 2511 203 2569 matr·
224 2505 473 2586 prolanditatem
488 2509 555 2585 ipso
576 2507 641 2567 luto
652 2515 843 2568 nutaverunt
889 2509 940 2568 Sic
961 2526 1035 2587 ergo
1054 2509 1139 2570 tarda
1163 2516 1194 2570 et
1216 2517 1280 2570 tae·

103 2611 277 2673 diosissima
292 2618 358 2672 erat
379 2617 483 2672 oeshu
504 2612 654 2689 navigatio
677 2617 709 2671 et
729 2612 819 2672 uivnis
841 2610 1001 2674 laboriosa.
1045 2611 1188 2691 Magnam
1211 2632 1280 2692 pro

102 2719 184 2780 foto
200 2718 443 2796 compassionem
459 2713 618 2776 habuimus
634 2733 703 2776 eum
718 2718 786 2781 istis
803 2717 982 2777 miserrimis
996 2715 1121 2788 Mauris,
1145 2720 1281 2796 quamvis

101 2840 159 2882 nos
179 2823 239 2901 ipsi
260 2824 293 2882 iu
314 2823 457 2900 mamone
477 2818 670 2891 sederimus,
691 2823 735 2881 ita
749 2823 833 2881 enim
846 2824 1034 2898 coangustati
1047 2821 1176 2892 fuimus,
1200 2821 1281 2901 quod

100 2926 204 2986 nullm
223 2931 344 3004 poterat
366 2942 401 2985 ue
425 2923 463 2985 de
487 2924 566 2994 loeo,
586 2927 621 2985 in
643 2942 704 3002 quo
726 2923 861 2996 sedebat,
884 2943 1017 2996 movere,
1040 2942 1099 2984 neu
1120 2943 1210 2986 orura
1223 2943 1279 3004 pro

100 3032 328 3110 opportunitate
357 3028 531 3091 extendere.
559 3026 694 3090 interea
723 3028 845 3108 quidam
867 3029 1053 3090 Sarracenos
1079 3047 1134 3107 per
1158 3029 1278 3090 arundi-

100 3141 207 3195 netum
226 3141 261 3193 et
280 3133 412 3194 densum
433 3134 532 3194 lutum
554 3152 626 3195 euru
647 3134 754 3196 laneea
769 3135 808 3196 ad
822 3135 907 3196 littus
922 3138 1005 3196 veuit
1020 3142 1051 3194 et
1066 3135 1153 3196 hasla
1167 3137 1279 3196 vibrata

98 3238 287 3300 moerebo
316 3255 425 3299 navem
455 3256 490 3299 se
522 3242 664 3318 opposuit
695 3239 854 3318 postulans
888 3246 921 3300 et
951 3241 1073 3317 erigens
1103 3238 1278 3309 thelonium,

100 3341 142 3404 de
164 3361 297 3421 persona
318 3343 472 3404 medimna
494 3361 532 3404 ex
551 3351 639 3423 parte
660 3343 775 3404 domini
796 3343 933 3415 Suldani,
957 3343 996 3404 de
1021 3328 1080 3422 qno
1096 3345 1280 3404 mirabantur

97 3448 347 3517 suumomni,
370 3448 440 3525 quia
461 3465 627 3525 numquam
648 3448 689 3508 ibi
711 3447 848 3509 videram
866 3449 1025 3509 bominem
1047 3454 1202 3526 petentem
1225 3448 1276 3508 ah'-

95 3551 178 3631 quid.
223 3551 323 3613 {lollio
348 3558 466 3623 autem,
488 3551 620 3614 infidelis
634 3551 689 3612 ille
703 3570 852 3631 nequam,
874 3551 970 3612 voluit
984 3550 1067 3630 quod
1080 3553 1277 3621 solveremus,

99 3674 157 3716 neu
179 3663 332 3726 eurasset,
356 3654 437 3733 quud
459 3673 522 3715 nou
545 3674 640 3716 unum
653 3656 777 3717 obelum
789 3657 1011 3717 habuissemus.
1041 3655 1188 3717 Dedimus
1205 3674 1277 3733 ergo

97 3759 236 3822 mdiuos
258 3759 411 3838 singulos,
434 3767 467 3820 et
489 3762 641 3839 pomasi
663 3778 770 3821 somus
793 3759 965 3821 tardissime
988 3767 1158 3838 serpentes
1204 3759 1278 3819 Post

99 3881 193 3924 mm
215 3864 322 3925 horam
343 3866 553 3944 perspeximus
574 3882 667 3942 super
687 3865 771 3925 littus
804 3871 885 3926 stare
917 3864 1046 3924 mubum
1078 3864 1224 3942 pupulum
1245 3869 1278 3922 et

98 3968 231 4028 mia
251 3984 289 4029 ae
308 3968 504 4030 wermoola
525 3968 581 4028 fixa
604 3967 733 4030 vidimus
755 3975 786 4029 et
808 3969 912 4028 statim
925 3965 1144 4037 intelleximus,
1169 3983 1277 4044 agmen

98 4069 232 4133 hrain
251 4071 294 4133 aa
317 4074 502 4143 oooshtere,
535 4074 615 4133 siem
636 4090 728 4153 saepe
751 4075 834 4152 prius
856 4073 1027 4134 videramus
1050 4091 1105 4150 per
1125 4071 1276 4141 Arabiam,

101 4170 303 4240 lanum
330 4183 364 4240 et
388 4175 549 4240 Iudaeam.
596 4176 719 4240 Turbati
741 4184 844 4240 autem
874 4192 981 4239 samm
1012 4176 1161 4245 seientes,
1195 4173 1277 4253 quod

1023 4295 1040 4347 8
1052 4292 1067 4320 2
