2874 4770
751 166 796 236 66

187 343 309 426 implexi
331 351 443 425 potest,
468 344 493 402 si
517 350 619 403 tamen
634 345 702 422 quis
716 345 854 406 babuerit
866 343 1083 425 Apostolorum
1099 345 1205 417 tidem,
1223 354 1255 407 et
1270 348 1369 421 talem,

187 452 307 529 qualem
338 447 397 509 illis
431 445 599 510 habendam
622 445 769 509 Dominus
790 450 958 527 imperavit.
1005 448 1087 521 Quid
1122 453 1209 511 enim
1232 453 1368 524 interest,

186 563 289 617 utrum
318 572 406 615 mons
437 549 602 613 descendat
631 552 662 609 in
695 568 798 623 mare,
831 570 868 613 au
899 554 1042 613 immensi
1066 556 1222 616 undarum
1246 563 1366 617 montes

186 666 313 740 repente
335 657 535 735 obriguerint,
559 661 588 713 et
612 671 650 713 an
672 656 755 713 senis
779 661 894 714 tantum
917 653 1013 733 pedes
1036 659 1120 717 saxei
1145 659 1260 719 exalia
1284 667 1366 737 parte

185 763 317 824 molliter
339 756 502 822 buxeam?
534 755 628 826 Ecce,
657 774 747 834 quam
770 757 894 818 tirmiter
914 764 975 820 stat
997 758 1153 837 Evangelii
1184 765 1365 840 promissio!

272 864 368 925 Faber
390 857 446 942 (b)
480 878 553 938 ergo
582 858 633 919 ille
665 859 809 920 miraculo
844 859 998 921 divisionis
1032 866 1184 924 montium
1217 867 1363 944 populum

187 970 297 1030 Christi
320 986 337 1027 a
360 967 455 1027 multa
478 963 668 1024 tribulatione
691 963 839 1033 liberavit,
862 970 896 1023 ut
918 961 1033 1024 dictum
1057 972 1113 1025 est.
1160 968 1200 1028 Et
1222 971 1256 1028 in
1279 978 1362 1048 parte

185 1073 298 1132 montis
330 1087 346 1130 a
378 1076 442 1129 toto
472 1067 565 1128 divisa
588 1071 649 1125 stat
679 1073 812 1127 castrum
843 1065 956 1127 domiui
979 1066 1112 1129 Soldani.
1159 1068 1361 1133 Ascendimus

188 1190 260 1252 ergo
283 1175 313 1233 in
337 1171 470 1232 medium
493 1168 583 1238 illud,
614 1176 786 1240 causatum,
807 1172 884 1230 inter
907 1176 1052 1248 utrosque
1085 1180 1224 1243 montes,
1260 1181 1292 1233 et
1325 1173 1359 1233 ad

185 1294 276 1338 unam
299 1275 454 1354 pulchram
478 1272 652 1333 moscheam
676 1275 823 1344 venimus,
846 1274 1081 1335 intermedium
1104 1278 1258 1337 montium
1282 1285 1358 1338 stan-

185 1387 258 1441 tem.
303 1377 440 1438 Vidimus
474 1382 575 1435 autem
601 1382 704 1436 contra
725 1394 781 1437 nos
803 1379 960 1439 venientes
984 1379 1097 1440 multos
1119 1377 1312 1441 Mamaluoos
1333 1383 1360 1440 in

185 1486 281 1563 equis,
304 1485 355 1560 qui
379 1482 416 1542 de
440 1487 544 1540 monte
568 1497 604 1541 ex
627 1482 768 1557 opposito
791 1482 881 1541 castri
904 1499 960 1558 per
975 1498 1121 1560 praeceps
1137 1482 1360 1546 descenderunt

186 1586 418 1647 adducendum
449 1600 545 1662 equos
578 1600 634 1661 per
664 1585 840 1663 praecipitia
863 1582 1050 1644 descendere
1075 1603 1144 1646 cum
1167 1587 1294 1648 homine
1316 1591 1357 1648 in-

185 1689 314 1750 sidente.
355 1690 464 1749 Statim
487 1694 589 1747 autem
622 1695 655 1748 ut
676 1685 864 1749 Mamalucos
887 1693 991 1749 contra
1015 1706 1070 1748 nos
1093 1691 1199 1750 venire
1223 1692 1358 1762 vidimus,

184 1794 223 1855 de
246 1795 337 1854 asinis
360 1794 470 1852 nostris
495 1789 659 1851 cecidimus
683 1798 807 1871 propter
829 1792 1039 1862 reverentiam,
1062 1808 1140 1868 quae
1165 1792 1298 1856 debetur
1318 1803 1357 1856 ta·

184 1899 272 1969 libus,
295 1903 327 1956 ut
350 1895 462 1956 dictum
486 1899 533 1954 est
556 1893 618 1953 Fol.
646 1891 694 1957 18.
719 1892 765 1965 Α.,
790 1901 821 1954 et
850 1897 892 1955 ita
922 1896 953 1955 in
987 1901 1067 1955 terra
1091 1898 1252 1970 stetimus,
1288 1917 1358 1976 quo-

184 2019 281 2080 usque
304 2007 384 2061 totus
421 2001 570 2060 exercitus
606 1999 812 2076 pertransivit,
832 2013 904 2058 ·nec
936 1996 1010 2067 luit,
1046 2001 1097 2076 qui
1125 2000 1212 2060 nobis
1238 2002 1358 2063 verbum

184 2102 346 2164 molestum
387 2102 532 2171 inferret,
573 2119 642 2161 cum
675 2106 776 2160 tamen
823 2097 1010 2159 formidulcsi
1044 2117 1182 2161 essemus
1221 2105 1357 2164 multum.

185 2208 261 2269 Sunt
291 2208 372 2266 enim
402 2206 523 2284 superbi
557 2207 588 2264 in
621 2205 684 2262 suis
714 2204 892 2280 'equitaturis
916 2207 947 2261 et
969 2202 1096 2263 faciliter
1118 2207 1306 2283 pauperibus
1330 2213 1359 2266 et

184 2311 352 2391 peregrinis
382 2309 505 2386 injurias
535 2306 675 2367 inierunt.
731 2305 806 2367 Cum
844 2322 915 2383 ergo
959 2323 1066 2366 omues
1101 2311 1359 2383 pertransiissent,

183 2414 283 2473 asinos
307 2419 426 2472 nostros
450 2409 677 2478 adsoendimus,
709 2414 739 2467 et
761 2425 816 2485 per
838 2407 987 2469 devexum
1009 2409 1223 2472 adsoendimus
1249 2414 1358 2473 montis

182 2513 271 2586 illius,
295 2532 311 2574 a
334 2532 394 2592 quo
417 2531 486 2593 pars
510 2514 566 2573 alia
589 2512 682 2571 divisa
705 2510 811 2572 tuerat.
842 2511 896 2572 Est
918 2518 1019 2572 autem
1041 2515 1262 2576 ascensus·ille
1284 2514 1359 2576 adeo

183 2635 350 2697 praeceps,
385 2617 467 2695 qnod
491 2618 520 2675 in
543 2616 648 2676 bestiis
672 2615 815 2675 sedentes
839 2633 899 2675 non
929 2621 1103 2693 poteramus
1126 2635 1272 2691 manere,
1307 2616 1360 2678 sed

184 2720 221 2780 ad
245 2738 351 2780 manus
374 2738 494 2781 sursum
517 2719 630 2779 bestias
653 2725 722 2795 post
744 2736 800 2777 nos
824 2718 962 2778 duximus
984 2736 1082 2797 usque
1106 2722 1137 2780 in
1162 2721 1359 2800 supercilium

185 2823 305 2881 montis.
351 2821 397 2882 Ad
421 2824 478 2882 hoc
499 2828 601 2881 autem
625 2820 815 2880 solummodo
849 2821 1056 2894 ascendimus,
1090 2829 1124 2884 ut
1147 2824 1255 2884 urbem
1277 2824 1358 2884 illam

184 2923 344 2982 maximam
369 2925 489 2983 Cairum
513 2941 548 2983 cr
571 2930 635 2983 toto
658 2922 847 2995 videremus,
871 2932 901 2983 et
924 2943 1046 2985 cursum
1068 2924 1126 2985 Nili
1154 2925 1298 2998 fluminis,
1330 2934 1359 2986 et

184 3028 323 3105 regiones
346 3028 511 3107 superioris
535 3034 565 3086 el
588 3025 739 3085 inferioris
767 3024 912 3105 Aegypti,
946 3035 976 3087 et
999 3036 1131 3091 castrum
1155 3029 1294 3101 Soldani,
1329 3036 1359 3089 et

183 3132 249 3202 alia,
274 3149 350 3208 quae
374 3132 475 3190 omnia
498 3129 648 3195 vidimus,
672 3134 703 3188 et
727 3146 841 3188 moram
865 3132 938 3189 satis
961 3130 1080 3208 longam
1102 3133 1135 3191 in
1157 3140 1263 3193 monte
1285 3134 1357 3193 leci-

183 3253 261 3295 mus.
307 3233 364 3295 Hic
386 3251 474 3294 mons
498 3233 715 3294 celeberrimus
746 3233 887 3303 habetur,
923 3236 993 3311 quia
1026 3236 1057 3294 in
1091 3243 1228 3296 ecerat
1262 3255 1357 3316 quou-

182 3336 251 3396 dam
296 3339 461 3398 oratorium
506 3337 673 3415 prophetae
712 3334 846 3414 Moysis;
893 3337 1033 3397 columna
1070 3338 1237 3400 Nectabani
1277 3340 1358 3420 Magi

182 3437 334 3514 quondam
358 3441 438 3516 regis
459 3437 606 3517 Aegypti;
631 3438 786 3518 sepultura
809 3439 945 3517 Pompeji
968 3439 1080 3518 Magni,
1105 3444 1259 3518 quondam
1289 3464 1356 3523 pro·

183 3530 314 3600 consulis
338 3547 370 3600 et
401 3543 518 3618 tyranni
541 3543 687 3616 Romani3
718 3552 929 3622 argumentum
954 3551 984 3604 et
1005 3543 1229 3606 firmamentum
1254 3548 1356 3609 catho-

181 3639 257 3700 licae
295 3642 383 3712 lidei3
423 3636 658 3719 spatiamentum
689 3653 720 3705 et
753 3646 1008 3707 delectamentum
1041 3647 1127 3724 regis*
1152 3641 1295 3723 Soldani,
1329 3658 1358 3710 et

182 3742 340 3820 speculum
361 3746 454 3805 totius
477 3742 618 3833 Aegypti,

268 3845 368 3906 Primo
391 3847 432 3907 ibi
455 3852 520 3907 erat
535 3852 698 3910 oratorium
712 3851 837 3932 Moysis.
876 3854 996 3914 Scimus
1013 3854 1105 3922 enim,
1123 3871 1211 3915 sacro
1227 3863 1357 3918 testante

181 3946 320 4025 eloquio,
357 3948 437 4028 quod
466 3948 615 4010 Dominus
637 3952 720 4014 Deus
743 3958 774 4015 in
798 3963 877 4017 terra
900 3955 1032 4036 Aegypti
1055 3955 1168 4016 crebris
1192 3959 1356 4023 visionibus

181 4056 317 4133 apparuit
338 4053 447 4134 Moysi,
471 4054 545 4135 dans
570 4056 598 4116 ei
622 4065 783 4135 praecepta
806 4059 843 4120 de
870 4059 999 4139 Aegypti
1022 4059 1117 4138 plagis
1141 4065 1172 4120 et
1196 4061 1235 4122 de
1257 4065 1356 4126 iucre-

180 4152 349 4237 pauonum
375 4158 539 4221 Pharaonis
562 4165 593 4221 et
617 4154 655 4216 dc
678 4155 865 4222 ordinatione
890 4164 996 4241 populi
1026 4162 1065 4225 ad
1079 4160 1209 4242 Aegypti
1231 4168 1355 4230 exitum.
