2874 4770
680 194 742 277 tal
817 208 841 235 ’-

127 378 207 442 certi
226 376 380 440 dicentes.·
417 374 633 460 Troglodytae,
656 379 708 457 qut
722 377 790 440 ioca
805 376 1004 442 eminentiora
1016 375 1168 450 ineolont,
1184 374 1299 447 deant,

128 480 377 560 congregationes
399 481 527 543 fontium
550 479 630 560 apud
653 493 687 542 se
703 474 740 541 ¹in
762 481 862 543 lacum
890 481 979 553 fieri,
1010 499 1046 543 ex
1077 497 1137 560 quo
1171 479 1301 541 credunt

128 585 230 646 Nilum
251 600 332 655 esse.
378 583 440 645 Sed
462 583 536 645 nihil
559 587 671 646 iterum
694 585 849 646 affirmant.
894 583 970 646 ldeo
988 582 1090 664 plures
1110 590 1215 663 putant
1230 598 1301 643 eum

129 687 166 748 de
183 688 269 748 coelo
285 686 395 759 liuere,
419 686 500 765 qnod
524 689 616 749 etiam
631 687 759 766 gentiles
775 690 977 767 scripserunt,
999 689 1169 774 inserentes
1184 687 1300 749 tabulas

127 790 264 857 Osiridis.
310 788 500 870 Memphitiei
522 789 694 869 philosophi
717 789 867 861 dixerunt,
900 808 971 851 eum
1001 793 1072 852 oriri
1104 808 1140 852 ex
1162 791 1301 872 opposita

89 924 91 929 ·
126 894 212 956 nobis
234 911 328 966 nona,
359 894 410 955 ubi
432 901 481 956 est
503 901 622 965 aestus,
654 894 775 972 quando
799 893 877 974 apud
900 913 956 955 nos
980 902 1027 956 est
1049 896 1166 968 hiems,
1190 894 1299 956 etheo

126 1015 159 1058 re
181 996 255 1084 nulli
279 996 317 1059 ad
339 995 438 1060 lentes
460 999 520 1060 Nili
543 1014 701 1059 accessum
717 1005 831 1078 patere,
857 1006 887 1059 et
911 1001 981 1078 quia
1004 1016 1059 1077 per
1080 998 1147 1059 loca
1170 996 1303 1059 decurrit

127 1102 199 1162 solis
222 1099 329 1162 adusta
351 1100 524 1172 ardoribus,
547 1100 721 1163 dulcoratur
743 1105 799 1174 ita,
825 1102 906 1181 quod
929 1109 1065 1164 caeteras
1090 1099 1194 1163 mnudi
1209 1117 1304 1179 aquas

127 1204 287 1268 dulcedine
311 1212 443 1284 superat.
489 1203 696 1266 Vetustissimi
712 1206 832 1266 interim
848 1208 958 1286 poetae
975 1205 1094 1277 dicum,
1118 1206 1218 1268 Nilum
1234 1221 1305 1265 esse

128 1307 240 1371 Oceani
264 1314 296 1370 et
306 1306 418 1370 Terrae
442 1307 546 1381 lilium,
569 1310 650 1389 quod
665 1315 783 1371 tanturn
807 1317 863 1382 est,
888 1310 968 1389 qnod
983 1310 1068 1371 Nilus
1091 1315 1192 1371 crtum
1213 1308 1304 1369 habet

129 1431 164 1474 ex
183 1430 319 1484 oceano,
350 1429 410 1492 quo
431 1420 531 1475 terrae
553 1416 690 1475 immisso
714 1432 817 1475 rursus
840 1432 857 1474 e
880 1421 961 1476 terra
984 1416 1131 1486 nascitur3
1167 1413 1222 1474 sed
1245 1413 1304 1474 hoc

128 1526 176 1580 est
196 1537 359 1580 commune
391 1520 530 1607 omnibus
553 1517 727 1581 fluminibus
751 1526 782 1581 et
804 1527 903 1581 terrae
926 1519 1069 1581 tontibus.
1114 1516 1198 1579 Haec
1220 1518 1305 1594 origo

128 1624 250 1682 notatur
273 1619 383 1682 Genea.
412 1617 477 1693 11.,
510 1622 560 1684 ubi
591 1622 715 1683 dicitur:
745 1620 854 1684 humus
879 1622 1091 1703 egrediebatur
1118 1622 1236 1683 scilicet
1265 1619 1304 1682 de

131 1722 254 1803 abysso,
275 1725 307 1786 id
331 1731 379 1785 est
401 1727 527 1787 matrice
550 1729 686 1788 omnium
710 1744 863 1805 aquarum.
909 1726 1033 1805 Antiqui
1055 1727 1165 1805 poetae
1191 1724 1304 1799 dicunt,

130 1833 164 1888 ui
186 1825 279 1887 refert
303 1826 453 1890 Diodorus
485 1829 576 1908 antiq.
600 1830 749 1891 historiar.
775 1848 800 1891 c.
827 1827 869 1903 2.,
893 1829 974 1910 qood
997 1848 1034 1890 eo
1058 1812 1211 1907 tempore,
1243 1844 1305 1905 quo

130 1928 225 1991 Osiris
248 1929 445 2010 Aethiopibus
467 1932 551 2010 leges
585 1932 695 2005 edidit,
728 1936 807 1995 eirca
831 1933 974 1995 Siricanis
1004 1933 1040 1993 sit
1064 1932 1150 1993 Nilus
1181 1937 1304 1992 exortus

127 2040 160 2094 et
183 2052 252 2095 mox
274 2033 413 2095 defluens
436 2037 595 2097 maximam
617 2034 748 2116 Aegypti
776 2045 892 2117 partem
922 2035 1091 2106 inundarit,
1122 2033 1304 2114 demergens

128 2140 305 2218 praesertim
337 2156 405 2200 eam
429 2146 561 2218 partem,
591 2141 641 2201 cui
655 2137 854 2202 Prometheus
881 2146 1037 2221 praeerat,
1070 2145 1101 2200 et
1129 2137 1302 2200 damnitica-
1382 2125 1389 2152 '

129 2244 181 2304 rit.
236 2240 451 2304 Prometheus·
468 2249 570 2306 autem
601 2250 704 2305 contra
738 2244 840 2306 Nilum
870 2244 1033 2306 Herculem
1065 2245 1223 2314 invocans,
1253 2240 1305 2319 qui

132 2346 300 2424 evestigio
324 2352 429 2407 eontra
450 2353 617 2408 torrentem
640 2365 674 2408 se
697 2366 855 2428 opponens
879 2365 1023 2427 aquarum
1046 2346 1227 2424 compressit
1248 2345 1305 2404 im·

132 2453 237 2527 petum
260 2453 291 2508 et
313 2445 486 2509 Promethei
499 2457 616 2528 partem
632 2453 770 2514 redemit.
801 2452 859 2513 Alli
876 2452 995 2524 dicunt,
1019 2458 1052 2512 ut
1069 2450 1201 2520 Solinus,
1224 2446 1306 2527 quod

133 2552 280 2630 originem
301 2551 392 2613 habet
415 2569 432 2613 a
454 2558 558 2614 monte
591 2554 741 2616 interioris
772 2554 985 2626 Mauritaniae,
1016 2572 1093 2634 quae
1125 2555 1306 2632 propinquat

133 2671 246 2716 oceano
276 2657 475 2735 protinusque
498 2656 582 2720 lacus
597 2658 646 2731 fit,
670 2677 761 2738 quem
785 2659 915 2721 Nilidem
940 2658 1060 2728 dicunt,
1084 2657 1138 2719 sed
1162 2657 1220 2718 hoc
1239 2656 1307 2717 lacu

133 2757 246 2820 etlnsns
269 2761 369 2820 arenis
393 2760 570 2823 absorbetur
592 2768 623 2824 ei
645 2763 792 2824 cuniculis
815 2764 917 2824 coecis
941 2760 1141 2824 absconditur.
1187 2757 1306 2821 Deinde

131 2864 163 2924 in
185 2864 354 2926 Caesareae
375 2864 442 2926 lacu
466 2867 602 2945 ampliori
626 2869 794 2946 prorumpit
816 2873 847 2927 et
869 2868 979 2927 iterum
993 2867 1029 2928 ab
1051 2867 1149 2927 arenis
1165 2870 1306 2942 receptus

133 2968 343 3042 absconditur,
368 2971 454 3048 qnasi
478 2969 658 3049 dedignetur
681 2987 839 3033 excurrere
863 2970 946 3032 hiatu
962 2977 1078 3042 terrae,
1102 2988 1159 3031 nec
1173 2972 1308 3049 apparet,

133 3079 295 3151 antequam
319 3076 454 3135 excursis
477 3072 534 3134 XX
548 3073 656 3136 diaetis
670 3074 826 3135 itineribus
842 3092 897 3153 per
912 3073 1032 3135 deserta
1048 3079 1138 3153 atque
1149 3075 1307 3133 inaccessa

132 3175 198 3236 loca
221 3179 352 3256 erumpit
374 3179 404 3237 in
427 3183 523 3238 terras
547 3179 657 3240 iterum
672 3186 704 3239 et
719 3195 755 3238 ex
771 3182 808 3238 e'o
823 3176 905 3238 tonte
920 3178 1050 3256 prosilit,
1074 3194 1165 3255 quem
1181 3175 1307 3252 Nigrum

132 3295 296 3352 recavere,
333 3279 439 3341 exinde
480 3286 581 3342 autem
618 3281 717 3361 polam
750 3280 919 3359 procedens
947 3286 1041 3341 totam
1072 3279 1245 3358 Aegyptum
1275 3283 1306 3339 et

131 3380 324 3461 Aethiopiam
345 3382 496 3446 transiluit
517 3401 614 3463 usqne
637 3387 667 3444 in
690 3400 773 3444 mare
796 3382 1059 3444 mediterraneum.
1104 3381 1164 3443 Alii
1192 3381 1307 3452 dicum,

71 3549 76 3554 ,
132 3503 212 3559 θιιιιιἵ
236 3503 272 3546 ex
306 3486 388 3548 ionte
417 3487 548 3566 quodam
584 3486 718 3567 prodire,
761 3489 812 3566 qul
845 3485 925 3566 apud
956 3485 1110 3565 Hesperos
1141 3483 1307 3564 Aethiopas

133 3591 249 3661 existit,
272 3593 323 3668 qni
338 3588 432 3671 Pyros
447 3592 483 3653 ab
499 3591 605 3653 incolis
622 3590 798 3671 appellatur.
828 3589 886 3650 Alii
901 3596 1049 3660 asserunt,
1073 3607 1143 3649 eum
1157 3590 1187 3649 in
1205 3589 1306 3649 littore

133 3695 224 3754 maris
257 3693 340 3754 rubri
372 3712 546 3774 emergere,
579 3697 610 3755 in
640 3695 709 3755 loco
738 3694 888 3774 appellato
910 3692 1075 3755 Massilone
1098 3689 1220 3754 atinde
1251 3709 1309 3770 per

132 3795 284 3858 mirabiles
314 3803 345 3858 et
372 3798 481 3877 longos
513 3800 656 3861 circuitus
688 3797 820 3878 Aegypti
853 3816 983 3877 aequora
1014 3795 1192 3858 subintrare.
1248 3792 1307 3854 Alii

133 3898 252 3971 dicunt,
285 3899 464 3962 iu'Oriente
488 3920 558 3963 esse
582 3901 710 3962 insulam
733 3899 899 3981 quandam,
923 3917 1013 3978 qoam
1035 3898 1120 3960 Phile
1142 3898 1308 3969 nominant,

134 4020 272 4084 asperam
295 4012 327 4066 et
351 4005 483 4083 undique
504 4011 711 4084 praeruptam,
735 4020 813 4082 quae
830 4001 946 4064 duobus
962 4004 1099 4064 amnibus
1115 4002 1155 4063 ibi
1172 4000 1309 4061 coeunti·

133 4107 190 4170 bus
211 4111 350 4188 tingitur,
374 4125 501 4187 quorum
525 4106 653 4170 eilluxus
668 4110 699 4168 in
714 4106 816 4168 Nilum
833 4115 973 4169 mutatur.
1018 4106 1064 4167 Ab
1087 4107 1144 4167 hac
1166 4122 1238 4183 ergo
1261 4106 1306 4165 in·

135 4213 201 4276 sola
232 4213 318 4275 Nilus
350 4230 477 4294 magnus
509 4213 606 4291 magis
639 4228 730 4291 quam
762 4210 913 4274 violentus
942 4229 1084 4292 egressus
1113 4228 1168 4291 per
1200 4209 1309 4273 arduas
