2874 4770
683 172 746 245 189

126 351 271 431 seditque
294 368 387 430 super
410 357 527 412 struem
548 350 714 430 lignorum,
737 356 803 433 ipsa
824 353 904 431 ligna
923 352 1038 429 gummi
1052 353 1216 413 aromatico
1231 369 1300 430 per-

125 455 204 517 tudit
232 472 268 515 ea
298 456 488 534 impinguans
518 460 549 515 et
571 456 743 521 cremabilia
765 455 913 526 reddens;
949 454 987 515 ad
1009 456 1068 515 boc
1089 462 1190 515 autem
1213 471 1301 515 acce-

127 558 267 621 dentibus
298 559 373 619 sclis
396 557 603 620 fervidissimis
633 561 725 623 radiis
748 580 816 622 mox
845 562 925 640 ligna
948 577 1075 620 accensa
1108 565 1178 619 sunt
1208 566 1239 618 ει
1269 559 1303 618 in

129 665 266 725 cinerem
289 670 495 735 concremata;
528 682 597 724 oum
628 666 736 742 quibus
769 671 801 725 et
831 667 898 743 ipsa
926 665 988 725 avis
1011 665 1124 742 pariter
1146 668 1305 723 consumta

128 773 184 831 est
224 767 308 830 llaec
336 765 442 829 videns
465 766 607 828 sacerdos
635 767 784 828 intellexit
814 768 974 828 mirilicum
997 766 1070 844 quid
1090 768 1121 827 in
1143 767 1202 828 boc
1224 766 1304 827 lacto

128 872 211 945 lieri,
241 873 376 951 precavit
397 889 437 932 ne
461 873 580 932 cineres
604 877 836 934 removerentur
857 870 950 931 finem
972 870 1075 931 videre
1097 871 1201 932 volens
1224 871 1305 931 illius
1411 942 1416 949 .

127 977 242 1038 insueti
264 975 413 1038 sacrificii.
457 973 529 1036 Post
554 969 697 1036 'triduum
726 981 828 1036 autern
860 975 1008 1053 templum
1037 976 1191 1055 ingressus
1214 974 1306 1053 digito

131 1079 304 1158 diligentius
340 1080 460 1140 cineres
493 1084 644 1140 scrutatus
675 1086 739 1152 est,
769 1081 800 1139 in
829 1080 937 1158 quibus
966 1080 1078 1158 reperit
1107 1077 1307 1141 vermiculum

129 1185 233 1247 vivum
255 1183 484 1262 complicatum,
508 1185 560 1261 qui
582 1183 678 1245 odore
701 1185 879 1245 suavissimo
903 1183 1052 1261 fragrabat
1080 1200 1138 1241 nec
1163 1180 1307 1241 delonnis

130 1293 213 1360 erat,
234 1293 267 1348 nt
290 1285 356 1365 ojus
380 1292 522 1366 aspectus
545 1288 751 1366 suspicionem
773 1288 883 1348 veneni
898 1287 1013 1346 bomini
1030 1302 1177 1362 generare
1192 1289 1307 1363 posset,

131 1393 187 1454 sed
210 1390 343 1471 quodam
365 1391 509 1470 singulari
538 1409 611 1469 prae
641 1390 908 1452 aliis‘vermiculis
930 1390 1064 1469 pollebat
1085 1388 1182 1450 lorma
1205 1389 1306 1450 nobili.

132 1495 273 1557 Secunda
296 1494 345 1556 die
366 1497 478 1556 iterum
502 1495 645 1556 sacerdos
669 1497 800 1557 accessit
830 1502 860 1556 et
883 1493 1083 1558 vermiculum
1104 1495 1136 1553 in
1159 1493 1307 1554 aviculam
1401 1522 1407 1535 =

132 1600 301 1680 proiecisse
322 1602 445 1663 invenit.
472 1599 583 1678 'Tertia
605 1598 655 1660 die
671 1582 750 1659 conl*
764 1598 954 1669 accessisset,
978 1599 1093 1660 invenit
1115 1615 1202 1661 avem
1225 1615 1308 1658 com-

134 1704 249 1783 pletam
279 1710 310 1766 et
340 1705 508 1784 perfectam
541 1709 673 1765 stantem
694 1703 725 1761 in
756 1702 824 1762 loco
847 1703 1000 1774 cinerum,
1031 1704 1118 1780 acsi
1141 1709 1223 1763 esset
1246 1703 1309 1764 avis

135 1807 346 1882 domesticata,
369 1827 447 1888 qnae
470 1807 623 1871 sacerdoti
645 1807 774 1868 adstanti
791 1808 877 1884 qnasi
899 1806 1082 1868 valefaciens
1101 1805 1238 1868 evolavit.
1262 1807 1309 1867 De

135 1913 193 1974 hac
216 1931 270 1987 ave
293 1913 419 1975 habetur
449 1915 481 1974 in
502 1912 665 1992 Epistolari
692 1912 774 1973 beati
806 1910 977 1990 Jeronymi,
1010 1911 1138 1973 Volume
1161 1909 1196 1969 ll.
1220 1909 1254 1970 L.
1277 1906 1308 1974 3.

135 2015 264 2078 Tractat.
295 2011 325 2080 8.
349 2016 402 2078 fol.
425 2013 519 2089 2044
553 2016 641 2079 valde
669 2017 796 2095 pulchra
824 2019 855 2078 in
888 2016 1014 2096 epistola
1044 2016 1082 2077 ad
1111 2013 1308 2086 Praesidium,

133 2127 164 2181 et
186 2122 217 2195 in
232 2119 366 2200 Speculo
388 2121 515 2182 naturali
530 2119 565 2182 L.
582 2118 673 2183 xvlt.
699 2120 731 2182 C.
749 2118 812 2194 74.
835 2124 919 2183 etin
951 2120 1072 2181 Bartbo.
1108 2119 1146 2180 de
1175 2121 1310 2197 proprie·

131 2225 244 2285 tatibus
273 2241 385 2285 rerum.
430 2223 496 2284 Nec
518 2224 591 2298 boe,
625 2225 708 2305 qnod
731 2226 844 2299 dictum
868 2232 933 2298 est,
958 2225 1105 2302 contingit
1126 2223 1311 2302 frequenter,

135 2328 192 2389 sed
214 2328 328 2400 semel,
362 2329 428 2388 Deo
450 2327 646 2407 disponente,
680 2349 736 2408 pro
768 2329 987 2408 significatione
1018 2328 1168 2405 passionis
1192 2326 1313 2397 Christi,

138 2434 191 2510 qui
227 2431 323 2492 semel
351 2432 437 2510 igne.
454 2431 603 2495 charitatis
634 2435 777 2495 incensus
806 2435 837 2492 in
871 2432 953 2511 ligno
986 2439 1123 2493 mortuus
1155 2437 1216 2503 est,
1250 2430 1312 2491 lac·

137 2543 205 2596 tum
233 2536 265 2595 in
295 2533 433 2614 Aegypto
463 2535 529 2597 luit.
572 2535 638 2597 Non
669 2539 752 2597 enim
784 2542 831 2597 est
863 2539 926 2597 avis
958 2539 1134 2616 aegyptiaca
1163 2535 1219 2597 sed
1248 2553 1313 2597 ara·

138 2640 222 2710 bica,
253 2656 322 2700 nam
344 2635 451 2700 Arabia
483 2639 575 2713 felix,
600 2658 678 2721 quae
703 2641 822 2713 ¹mediat
850 2643 931 2702 inter
961 2643 1066 2702 sinum·
1094 2642 1249 2721 persicum
1282 2644 1314 2700 et

138 2746 239 2806 sinum
252 2745 420 2817 arabicum,
443 2746 523 2806 inter
535 2746 697 2806 innumera
712 2747 847 2825 pretiosa
867 2753 898 2806 et
913 2747 1086 2817 aromatica,
1110 2761 1188 2823 quae
1211 2744 1315 2822 gignit,

137 2846 232 2911 etiam
255 2849 435 2928 phoenicem
452 2848 678 2935 nobilissimam
694 2849 781 2910 nobis
805 2850 912 2922 mittit,
935 2866 1012 2929 quae
1035 2851 1066 2909 in
1088 2854 1153 2909 toto
1169 2849 1240 2909 orbe
1263 2852 1312 2908 est

136 2957 203 3016 sine
225 2956 305 3035 pari,
327 2957 433 3018 vivens
454 2955 534 3017 ultra
557 2956 740 3032 quingentos
763 2971 858 3014 annos
895 2954 985 3014 unica
1016 2959 1048 3014 et
1070 2954 1144 3015 sola.
1181 2952 1227 3012 De
1254 2967 1315 3030 qua

135 3057 277 3120 albertus
292 3056 422 3137 Magnus
438 3056 503 3120 Lib.
520 3056 559 3119 de
583 3057 759 3120 animalibus
775 3055 881 3118 XXlll.
899 3056 933 3117 Ο.
950 3053 981 3119 4.
1006 3055 1093 3129 dicit,
1116 3055 1197 3136 quod
1218 3056 1313 3134 phoe-

137 3166 188 3225 nix
211 3169 258 3224 est
281 3164 432 3241 aquilinae
449 3160 680 3247 magnitudinis,
703 3160 920 3240 pulcherrima,
944 3167 1034 3239 caput
1049 3160 1164 3222 babens
1179 3166 1214 3222 ut
1229 3177 1315 3240 pavo,

137 3267 243 3329 fauces
267 3267 421 3337 cristatas,
454 3266 534 3326 circa
558 3264 671 3326 collum
693 3264 811 3343 fulgore
835 3281 927 3325 aureo
953 3282 1124 3344 purpureus
1148 3272 1212 3337 est,
1244 3281 1315 3324 cau·

137 3371 208 3433 dam
230 3372 321 3433 babet
341 3371 465 3450 longam
487 3369 632 3448 purpurei
646 3367 771 3441 coloris,
793 3370 901 3448 pennis
917 3368 1094 3447 quibusdam
1109 3371 1207 3430 roseis
1223 3370 1315 3428 inter·

137 3478 270 3555 scripta,
302 3476 383 3535 sicut
404 3473 627 3551 interscripitur
650 3471 752 3534 cauda
783 3475 909 3551 pavonis
931 3473 1112 3550 quibusdam
1133 3473 1255 3536 orbibus
1279 3469 1318 3532 ad

137 3578 265 3641 modom
287 3576 445 3638 oculorum
467 3574 619 3646 formatis,
649 3583 681 3637 et
701 3576 777 3637 baec
799 3577 928 3638 varietas
959 3582 1007 3637 est
1037 3579 1131 3636 mirae
1153 3574 1317 3656 pulchritu-

139 3683 229 3746 dinis.
277 3680 414 3758 Cumque
437 3679 529 3739 sentit
555 3697 591 3740 se
612 3681 730 3758 gravari
753 3686 868 3752 aetate,
896 3680 1082 3741 transcensis
1117 3678 1195 3740 ultra
1229 3679 1316 3758 quin·

139 3788 238 3867 gentis
255 3787 355 3856 annis,
378 3782 548 3845 secundum
561 3782 674 3843 isidem
689 3781 755 3842 ΧΠ.
771 3782 956 3855 ethicorum,
976 3783 1124 3844 eonstmit
1139 3784 1196 3844 sibi
1212 3781 1317 3843 nidum

124 3892 180 3955 ·de
203 3892 434 3971 pretiosissimis
455 3888 635 3969 pigmentis,
665 3885 781 3946 faciens
804 3885 861 3946 sibi
894 3884 1081 3950 domicilium
1109 3892 1212 3965 aptum
1244 3901 1317 3946 suae

141 3995 308 4068 nobilitati,
340 4010 433 4074 super
455 3993 595 4054 arborem
616 3988 723 4063 altam,
756 3989 847 4049 sitam
869 4007 962 4071 super
983 3991 1228 4071 limpidissimum
1249 3990 1318 4051 fon·

142 4105 220 4171 tem',
242 4100 401 4177 ipsamque
423 4098 563 4159 arborem
585 4092 675 4170 liguis
690 4091 889 4155 nobilissimis
904 4095 1003 4175 replet
1018 4096 1193 4166 exsiccatis,
1215 4096 1319 4154 incen-

146 4199 196 4263 dio
218 4202 311 4281 aptis,
334 4207 366 4265 et
392 4218 502 4281 rogum
523 4215 668 4278 magnum
689 4197 854 4273 construit3
883 4200 993 4278 quibus
1016 4203 1119 4260 autem
1140 4198 1185 4258 sio
1207 4199 1319 4278 paratis
