2874 4770
182 340 307 414 naribus
320 352 359 412 Ι15
382 348 577 429 praecedenti
600 364 697 419 anno,
718 364 796 426 quae
819 351 942 408 coactae
959 346 1191 423 tempestatibus
1209 347 1369 407 continuis

182 461 358 529 manserunt
379 454 420 515 ibi
434 450 531 514 XXXI
554 452 676 524 diebus,
699 468 757 512 neo
779 455 920 530 poteraut
941 466 1064 510 movere
1087 466 1121 509 se
1135 448 1173 510 de
1190 450 1251 511 isto
1278 465 1367 529 erga·

181 560 262 622 stolo
286 559 324 620 ad
346 551 429 620 mare
452 562 576 635 propter
598 562 705 617 ventos
728 556 908 616 contrarios.
1208 541 1212 545 ’

177 676 180 681 ·
223 726 226 735 ,
270 662 347 736 Quia
376 670 478 724 autem
500 661 576 722 haee
604 657 669 720 dies
698 665 763 721 erat
792 659 865 720 mihi
896 657 1106 729 celeberrima,
1139 666 1205 720 tum
1235 667 1368 739 propter

181 786 312 855 sponsae
334 784 423 828 meae
444 765 571 836 festum,
605 771 668 826 torn
692 764 782 824 etiam
806 768 931 841 propter
953 763 1189 824 anniversarium
1212 763 1365 836 solemne,

182 872 262 954 quod
286 871 393 933 5511155
417 870 469 931 illo
493 869 546 934 die.
568 885 636 949 5555
658 860 816 946 peragere,
841 867 910 944 quia
933 883 971 951 eo
995 866 1044 928 die
1067 868 1222 945 ingressus
1238 866 1364 929 Praedi-

182 984 318 1040 catorum
340 974 478 1037 ordinem
508 989 577 1036 sum
606 979 638 1034 51
660 989 737 1033 5555
761 971 898 1032 55551515
920 971 1092 1049 professus,
1125 973 1256 1049 cogitavi
1282 971 1364 1033 diem

177 1082 267 1142 illum
290 1099 360 1143 cum
381 1080 510 1141 honesto
525 1075 649 1156 'gaudio
677 1074 847 1136 deducere..
885 1075 1037 1136 Descendi
1060 1084 1133 1154 ergo
1156 1076 1196 1136 de
1219 1077 1308 1154 galea
1333 1079 1364 1138 in

181 1188 302 1247 barcam
335 1189 366 1244 et
394 1181 464 1243 duci
497 1199 546 1242 me
573 1180 652 1259 jussi
674 1182 705 1241 in
730 1181 847 1258 galeam
869 1180 983 1247 domini
1005 1180 1170 1243 bernhardi
1194 1182 1361 1256 couterini,

177 1284 211 1352 r'n
235 1307 292 1369 qua
316 1295 402 1350 erant
424 1287 537 1348 domini
558 1287 712 1365 peregrini
734 1285 839 1347 tertiae
863 1288 1026 1358 societatis,
1051 1283 1088 1347 ad
1111 1303 1188 1363 quos
1211 1305 1284 1348 eum
1307 1307 1360 1351 55-

181 1395 308 1463 nissem,
331 1409 401 1452 oum
423 1406 531 1467 magno
554 1388 661 1472 gaudio
684 1407 733 1448 me
749 1372 946 1469 receperuntr
970 1393 1070 1468 reperi
1086 1397 1185 1452 autern
1201 1391 1362 1455 dominum

182 1498 357 1560 llcinriouru
381 1493 418 1554 de
434 1477 632 1572 Schomburg,
661 1492 788 1556 militem
810 1490 883 1555 milri
900 1496 1101 1582 carissimum,
1125 1479 1359 1569 febricitantem,

181 1604 234 1680 qui
252 1600 425 1679 juramento
442 1597 613 1668 affirmavit,
637 1597 717 1676 quod
734 1597 770 1658 ad
786 1599 956 1676 ingressum
973 1617 1073 1679 meum
1089 1586 1272 1679 reliquisset.
1290 1620 1360 1663 enm

178 1705 284 1767 febris.
330 1703 400 1764 Soio
424 1705 520 1774 enim,
544 1702 670 1762 militem
692 1704 918 1780 istum-magno
942 1703 1033 1767 eorde
1055 1703 1128 1764 milri
1151 1703 1306 1778 aflectum,
1331 1713 1361 1767 et

177 1811 223 1870 ita
254 1814 381 1887 propter
412 1808 597 1885 inopinatam
634 1808 916 1868 transmutationem
950 1808 1058 1868 melius
1090 1808 1195 1869 habuit
1223 1810 1256 1869 in
1290 1828 1359 1871 meo

181 1919 316 1992 aspectu.
346 1910 398 1971 llla
422 1909 470 1970 die
487 1911 580 1970 multa
602 1927 678 1971 nova
703 1910 801 1999 audivi¹
822 1910 860 1972 de
884 1894 1021 1972 Venetiis
1042 1914 1072 1972 in
1088 1912 1137 1973 illa
1154 1913 1258 1990 galea,
1283 1932 1359 1992 quae

178 2028 238 2095 'noa
260 2017 291 2074 in
313 2020 415 2074 nostra
438 1999 652 2092 ignoravimus.
690 2012 774 2078 lnter
796 2015 853 2077 alia
876 2014 989 2077 dictum
1012 2010 1082 2085 fuit,
1108 2016 1190 2094 quod
1213 2018 1360 2095 palatium

157 2112 274 2192 ‚Ducis
288 2117 473 2178 Venetorum
496 2123 580 2176 esset
603 2117 792 2192 combustum
816 2136 870 2197 per
892 2119 1052 2180 traditores
1076 2119 1168 2180 Ducis
1185 2119 1359 2184 Ferrarien·

180 2225 240 2295 515,
261 2241 343 2284 oum
372 2239 431 2300 quo
454 2228 526 2281 tuno
549 2222 667 2283 stabant
690 2218 847 2289 venetiani
876 2224 907 2283 in
930 2215 1116 2285 differentias
1155 2224 1232 2286 Cum
1258 2235 1359 2291 autem

176 2328 385 2390 semiactum
409 2332 499 2411 esset,
523 2326 641 2404 navigio
665 2325 740 2386 redii
762 2327 792 2387 in
809 2327 926 2404 galeam
941 2344 1057 2401 meam,
1081 2330 1111 2389 in
1136 2348 1232 2392 55555
1258 2341 1359 2395 autem

176 2434 296 2512 'absque
319 2431 535 2519 deliberatione
552 2430 610 2491 diri
626 2429 917 2492 circumsedentibus
934 2431 1033 2494 audita
1048 2451 1124 2494 nova
1142 2434 1180 2495 de
1198 2439 1359 2500 exustione

178 2537 284 2617 palatii
307 2536 416 2605 Ducis;
450 2535 550 2594 statim
574 2551 651 2593 unus
674 2516 765 2594 verbe
789 2552 824 2594 ea
847 2553 900 2594 ore
919 2553 987 2596 meo
1010 2541 1108 2614 rapuit
1132 2544 1165 2598 et
1188 2541 1358 2603 ascendens

181 2646 211 2705 in
244 2642 400 2703 castellum
426 2639 554 2700 dominis
580 2640 736 2716 capitaneo
770 2639 876 2700 elassis
908 2647 940 2701 et
963 2650 1089 2719 patrono
1117 2649 1147 2702 et
1172 2646 1358 2717 oonsulibus,

177 2740 218 2808 'ac
240 2746 345 2825 galeae
370 2743 619 2823 gubernatoribus
643 2759 721 2820 quae
745 2742 877 2805 dixeram
900 2744 1027 2815 retulit,
1043 2763 1120 2824 quae
1136 2745 1179 2806 illi
1195 2748 1356 2811 audientes

175 2867 235 2929 per
257 2851 396 2910 nuntium
418 2853 600 2909 5555555551
631 2865 679 2907 me
712 2847 807 2907 adse
841 2854 871 2909 et
894 2866 963 2909 oum
986 2848 1192 2927 indignatione
1217 2853 1358 2933 inorepa-

178 2961 288 3014 555551
311 2971 377 3025 me,
411 2970 465 3013 our
486 2951 555 3012 talia
578 2950 721 3019 auderem
745 2949 863 3024 dicere,
897 2943 954 3013 nec
984 2954 1123 3015 volebant
1146 2960 1358 3019 excusationes

176 3056 264 3117 'meas
288 3056 407 3127 audire,
439 3054 493 3115 sed
525 3053 607 3115 doris
636 3053 736 3115 verbis
759 3054 891 3116 affecere
915 3053 969 3136 (et)
999 3058 1081 3118 abire
1111 3057 1280 3136 jusserunt.
1327 3062 1359 3122 Si

180 3160 305 3220 fuissem
328 3160 505 3230 saecularia,
522 3157 636 3228 credo,
659 3157 740 3235 quod
764 3177 812 3218 me
842 3161 872 3221 io
894 3172 1025 3239 ⁴poenam
1056 3170 1107 3224 out
1129 3169 1210 3224 extra
1239 3165 1357 3242 galcam

179 3265 210 3323 in
234 3270 345 3333 terram
368 3262 578 3342 exposuissent
611 3269 642 3323 et
666 3281 682 3323 a
705 3262 802 3324 classe
826 3263 1007 3340 ejecissent,
1031 3274 1082 3328 551
1113 3272 1273 3331 tormentis
1305 3273 1357 3332 tri·

177 3367 353 3439 bulassent‚
376 3367 424 3427 vel
447 3367 526 3429 forte
549 3385 606 3428 nee
629 3369 672 3427 sic
695 3367 769 3428 mihi
792 3370 1017 3446 pepercissent,
1041 3373 1067 3430 si
1090 3390 1151 3431 uon
1174 3372 1284 3435 1515551
1304 3394 1356 3437 55-

180 3489 262 3541 rum,
287 3471 367 3549 quod
390 3470 540 3544 dixeram,
563 3473 698 3534 sciebant
720 3482 839 3545 autern,
863 3491 927 3533 rem
950 3489 1019 3534 esse
1042 3476 1098 3547 ita,
1130 3477 1185 3538 sed
1208 3480 1356 3541 celabant.

156 3572 215 3636 “ln
236 3574 315 3635 iacto
338 3577 389 3638 illo
413 3576 519 3648 didici,
543 3597 602 3639 non
627 3597 696 3639 esse
719 3578 884 3657 prudenter
906 3587 1023 3649 551555,
1056 3581 1117 3640 imo
1141 3583 1357 3659 periculosum,

176 3680 307 3739 recitare
325 3681 426 3757 primo
450 3697 526 3742 nova
550 3681 668 3754 audita,
687 3685 852 3763 praecipue
876 3683 996 3762 quando
1020 3692 1090 3744 sunt
1105 3686 1270 3748 turbativa.

267 3778 417 3842 vicesima
441 3787 570 3862 septima
593 3785 642 3847 die
666 3795 797 3848 mutatus
823 3793 869 3848 est
885 3792 1010 3859 555155,
1033 3796 1064 3848 51
1086 3789 1192 3850 1555115
1216 3791 1358 3855 55515515

181 3892 212 3947 51
234 3881 341 3944 5515115
364 3887 487 3947 5551155
511 3887 549 3948 de
571 3899 662 3970 portu
685 3892 736 3952 illo
759 3894 790 3952 in
813 3894 992 3971 crepusculo
1015 3894 1131 3970 egressi
1153 3912 1276 3967 sumus,
1303 3896 1359 3957 sed

175 4003 272 4065 unane
296 3983 355 4045 cito
380 3989 426 4048 sol
449 3991 594 4063 aseendit,
617 4003 725 4057 ventus
741 3995 792 4056 ille
807 3998 920 4058 inutilis
943 3997 1039 4068 rediit,
1063 4005 1094 4059 et
1117 3998 1289 4061 ferebamur
1306 4019 1358 4062 er·

180 4097 227 4151 tra
242 4087 389 4167 Cycladas
412 4090 549 4170 quidem,
572 4096 626 4157 sed
648 4101 759 4161 intrare
783 4117 866 4162 mare
887 4099 1098 4173 Maleatioum,
1123 4099 1158 4163 ad
1183 4102 1266 4180 quod
1289 4112 1358 4167 ten-

182 4193 343 4266 debamus,
365 4212 426 4257 non
448 4194 614 4270 voluimus,
637 4202 771 4279 pellento
791 4221 849 4267 noa
870 4212 961 4268 rento
983 4205 1071 4268 altius
1094 4213 1199 4273 eontra
1219 4215 1360 4290 septem·
