2874 4770
685 181 753 254 ⁴5³

126 356 209 438 quod
230 342 321 437 louge
337 351 393 438 (b)
409 356 576 418 terribilius
598 363 661 429 est,
685 357 723 420 ad
744 374 854 420 manes
867 372 968 434 usqne
982 348 1179 417 descendere
1202 350 1235 407 et
1249 342 1330 407 lillis

127 478 239 540 opacas
272 459 386 522 intrare
419 460 527 521 domos
562 466 594 522 et
621 468 721 522 terrae
752 463 874 523 viscera
903 459 1002 520 oculis
1032 456 1211 522 terebrare,
1244 464 1328 511 num

127 571 229 626 autem
250 566 282 635 in
306 563 459 624 liminibus
483 565 579 642 optati
601 563 709 625 natalis
732 564 791 625 soli
815 564 948 623 existens
969 561 1079 622 intima
1102 555 1224 617 uiribm
1247 550 1325 612 deti·

127 686 216 739 near,
252 666 510 746 quemadmodum
549 668 675 744 contigit
707 665 951 728 fortunatissimo
984 665 1161 727 Succorum
1194 655 1325 734 principi

126 770 266 842 Brenno,
300 772 353 849 qui
374 771 540 850 provinciis
563 770 653 847 longe
675 769 859 830 distantibus
889 767 946 826 sibi
968 765 1105 826 subactis
1141 777 1214 821 cum
1238 754 1323 818 ditis·

127 875 211 934 simis
234 873 339 952 spoliis
363 873 485 933 rediens
509 873 627 935 nivibus
649 874 680 933 in
702 874 750 933 his
766 872 893 950 Alpibus
909 870 1036 933 obrutus
1052 867 1147 948 periit
1162 881 1233 924 cum
1255 862 1321 922 uni·

126 978 232 1039 versis.
265 975 332 1049 Quo
356 994 430 1056 ergo
453 976 557 1037 inlelix
579 993 616 1037 ex
639 977 761 1038 sublimi
785 976 882 1046 saltu,
906 992 967 1054 quo
991 991 1028 1034 ex
1051 974 1159 1031 monte
1183 966 1268 1028 celso
1289 966 1321 1027 iu

125 1078 200 1140 illud
222 1079 423 1141 desiderabile
447 1080 548 1140 solum
572 1086 687 1141 memet
718 1078 885 1157 dejiciam?
924 1078 998 1152 Quis
1027 1094 1079 1137 me
1108 1091 1127 1134 a
1160 1076 1320 1134 uentorum

126 1184 250 1245 extollet
273 1183 415 1263 impetu?
443 1183 528 1256 Quae
552 1181 667 1246 delerat
690 1184 848 1244 condensa
869 1183 966 1244 nubes
984 1188 1043 1250 ,aut
1065 1178 1164 1259 ipsius
1188 1174 1319 1253 armiger

126 1287 213 1348 ales?
252 1286 416 1347 Outinam
439 1286 475 1348 ab
498 1285 602 1346 inieris
625 1293 779 1348 remcaret
800 1285 968 1357 Daedalus,
1001 1288 1055 1364 qui
1088 1280 1172 1343 solus
1202 1278 1316 1340 bomini

125 1407 241 1470 pennas
276 1389 403 1451 iuduere
434 1391 518 1451 novit
550 1396 581 1450 et
614 1390 792 1451 mortalibus
828 1391 962 1450 insuetas
996 1391 1062 1451 vias
1089 1381 1253 1447 ostendere
1284 1388 1316 1445 et

126 1500 282 1573 praestare
299 1492 397 1553 inlixis
412 1490 604 1570 suffragium!
641 1492 731 1565 Quid
754 1494 823 1563 nisi,
847 1492 1060 1570 undecumque
1074 1489 1201 1558 venerit,
1225 1483 1314 1549 detur

127 1602 197 1676 post
218 1602 263 1657 tot
286 1595 454 1658 exantlatos
477 1594 614 1667 labores,
645 1602 690 1656 tot
713 1597 810 1656 victos
839 1597 978 1667 timores,
1009 1602 1053 1656 tot
1086 1595 1179 1654 etiam
1208 1589 1312 1654 obices

128 1701 305 1780 superatost
328 1700 361 1758 in
382 1700 441 1758 ista
463 1698 623 1759 tenebrosa
647 1705 678 1758 et
700 1700 806 1759 nivosa
828 1698 905 1759 valle
927 1718 988 1760 non
1011 1701 1127 1777 absque
1150 1697 1312 1775 ignominia

127 1805 308 1865 temeritatis
335 1817 424 1861 meae
456 1801 680 1863 subsistendum
712 1808 769 1862 est.
815 1799 951 1863 Tandem
973 1810 1075 1865 autem
1098 1808 1167 1881 post
1189 1803 1309 1881 pericu·

76 1962 83 1977 ,
129 1906 212 1967 losos
229 1922 377 1984 aquarum
393 1921 481 1964 casus
496 1905 527 1964 in
543 1904 675 1967 villulam
692 1902 852 1984 quandam,
866 1905 1031 1968 Niderdorf
1044 1905 1165 1978 dictam,
1181 1908 1311 1969 maxima

128 2029 197 2072 cum
218 2008 394 2071 difficultate
418 2009 572 2080 uenimus,
607 2017 640 2070 ut
663 2011 735 2087 equi
768 2012 864 2070 nostri
896 2028 1016 2072 summo
1048 2010 1151 2071 labore
1179 2010 1309 2073 coniecti

127 2117 325 2194 respirarent,
348 2120 380 2174 et
403 2131 460 2173 nos
483 2112 630 2173 similiter.
675 2112 810 2192 ingressi
833 2119 935 2176 autem
949 2114 1115 2194 hospitium
1136 2116 1308 2178 invenimus

127 2219 243 2298 aliquos
265 2224 469 2287 mercatores,
493 2218 545 2294 qui
567 2218 680 2276 intrare
703 2218 767 2287 via,
791 2234 849 2293 qus
872 2235 929 2277 uos
950 2234 1149 2289 veneramus,
1170 2218 1308 2281 intende·

126 2322 213 2391 bant,
237 2319 293 2381 sed
316 2320 549 2397 exspectabant,
572 2335 731 2396 quousque
754 2317 846 2395 aliqui
869 2320 999 2391 exirent,
1023 2320 1073 2397 qui
1087 2321 1167 2380 viam
1188 2319 1307 2401 frange·

126 2431 196 2483 rent
216 2441 273 2501 per
294 2424 397 2484 nivem
418 2423 566 2500 gelatum,
589 2419 670 2498 quod
692 2420 737 2481 illi
759 2420 861 2481 iacere
877 2421 1046 2484 nullatenus
1068 2422 1227 2495 audebant,
1250 2442 1308 2486 nec

107 2526 216 2600 ‚alictii
239 2524 341 2586 iacere
365 2523 493 2585 suadere
515 2523 625 2586 sellem
647 2529 773 2602 propter
794 2538 902 2602 magna
933 2526 1066 2603 pericula
1088 2527 1252 2588 bestiarum
1276 2534 1307 2589 et

126 2630 295 2694 hominum.
338 2627 385 2690 Ab
406 2630 473 2689 istis
496 2629 713 2689 mercatoribus
736 2628 966 2689 occurrentibus
988 2627 1027 2688 de
1049 2626 1136 2689 Ulma
1157 2630 1304 2692 intellexi-

128 2752 211 2805 mus,
244 2733 327 2812 quod
357 2733 471 2796 domini
504 2733 647 2794 consules
670 2729 831 2792 Ulmenses
857 2730 921 2809 Jam
954 2731 1170 2794 reiormasscnt
1202 2736 1306 2797 ambos

128 2845 294 2900 conventus
317 2838 444 2899 fratrum
466 2835 620 2898 Minorum
641 2839 673 2897 in
697 2837 818 2897 civitate
841 2844 872 2897 et
895 2843 977 2897 extra
1001 2855 1140 2899 sororum
1164 2839 1194 2898 iu
1218 2837 1305 2899 Soei·

127 2943 229 3021 lingon
264 2961 333 3003 cum
363 2945 478 3022 magnis
508 2943 660 3005 laboribus
692 2950 724 3004 et
753 2944 887 3004 maximis
917 2945 1069 3022 expensis.
1122 2943 1199 3005 Cum
1233 2960 1306 3023 ergo

126 3047 279 3125 paululum
303 3049 558 3128 respiraremus,
592 3050 704 3110 iterum
734 3049 870 3109 ascensis
899 3048 987 3127 equis
1017 3066 1072 3127 per
1094 3050 1173 3111 siam
1193 3049 1307 3110 iuriam

126 3156 157 3210 et
172 3149 384 3213 arduissimam
399 3154 559 3213 transitum
575 3151 766 3232 effregimus,
790 3153 869 3212 sicut
884 3154 982 3232 prius,
1006 3171 1077 3215 cum
1092 3154 1187 3216 multo
1204 3153 1306 3214 labore

126 3261 158 3315 et
179 3256 332 3333 periculo,
354 3257 386 3316 in
408 3275 464 3335 spe
487 3263 607 3328 tamen,
640 3260 710 3336 quia
732 3258 824 3319 tinem
846 3256 926 3318 illius
950 3255 1130 3318 maledictae
1154 3256 1238 3318 saliis
1262 3256 1305 3316 vi·

126 3355 238 3427 dimus,
262 3365 443 3435 postquam
465 3363 523 3421 iter
544 3359 718 3440 expeditum
741 3367 774 3421 et
796 3362 903 3423 tritum
916 3376 972 3418 nos
994 3359 1148 3420 babituros
1171 3359 1305 3437 speravi·

126 3477 204 3518 mus.
249 3456 388 3536 improbo
411 3478 484 3540 ergo
506 3463 626 3532 labore,
649 3465 749 3524 omnia
772 3463 928 3529 vincente,
952 3459 990 3520 ad
1011 3459 1103 3521 mem
1118 3459 1203 3522 rxllis
1226 3459 1306 3522 illius

126 3565 265 3628 venimus
295 3563 327 3622 in
359 3566 514 3642 regionem
546 3565 691 3625 comitum
724 3564 765 3624 de
795 3562 915 3624 (ioricia
946 3561 986 3622 ad
1020 3559 1121 3623 villam
1153 3559 1306 3641 grandem,

127 3666 237 3728 dictam
266 3664 378 3738 lohel,
411 3667 513 3745 ibique
543 3667 676 3728 anhelitu
708 3673 843 3728 resoluto
874 3667 985 3726 iterum
1016 3665 1220 3745 processimus
1251 3683 1308 3746 per

126 3773 215 3833 aliam
238 3771 347 3834 vallem
380 3778 413 3832 ct
434 3773 513 3832 siam
547 3771 670 3852 quidem
702 3773 804 3832 tritam
831 3771 1021 3840 invenimus,
1053 3775 1176 3829 rentum
1206 3775 1305 3831 tamen

126 3877 354 3956 frigidissimum
387 3876 547 3938 habuimus
581 3881 687 3936 contra
718 3893 774 3937 nos
808 3883 839 3936 et
869 3874 994 3947 fortem,
1026 3875 1078 3952 qui
1111 3871 1209 3934 lerata
1237 3875 1305 3936 nise

128 3991 231 4043 contra
254 4001 310 4043 nos
333 3981 479 4062 projecit,
509 3980 706 4059 infrigidavit,
740 3984 876 4045 coecavit
899 3989 931 4042 et
951 3980 1031 4042 viam
1052 3979 1154 4039 tritam
1177 3980 1304 4056 operuit,

129 4089 222 4147 etita
243 4088 340 4148 vexati
363 4088 474 4148 fuimus
503 4088 534 4146 in
565 4087 623 4144 ista
654 4084 746 4156 valle,
781 4085 862 4163 qood
890 4103 950 4146 non
979 4082 1108 4144 iaciiiter
1139 4079 1305 4159 dijudicare

128 4192 229 4271 potui,
251 4209 289 4253 an
311 4193 344 4253 in
365 4193 425 4254 alia
447 4189 524 4255 salle
546 4189 648 4269 potius
663 4188 800 4252 laborare
814 4189 863 4253 rcl
877 4192 909 4251 in
931 4187 983 4250 illa
1005 4186 1128 4257 sellem,
1150 4187 1176 4247 si
1198 4187 1304 4250 solun·
