2874 4770
699 186 763 259 187

139 365 211 429 dam
240 363 364 438 dicunt,
396 363 560 428 Chironem
589 367 722 447 primum
751 365 920 436 medicum,
951 363 1003 427 alii
1028 361 1244 444 Aesculapium
1276 366 1318 428 ibi

138 471 235 533 inisse
269 470 423 544 medicos,
457 471 537 532 unde
559 477 649 552 potus
671 471 740 543 ille,
771 489 863 549 quem
885 470 1001 533 llelena
1024 476 1108 548 rapta
1131 472 1253 541 sumsit,
1283 476 1319 532 ut

138 575 372 637 oblivisceretur
402 592 476 637 suae
509 574 702 646 calamitatis,
734 575 791 636 luit
823 577 963 636 inventus
994 575 1024 633 in
1047 573 1201 653 Aegypto,
1235 572 1316 636 uude

138 680 239 757 inquit
258 678 428 752 Eusebius,
450 697 550 759 nsque
572 680 612 743 ad
633 687 737 741 nostra
758 687 896 759 tempora
911 679 995 739 solae
1011 677 1226 756 Diospoliticae
1249 697 1316 741 mu·

137 783 231 844 lieres
252 784 328 845 iram
350 791 442 862 atque
463 787 649 846 moestitiam
670 787 842 865 potionibus
865 783 972 844 sedare
995 785 1139 843 resoluat.

225 877 276 947 lbi
291 889 491 966 nigromantia
512 894 543 950 et
565 890 641 950 aliae
663 888 831 968 prohibitae
854 894 935 948 artes
958 888 1108 964 originem
1128 893 1313 949 sumserunt.

138 987 228 1052 Unde
249 986 431 1069 leronymus
463 995 496 1053 in
518 995 579 1055 ritu
600 992 762 1055 Hilarionis
792 993 903 1064 refert,
939 991 1020 1069 quod
1054 992 1145 1050 etiarn
1177 998 1315 1070 tempore

139 1094 380 1157 Christianorum
408 1097 466 1160 luit
492 1099 626 1163 studium
660 1101 914 1179 nigromanticum
945 1100 977 1158 in
999 1096 1167 1175 Memphis,
1197 1101 1228 1155 et
1260 1095 1314 1156 ob-

138 1200 327 1268 servationes
353 1201 485 1274 denum,
515 1203 596 1265 uude
625 1204 690 1265 dies
718 1203 895 1283 Aegyptiaci
925 1201 1076 1262 dicuntur.
1122 1197 1189 1271 Quo
1224 1196 1313 1257 modo

138 1308 241 1364 autern
275 1303 341 1365 dies
362 1302 541 1386 Aegyptiaci
571 1297 702 1371 inveniri
735 1309 863 1369 debeant
896 1308 928 1366 in
963 1303 1149 1375 calendario,
1183 1301 1252 1365 vide
1284 1304 1313 1360 in

137 1406 316 1469 Catholicon
336 1407 503 1490 Aegyptus.
547 1411 616 1472 Non
644 1417 748 1472 autem
782 1410 881 1471 solum
913 1408 1084 1487 philosophi
1113 1405 1251 1466 infideles
1280 1407 1312 1465 in

135 1507 273 1590 Aegypto
295 1512 499 1593 philosophati
522 1521 608 1586 sunt,
632 1515 687 1576 sed
710 1516 801 1585 etiarn
823 1512 939 1573 fideles.
985 1509 1071 1572 Unde
1094 1511 1242 1572 Eusebius
1272 1507 1310 1568 de

135 1630 272 1694 praepar.
304 1617 478 1695 evangelica
500 1615 600 1678 LIX.
625 1618 658 1678 C.
683 1613 713 1679 4.
738 1616 827 1687 dicit,
863 1614 942 1694 quod
969 1613 1120 1676 Abrabam
1143 1615 1214 1677 vixit
1240 1631 1310 1673 curn

133 1701 344 1780 sacerdotibus
366 1719 497 1801 Aegypti
519 1724 551 1783 in
569 1719 721 1798 Heliopoli
753 1727 784 1780 et
799 1719 910 1780 docuit
933 1737 987 1780 cos
1011 1721 1212 1798 astrologiam.
1259 1719 1312 1778 Sic

135 1828 166 1881 et
187 1818 293 1883 Moses
315 1825 431 1886 invenit
453 1827 484 1885 in
508 1824 647 1904 Aegypto
669 1828 767 1904 primo
791 1843 872 1886 arma
893 1824 1003 1886 bellica
1033 1830 1064 1884 ct
1086 1823 1257 1903 praefectos
1279 1823 1311 1882 in

132 1924 301 2007 Heliopoli'
319 1933 509 2009 praeposuit,
541 1930 621 1992 unde
644 1931 784 2010 Aegyptii
815 1949 885 1991 eum
907 1929 1095 1992 Mercurium
1116 1931 1309 1989 vocaverunt.

224 2030 349 2111 Antiqui
372 2032 513 2116 Aegyptii
537 2020 689 2115 potentia,
713 2036 861 2113 sapientia
884 2040 915 2094 et
933 2034 1079 2112 religione
1096 2038 1203 2093 cuncta
1219 2048 1311 2110 regna

136 2137 331 2215 superabant.
366 2136 452 2199 Unde
475 2138 689 2217 legumlatores
713 2139 898 2200 Graecorum
922 2144 952 2198 et
975 2137 1099 2198 aliarum
1116 2138 1251 2213 gentium
1274 2137 1309 2196 ab

132 2236 288 2319 Aegyptiis
311 2242 626 2323 sumseruntgregulas
650 2261 772 2304 suarum
804 2241 920 2319 legum,
951 2247 982 2301 et
1014 2241 1113 2300 cuncti
1136 2239 1309 2317 philosophi

133 2342 167 2402 in
187 2338 323 2423 Aegypto
346 2343 503 2406 scientiam
525 2345 700 2406 hauserunt.
747 2348 798 2408 Sic
829 2353 860 2407 et
883 2347 1051 2407 mechanici
1074 2342 1308 2423 ingeniosissimi

135 2462 172 2506 cn
193 2443 329 2527 Aegypto
352 2448 543 2527 prodierunt;
584 2449 621 2510 de
651 2468 711 2528 quo
733 2450 801 2528 lege
824 2452 854 2510 in
878 2450 1003 2511 Diodori
1025 2449 1059 2510 L.
1083 2447 1118 2508 ll.
1144 2447 1176 2507 C.
1202 2445 1255 2505 ult.
1278 2450 1309 2504 et

131 2549 163 2609 in
184 2549 316 2629 Eusebio
338 2552 376 2613 de
399 2571 536 2633 praepar.
561 2554 697 2632 evangel.

222 2655 269 2715 De
288 2673 399 2716 veorum
420 2658 566 2734 potentia
580 2657 651 2718 dicit
668 2655 857 2737 Augustinus
876 2658 914 2720 de
939 2659 1056 2720 civitate
1072 2656 1129 2717 Dei
1144 2653 1210 2715 Lib.
1230 2650 1307 2715 XVI.

132 2756 165 2818 C.
191 2754 242 2822 17.
266 2759 347 2838 quod
368 2760 441 2821 olim
463 2759 604 2842 Aegyptii
626 2769 720 2824 totam
741 2764 866 2832 Asiam,
895 2762 996 2823 demta
1019 2760 1116 2832 India,
1140 2756 1307 2834 subjectam

129 2861 280 2923 habebunt
303 2869 440 2943 tempore
468 2866 585 2943 primae
607 2869 818 2946 promissionis
840 2865 997 2937 Abrahae,
1022 2862 1078 2946 (lt)
1101 2862 1182 2925 unde
1206 2867 1306 2923 tautae

130 2967 285 3044 potentiae
309 2966 444 3040 luerunt,
475 2975 509 3030 ut
530 2968 661 3050 Aegypti
691 2989 779 3050 reges
801 2990 856 3050 pro
886 2970 943 3031 diis
967 2970 1148 3030 colerentur.
1194 2966 1304 3028 Poten-

125 3069 264 3128 tissimas
297 3076 400 3131 autem
423 3073 560 3139 civitates
584 3081 824 3138 construxerunt.
871 3076 917 3137 De
940 3075 1087 3153 sapientia
1110 3073 1224 3133 dictum
1249 3079 1305 3142 est,

130 3177 161 3234 et
184 3170 223 3233 de
246 3173 392 3252 religione
421 3177 452 3235 in
480 3176 569 3238 idolis
593 3182 624 3237 et
646 3177 768 3256 templis
791 3183 821 3241 et
845 3178 1052 3239 sacerdotibus
1076 3195 1182 3257 parum
1205 3176 1304 3236 retuli.

214 3274 370 3356 Aegyptus
397 3281 476 3340 sicut
498 3281 571 3341 olim
598 3283 652 3343 snb
675 3283 765 3343 idolis
781 3283 838 3343 fuit
861 3284 979 3343 sentina
995 3284 1155 3350 viliorum,
1179 3282 1222 3341 sic
1250 3280 1304 3340 suh

129 3378 250 3440 Christo
272 3379 352 3441 iacta
374 3381 432 3442 luit
454 3385 612 3462 spe-culum
636 3389 771 3447 omnium
800 3387 1054 3456 Christianorum,
1078 3385 1157 3446 unde
1182 3391 1305 3463 propter

126 3482 372 3544 incredulitatem
394 3484 451 3545 iuit
473 3487 568 3566 plagis
591 3492 727 3550 maximis
750 3489 826 3551 adeo
843 3493 942 3552 attrita
970 3497 1000 3551 et
1021 3490 1228 3568 multipliciter
1250 3506 1306 3566 per

128 3586 291 3664 propbetas
307 3589 501 3666 proclamata.
528 3591 646 3655 Christo
663 3601 764 3654 autem
781 3612 849 3655 cum
863 3591 959 3654 Maria
974 3593 1096 3673 Virgine
1119 3595 1256 3669 ingresso
1274 3593 1304 3651 in

127 3686 300 3769 Aegyptum
322 3709 391 3752 mon
412 3695 512 3755 omnia
536 3704 714 3759 corruerunt
737 3697 819 3759 idola
849 3704 879 3757 et
903 3698 1015 3775 templa
1047 3703 1077 3757 et
1099 3696 1237 3766 delubra,
1272 3701 1304 3756 ut

127 3792 255 3853 babetur
276 3793 520 3872 suprafatae,
544 3801 652 3863 demtis
673 3802 768 3863 tribus
792 3802 931 3881 templis,
956 3818 1033 3880 quae
1049 3801 1161 3862 intaeta
1184 3817 1301 3860 reman-

126 3903 325 3995 serunt'cum
347 3901 410 3960 suis
433 3904 544 3973 sacris;
567 3909 698 3984 primum
720 3909 775 3969 luit
799 3906 948 3983 templum
970 3907 1110 3984 virginis,
1135 3904 1301 3966 secundum

127 3999 277 4080 templum
299 4004 469 4082 sanguinis,
492 4011 617 4070 tertium
639 4011 786 4089 templum
809 4011 898 4088 ignis.
928 4009 961 4092 ln
976 4012 1073 4088 primo
1090 4010 1203 4088 templo
1219 4011 1303 4071 stetit

127 4109 229 4185 imago
251 4110 375 4188 virginis
403 4110 499 4171 lilium
531 4115 562 4173 in
584 4114 707 4175 brachio
725 4115 894 4195 gestantis,
919 4114 998 4193 quod
1020 4120 1140 4176 veteres
1160 4113 1301 4194 Aegyptii

127 4206 264 4271 lacerant
290 4218 416 4292 propter
437 4217 610 4278 vaticinium
631 4216 783 4279 ieremias
812 4217 996 4297 prophetae,
1028 4219 1079 4294 qui
1112 4219 1301 4296 praedixerat
