2874 4770
685 162 752 232 229

218 336 396 402 Secundum
416 337 531 401 malum
552 338 633 402 illius
656 345 755 403 terrae
778 347 827 403 est
849 341 1020 420 frequentia
1042 346 1141 403 terrae
1163 351 1311 417 motuum,

131 443 240 523 quibus
269 444 356 521 quasi
379 441 526 520 quottidie
550 441 732 520 dejiciuntur
755 444 891 508 aedificia
913 451 944 505 et
967 443 1095 523 grandes
1119 447 1255 509 civitates
1278 450 1309 509 in

132 548 228 610 ruinis
248 545 353 624 jacere
377 553 550 608 cernuntur.

218 647 357 711 Tertium
390 649 505 709 malurn
534 655 583 709 est
616 651 695 710 aeris
724 649 849 711 infectio
888 655 985 721 tanta,
1025 656 1059 711 ut
1092 654 1179 730 quasi
1212 656 1311 716 omnis

130 755 224 815 bomo
245 753 288 814 ibi
311 752 471 814 febricitet·
484 753 575 814 certis
599 754 787 832 temporibus
811 761 842 813 et
862 752 1035 832 pestilentia
1062 755 1102 816 ibi
1118 773 1210 835 saepe
1227 776 1310 836 gras-

117 862 231 918 ·setur.
259 854 347 916 Unde
369 857 449 916 inter
471 859 657 918 avisamenta
686 858 915 936 peregrinorum
938 862 984 915 est
1007 856 1081 917 illud
1103 862 1310 938 praecipuum,

129 977 170 1021 ne
192 973 309 1019 moram
330 958 449 1019 trabant
470 961 503 1019 in
525 959 642 1038 Cypro,
665 965 782 1025 utnon
804 959 984 1021 inficiantur.
1029 959 1113 1021 Hanc
1136 969 1239 1024 autem
1262 965 1309 1024 in·

130 1061 296 1125 lectionem
319 1059 426 1121 dicunt
448 1062 540 1140 aliqui
561 1060 632 1121 ideo
656 1078 743 1135 esse,
775 1064 844 1141 quia
877 1079 964 1121 mons
987 1061 1148 1126 Armeniae
1180 1070 1211 1125 et
1234 1066 1310 1128 Cau·

131 1173 222 1228 casus
244 1161 415 1240 etTaums
438 1163 617 1244 prohibeant
644 1167 752 1226 ventos
775 1165 911 1226 salubres
934 1185 951 1227 a
972 1165 1085 1246 Cypro,
1118 1169 1223 1246 sicque
1248 1170 1311 1229 ariri

131 1286 235 1331 crasso
258 1266 355 1328 subsit
377 1272 409 1327 et
437 1268 554 1328 insano.
600 1266 663 1327 Sed
689 1270 768 1333 banc
799 1271 947 1331 rationem
969 1288 1029 1330 non
1058 1273 1185 1331 aestimo
1208 1289 1311 1333 veram

131 1363 220 1444 ease,
256 1388 326 1431 cum
355 1369 509 1447 praedicti,
531 1376 650 1430 montes
679 1371 768 1450 longe
800 1372 939 1451 aCypro
969 1374 1029 1432 sint
1059 1372 1205 1434 distantes
1229 1383 1310 1436 retro

131 1476 281 1545 Ciliciam,
315 1472 433 1553 Syriam
465 1478 495 1532 et
522 1471 707 1534 Phoenicen.
762 1476 826 1534 Nec
857 1474 896 1536 de
927 1475 1005 1536 malo
1039 1480 1069 1535 et
1101 1476 1215 1538 infecto
1238 1481 1311 1540 abre

130 1577 316 1656 inculpatam
347 1576 407 1654 legi
432 1575 564 1654 Cyprum
594 1576 627 1635 in
660 1576 759 1654 aliquo
791 1576 867 1639 libro
892 1580 1055 1639 authentici
1079 1583 1226 1652 auctoris,
1255 1581 1309 1643 sed

133 1689 251 1747 tantum
273 1683 305 1741 in
326 1680 467 1742 libellulis
490 1681 621 1742 militum
641 1680 849 1744 almanorum.
894 1683 930 1744 Et
953 1686 978 1743 si
1005 1691 1124 1744 montes
1147 1683 1309 1746 Armeniae

129 1791 292 1848 causarent
323 1784 470 1845 iniectum
505 1785 625 1858 adrem,
659 1786 847 1865 probibendo
881 1804 1003 1847 causam
1036 1789 1192 1859 sanitatis,
1227 1805 1308 1848 sem·

128 1906 185 1970 per
206 1888 316 1954 inisset
336 1888 378 1949 ibi
400 1888 497 1948 malus
521 1889 588 1960 abr,
613 1893 644 1948 et
667 1890 709 1951 ita
730 1887 856 1969 lapbet,
879 1890 958 1951 tilius
979 1890 1079 1963 Noae,
1103 1871 1212 1952 stultus
1235 1891 1309 1953 iuis·

128 1998 194 2069 set,
218 1989 299 2075 quod
323 1982 391 2051 earn
414 1991 571 2067 regionem
593 2009 666 2070 prae
688 1995 827 2055 omnibus
851 1995 1013 2074 elegisset;
1043 2012 1102 2062 nec
1124 1995 1175 2056 illa
1197 1994 1308 2056 delica-

128 2096 247 2157 tissima
268 2094 371 2155 Venus
394 2096 424 2155 in
449 2112 517 2156 eam
540 2103 712 2169 enatasset,
736 2117 794 2159 neo
816 2098 924 2170 Belus,
947 2115 1004 2158 neo
1026 2096 1223 2177 Pygmalion,
1250 2116 1309 2161 nec

126 2198 263 2278 Paphus,
293 2198 432 2262 homines
459 2200 656 2271 nobilissimi,
690 2202 733 2262 ibi
755 2200 846 2263 sedes
878 2202 1053 2280 posuissent
1066 2182 1163 2261 suas.
1210 2201 1308 2263 Credo

127 2294 248 2374 autem,
290 2304 393 2364 adrem
427 2320 487 2367 non
525 2321 594 2363 esse
630 2303 757 2375 malum,
797 2304 851 2363 sed
889 2303 1197 2381 disproportiouatum
1228 2302 1308 2366 Teu·

130 2408 318 2478 tonicorum,
353 2407 405 2485 qui
436 2408 499 2466 nati
532 2411 569 2465 et
592 2407 714 2465 enutriti
742 2407 775 2466 in
798 2408 868 2467 abre
893 2406 984 2478 duro,
1015 2403 1136 2485 frigido,
1168 2425 1308 2468 consum·

127 2512 208 2582 tivo,
239 2527 300 2571 non
323 2515 452 2588 possunt
482 2511 561 2570 bene
593 2510 694 2571 vivere
716 2511 748 2569 in
781 2512 850 2570 abre
875 2510 976 2570 subtili
1008 2516 1039 2570 et
1062 2512 1160 2581 tenui,
1194 2511 1308 2589 inquo

125 2630 235 2676 eornm
265 2615 483 2693 intemperatae
507 2616 711 2674 comestiones
736 2620 766 2675 et
788 2617 958 2693 potationes
983 2615 1120 2675 consumi
1143 2622 1307 2693 nequeunt.

126 2716 222 2780 Porro
260 2719 287 2778 si
323 2716 441 2778 incolae
474 2716 592 2788 dicunt,
632 2697 673 2777 ibi
707 2735 776 2778 esse
810 2720 912 2778 adrem
950 2717 1111 2788 iniectum,
1153 2724 1183 2779 et
1212 2719 1238 2779 si
1270 2718 1307 2779 de

125 2822 208 2884 iacto
231 2822 272 2882 ita
305 2827 370 2890 est,
404 2838 459 2899 pro
493 2827 577 2882 certo
608 2838 728 2891 nonen
751 2828 872 2895 natura,
903 2821 958 2883 sed
988 2840 1024 2883 ex
1047 2822 1103 2883 Dei
1133 2821 1220 2900 plaga
1250 2821 1308 2883 hoc

124 2932 227 2988 temne
248 2924 292 2985 illi
316 2922 439 2996 accidit,
468 2925 547 2983 sicut
579 2929 610 2985 et
640 2931 738 2985 terrae
762 2933 887 2987 sanctae
910 2925 1082 2986 maledictio
1104 2924 1155 2986 illa
1178 2924 1307 2987 advenit.

127 3028 231 3091 Potius
255 3033 356 3090 autem
381 3025 488 3098 credo,
524 3026 606 3105 quod
629 3029 668 3088 sit
690 3047 783 3090 unum
806 3030 942 3091 fictitium
978 3036 1009 3090 et
1032 3028 1113 3108 quod
1135 3028 1204 3089 ideo
1226 3029 1309 3089 illam

124 3134 286 3212 regionem
309 3148 431 3193 exosam
460 3130 606 3202 reddant,
637 3148 677 3192 ne
709 3150 829 3193 rursum
852 3152 979 3212 regnum
1001 3132 1308 3212 Hierosolymitannm

125 3254 186 3318 per
213 3236 451 3297 Christianorum
482 3229 537 3313 (b)
569 3234 722 3313 principes
753 3240 951 3298 resuscitetur
986 3243 1017 3298 et
1046 3254 1097 3297 rex
1130 3236 1171 3295 ibi
1201 3235 1307 3313 aliquis

128 3336 346 3411 constituntur,
371 3338 409 3399 de
433 3356 493 3417 quo
515 3337 633 3401 insulae
657 3357 851 3417 possessores
867 3340 1004 3401 moderni
1027 3357 1085 3400 nec
1107 3337 1232 3399 verbum
1255 3356 1307 3398 vo-

128 3444 194 3505 lunt
217 3443 336 3514 audire,
365 3442 456 3503 etad
478 3442 537 3502 boe
559 3447 630 3503 sunt
665 3461 721 3521 per
743 3427 933 3504 insulam'de
954 3443 1109 3521 praesenti
1131 3442 1222 3511 certi,
1257 3443 1309 3518 qui

127 3548 317 3608 circumeunt
339 3563 395 3623 per
416 3544 498 3616 loca,
526 3548 606 3605 etsi
629 3543 758 3623 aliquem
782 3545 933 3607 audierint
954 3544 1037 3623 loqui
1060 3543 1099 3606 de
1123 3560 1196 3622 rege
1219 3546 1307 3605 resti-

124 3647 315 3719 tuendo·vel
342 3649 482 3727 regimini
510 3647 655 3708 moderno
679 3647 877 3720 detraxerint,
908 3649 1011 3709 statim
1032 3649 1126 3710 vincti
1149 3650 1308 3708 mittuntur

127 3752 273 3816 venetias
304 3750 556 3812 aid-reddendum
578 3753 727 3811 rationem
755 3753 883 3812 senatui.
929 3749 1019 3812 Unde
1043 3753 1074 3811 in
1098 3753 1196 3830 prima
1218 3769 1306 3830 pere·

129 3858 298 3936 grinatione
329 3871 398 3915 mea
431 3854 534 3915 multis
565 3853 671 3914 diebus
700 3855 732 3914 in
760 3855 859 3915 insula
888 3853 1002 3933 degens
1035 3854 1096 3916 vidi
1124 3856 1155 3915 in
1188 3857 1307 3917 civitate

126 3961 271 4022 Nicosina
293 3958 446 4038 quendam
475 3959 599 4019 fratrem
634 3957 747 4019 ordinis
775 3961 871 4019 nostri
901 3975 956 4037 per
985 3960 1138 4020 civitatem
1170 3959 1201 4018 in
1224 3958 1306 4020 mulo
1381 4032 1386 4042 ¹

125 4070 237 4126 tornato
260 4062 437 4141 irequenter
459 4064 658 4139 spatiantem,
680 4079 716 4122 ac
739 4063 765 4122 si
786 4061 895 4123 luisset
910 4063 1087 4141 episcopus,
1111 4067 1141 4122 et
1157 4062 1306 4122 innostro

124 4186 256 4232 recessu
277 4167 399 4230 intravit
421 4165 459 4228 ad
481 4184 537 4227 nos
558 4168 588 4227 in
612 4165 731 4245 galeam
753 4183 822 4228 oum
844 4162 1023 4245 quibusdam
1045 4166 1166 4244 reginae
1189 4164 1306 4228 clienti·
