2874 4770
124 385 203 446 tioia.
248 382 417 445 Aedificant
437 389 539 443 autem
560 383 711 462 lapidibus
725 384 833 455 luteis,
853 403 916 446 nun
928 387 962 445 in
982 386 1101 447 elstano
1121 385 1179 448 sed
1202 385 1303 448 solnm

128 486 168 564 ad
189 487 288 547 solem
309 484 458 557 deeoetis,
483 488 537 564 qui
558 488 685 558 lateres,
714 506 805 567 quam
828 492 887 548 eito
911 506 987 566 aqna
1010 491 1117 568 exigua
1138 489 1302 569 prolunde·

128 597 249 662 rentur,
273 608 341 650 mor
363 590 601 662 resolverentun
624 609 695 652 nam
717 595 744 651 si
767 595 955 668 contingeret
977 591 1109 669 pluviam
1127 594 1192 653 lieri
1211 610 1304 671 super

130 692 251 754 Cairum
272 691 309 753 ad
331 692 409 753 duos
430 695 591 754 eontinuos
611 694 694 766 dies,
717 698 797 755 sieut
818 694 899 773 apud
920 712 977 754 nos
999 695 1179 774 quandoque
1196 695 1235 756 ad
1249 713 1302 757 sex

127 794 230 868 durat,
261 802 323 856 tota
354 793 580 872 quodammodo
604 799 710 858 uiritas
742 800 820 857 sient
853 814 923 855 eera
956 797 1141 874 liquesceret
1162 806 1195 861 et
1216 799 1302 858 lieret

126 898 265 958 cumulus
287 899 351 959 timi
379 905 412 959 et
441 899 507 959 limi
537 898 577 958 de
606 898 747 961 dommus
776 899 905 979 depictis
937 907 969 959 et
994 899 1160 972 deauratis,
1192 901 1302 961 demtis

129 1001 284 1062 moscheis
307 1008 339 1062 et
361 1001 500 1061 dombns
524 1004 636 1080 regiis;
659 1010 742 1064 earet
766 1005 847 1063 enim
869 1004 953 1079 regio
968 1001 1019 1061 illa
1033 1001 1137 1079 lignis,
1158 1002 1227 1063 ideo
1242 1022 1303 1063 non

126 1110 198 1166 suut
218 1105 261 1165 ibi
281 1111 452 1167 structurae
474 1102 643 1184 (durantes)
667 1106 722 1166 sed
745 1107 863 1175 luteae,
886 1107 944 1164 nisi
966 1104 1080 1184 templa
1102 1112 1134 1164 et
1154 1105 1272 1184 palatia.

214 1208 296 1268 Olim
311 1216 398 1270 erant
411 1210 443 1268 in
457 1208 509 1268 dia
526 1209 602 1269 urbe
617 1218 809 1270 monstruosa
823 1208 958 1269 aedificia
972 1209 1200 1287 pretiosissima,
1222 1208 1303 1268 uude

125 1317 265 1391 tempore
286 1311 416 1389 Augusti
436 1311 575 1371 Caesaris
595 1312 699 1373 Gallus
720 1320 811 1392 poeta
829 1312 1059 1382 foroliviensis,
1081 1311 1194 1372 ibidem
1215 1329 1302 1389 prae-

124 1422 190 1486 tor,
214 1434 252 1476 ex
272 1416 331 1476 bae
351 1415 427 1475 urbe
451 1415 574 1474 abstth
587 1416 738 1476 obemeos
762 1423 826 1475 tres
847 1414 1056 1484 admirandos,
1079 1432 1208 1492 quorum
1224 1433 1303 1475 unus

125 1537 208 1578 nune
230 1520 262 1578 in
285 1517 430 1578 Vaticano
452 1525 521 1577 aute
543 1519 692 1597 templum
714 1518 783 1578 diro
806 1517 896 1578 Petro
919 1517 1052 1578 dicatum
1074 1526 1148 1591 stat3
1172 1519 1250 1579 alter
1271 1521 1303 1579 in

128 1620 218 1681 Ciroo
232 1619 381 1691 Maximo;
405 1621 481 1680 alius
502 1623 535 1680 in
549 1621 662 1699 Campo
676 1619 787 1681 llartio
803 1622 918 1681 locatus
932 1628 995 1690 est,
1019 1628 1051 1681 ut
1067 1620 1157 1682 habet
1172 1620 1303 1682 lacobus

127 1723 257 1804 Philippi
272 1726 304 1785 in
319 1743 408 1803 supp.
425 1724 641 1784 chronieorum
658 1726 713 1784 snb
728 1725 970 1803 temporibus...
988 1724 1189 1803 imperatoris.
1214 1724 1304 1797 Quod

128 1833 233 1887 autem
253 1829 394 1905 superius
416 1826 493 1895 dixi,
522 1827 600 1886 hane
631 1828 737 1887 urbem
768 1827 914 1904 majorem
944 1846 1031 1899 esse,
1059 1848 1151 1907 quam
1173 1830 1304 1909 aliquam

128 1931 283 1991 civitatem
303 1931 404 2000 orbis,
426 1948 488 1989 non
509 1932 634 2006 negari,
657 1933 729 2007 quin
752 1930 896 2008 possibile
919 1933 976 2001 sit,
997 1932 1095 1992 adbuc
1110 1933 1257 2010 majorem
1272 1936 1303 1994 in

128 2034 230 2112 aliqua
250 2041 337 2112 parte
358 2033 440 2093 orbis
461 2049 548 2101 esse,
571 2031 627 2091 sed
648 2034 737 2092 nobis
759 2051 819 2092 non
840 2041 974 2104 oonstat,
1000 2053 1058 2094 nec
1081 2028 1303 2115 aliquem'ridi,

128 2137 182 2214 qui
203 2134 351 2211 majorem
373 2134 496 2204 viderit,
527 2153 585 2195 nee
614 2135 653 2196 de
685 2136 799 2213 majore
828 2139 858 2196 in
886 2140 1114 2215 perigrinalibus
1137 2140 1215 2217 legi,
1246 2142 1304 2200 nisi

128 2241 162 2298 in
183 2239 288 2298 notula
308 2256 404 2298 norae
427 2255 554 2315 mappae
584 2238 704 2308 mundi,
736 2257 816 2316 quae
845 2258 936 2317 supra
957 2239 1163 2300 Ptolemaeum
1193 2241 1305 2300 multos

129 2343 195 2402 orbi
217 2341 320 2418 adjicit
341 2340 459 2418 gradus.
504 2341 542 2400 Et
564 2341 603 2400 de
626 2341 756 2418 quadam
778 2341 911 2401 Orientis
943 2343 1043 2401 insula
1064 2342 1156 2400 reiert
1178 2343 1305 2400 marima

129 2445 282 2524 Sypantya
303 2447 445 2514 nomine,
476 2446 508 2502 in
539 2461 598 2521 qna
630 2444 735 2504 dieunt
765 2444 870 2503 urbem
902 2460 973 2502 esse
995 2445 1026 2502 in
1048 2442 1137 2519 triplo
1160 2442 1305 2518 majorem

129 2565 221 2626 quam
256 2553 360 2607 nostra
399 2546 536 2606 Cabirus.
581 2546 693 2607 Dicunt
731 2555 833 2607 autem
870 2545 1093 2612 chiromantici,
1132 2551 1305 2621 geometrae

130 2647 233 2729 (104
244 2647 290 2726 ι)
319 2657 352 2709 et
381 2649 588 2708 mathematici
619 2653 714 2710 nostri
747 2649 900 2717 modemi‚
929 2644 1009 2725 quod
1032 2649 1060 2705 si
1080 2645 1132 2706 illa
1154 2648 1306 2725 Sypantya

129 2753 230 2814 insula
242 2759 292 2813 est
304 2754 338 2812 iu
352 2751 465 2811 mundo
479 2754 511 2810 iu
526 2768 563 2810 ea
579 2755 703 2830 regione
718 2752 795 2822 alta,
819 2754 897 2812 sieut
914 2749 1070 2829 praediola
1084 2766 1192 2827 mappa
1208 2748 1306 2816 babet,

129 2862 203 2917 tune
234 2871 364 2916 neeesse
393 2861 443 2914 est
470 2855 512 2913 ibi
540 2854 708 2915 habitantes
736 2873 807 2915 esse
838 2859 980 2931 respectu
1012 2853 1108 2912 nostri
1137 2851 1305 2929 antipodes,

131 2977 209 3038 qnos
236 2965 341 3036 nmen
367 2953 556 3033 Augustinus
583 2957 622 3018 de
651 2959 778 3018 Ciuitate
807 2957 863 3017 Dei
891 2955 955 3015 Lib.
979 2952 1056 3014 XVl.
1080 2973 1106 3014 o.
1129 2949 1160 3017 9.
1184 2957 1305 3015 omnino

132 3069 226 3141 negat
247 3078 318 3120 esse
340 3061 373 3119 in
395 3059 481 3130 orbe,
511 3078 569 3119 nee
596 3062 734 3122 homines
765 3078 834 3120 esse
863 3058 1063 3120 circumfusos
1092 3058 1169 3119 orbi·
1184 3066 1307 3136 propter

130 3168 239 3227 oeeani
252 3161 486 3242 impedimenta,
510 3163 590 3241 quod
603 3167 635 3223 iu
650 3166 820 3242 oppositam
835 3170 952 3242 partem
966 3163 1097 3240 navigari
1117 3178 1305 3239 nequaquam

130 3276 243 3350 potest
288 3267 335 3326 lle
356 3266 404 3324 bis
426 3265 495 3325 vide
517 3269 551 3324 in
566 3268 655 3344 Spee.
680 3274 777 3327 natur.
800 3266 834 3327 L.
859 3265 919 3325 l'll
943 3283 970 3324 e.
990 3263 1039 3327 10.
1085 3265 1146 3326 Sed
1169 3273 1199 3323 et
1214 3265 1306 3324 irater

130 3373 265 3433 Odorius
286 3369 401 3430 ordinis
423 3367 575 3430 ldinorum
604 3373 636 3430 in
664 3389 720 3431 suo
749 3370 915 3430 narratorio
946 3366 984 3427 de
1012 3368 1114 3427 multis
1137 3368 1306 3427 civitatibus

130 3474 265 3535 Orientis
298 3472 431 3549 loquitur
462 3472 626 3548 majoribus
655 3474 779 3543 Cabiro,
807 3473 986 3550 praesertim
1017 3469 1056 3530 de
1077 3466 1195 3546 hosp,
1228 3485 1306 3545 quae

132 3577 244 3640 dieitur
266 3577 371 3635 eivitas
402 3574 493 3645 noeti,
525 3579 563 3637 ob
593 3578 640 3636 sui
669 3575 878 3654 ingredibilem
904 3570 1154 3650 magnitudinem,
1187 3570 1225 3630 de
1249 3586 1308 3646 qur

133 3684 210 3742 mira
232 3679 306 3740 dieit
326 3679 529 3738 strationem
552 3678 739 3740 excedentia.

203 3930 257 4003 De
285 3927 558 4000 Sarracenorum
584 3927 827 4002 sacerdotibus
854 3932 1039 3999 eteorum
1066 3920 1234 3996 eeclesiis.

218 4096 385 4161 llmobeae
406 4096 520 4157 multae
542 4093 629 4156 valde
650 4104 722 4156 sunt
742 4097 773 4156 iu
802 4095 860 4155 bae
882 4093 976 4158 urbe,
1006 4090 1086 4151 sieut
1108 4103 1200 4164 supra
1224 4095 1310 4164 patet

133 4199 435 4282 tob‘opraeeedeuti
479 4190 1310 4274 muitumtemranptumttaotonmnuaamn·

1053 4307 1071 4356 fl
1082 4302 1099 4337 ⁸
