2874 4770
742 226 788 297 96

266 401 304 464 iii
328 402 455 481 praeisti
477 404 637 465 Sarraccni
659 421 766 465 omnes
795 403 907 464 subditi
936 412 1006 466 sunt
1026 401 1217 466 Machameti
1247 404 1362 484 legibus

180 507 393 583 spurcissimis.
440 504 583 577 Quamvis
605 508 686 566 enim
708 506 790 567 idola
812 523 873 567 uon
896 505 1021 569 adorent
1051 525 1150 587 eaque
1182 516 1215 568 et
1249 509 1362 569 coitum

180 624 286 668 eorum
309 610 547 686 conpatiuntur,
572 626 668 687 aeque
685 615 786 669 tamen
810 607 881 669 mali
896 614 966 669 sunt
981 612 1060 670 sicut
1076 610 1226 671 idolatrae
1243 618 1274 671 et
1290 628 1360 688 pec-

181 717 301 770 catores
323 730 384 771 non
408 713 507 772 minus
531 729 633 772 coram
656 710 796 782 Domino,
820 717 851 771 et
875 713 1082 773 autoritatibus
1106 715 1202 773 sacris
1227 714 1360 774 firmatus

181 811 283 873 dicere
307 812 419 884 audeo,
449 813 528 892 quod
551 812 738 875 Macbometi
760 818 928 874 sectatores
950 815 1111 875 sarraceni
1134 823 1207 876 sunt
1230 816 1359 895 pejores,

180 934 270 995 quam
293 916 441 978 idolorum
470 917 621 977 manifesti
651 916 784 976 cultores
817 924 848 976 et
877 919 997 994 gravius
1023 924 1169 995 peceant,
1201 921 1359 998 magisque

180 1019 277 1081 Deum
310 1019 474 1081 offendunt.
526 1018 615 1091 Quod
647 1024 815 1097 aequentur
846 1016 1013 1080 idololatris
1041 1022 1073 1080 in
1102 1027 1246 1098 peccato,
1277 1027 1358 1100 patet

181 1129 259 1185 auct.
285 1124 436 1202 Jercnym.
462 1122 558 1182 Serru.
586 1122 614 1184 i.
639 1120 705 1182 Gai.
728 1119 777 1181 iv.
823 1119 983 1193 Quomodo
1014 1126 1221 1184 convertimur
1249 1127 1358 1185 iterum

180 1229 218 1290 ad
250 1229 364 1289 infirma
393 1232 425 1286 et
457 1242 546 1303 aegra
578 1226 729 1285 elementa
762 1223 839 1302 legis
871 1222 1015 1284 dicentis:
1049 1223 1251 1288 Obseruantia
1284 1226 1357 1304 legis

179 1335 299 1403 veteris,
316 1334 364 1392 oui
380 1337 451 1390 tune
467 1327 560 1389 dediti
577 1334 669 1398 erant,
684 1332 845 1404 peccatum
859 1344 956 1407 paene
971 1343 1024 1406 par
1039 1329 1176 1388 servituti
1197 1326 1355 1389 idolorum.

178 1436 215 1496 Et
239 1437 296 1495 aiio
320 1434 411 1494 verbo
434 1430 560 1491 ibidem:
595 1430 662 1490 Non
695 1427 787 1489 distat
819 1431 868 1490 lex
897 1436 967 1508 post
988 1429 1142 1489 Christum
1175 1431 1356 1508 abantiquo

178 1539 357 1600 idololatria.
403 1534 438 1594 Et
465 1535 491 1592 si
524 1531 655 1602 dicatur,
688 1531 728 1591 ibi
763 1532 872 1593 colitur
893 1532 990 1604 Deus,
1022 1532 1072 1591 hic
1100 1547 1174 1591 vero
1210 1532 1353 1592 diabolus.

179 1641 313 1711 Deinde,
338 1635 420 1716 quod
443 1635 578 1714 quamvis
601 1633 666 1704 bic,
690 1651 715 1692 s.
738 1635 769 1692 in
791 1633 876 1712 iege,
907 1634 1142 1706 potatoribus,
1172 1642 1354 1695 tamennon

181 1743 291 1805 codem
315 1739 421 1811 modo,
454 1756 513 1816 quo
547 1736 646 1797 debet.
691 1735 728 1796 Et
750 1735 858 1797 doctor
890 1745 1012 1821 sanctus
1034 1734 1087 1801 22.
1116 1754 1166 1815 qu.
1197 1737 1245 1800 it.
1271 1735 1354 1800 ar.3

179 1846 218 1907 ad
241 1844 261 1907 3
286 1845 373 1905 dicit:
407 1836 488 1920 quod
509 1841 679 1901 observatio
703 1838 778 1916 legis
802 1858 862 1900 non
885 1848 933 1902 est
956 1843 1077 1901 omnino
1100 1841 1236 1917 aequalis
1260 1840 1354 1901 idolo-

179 1948 285 2008 latriae
301 1945 470 2005 secundum
486 1961 582 2022 genus
598 1945 725 2022 pcccati,
748 1941 804 2004 sed
820 1943 954 2021 aequalis
968 1961 1083 2022 paene,
1108 1945 1179 2021 quia
1194 1950 1355 2021 utrumque

180 2054 228 2109 cst
250 2049 369 2126 species
392 2046 553 2125 pestiferae
577 2042 676 2124 (1⁰8
691 2041 734 2123 a)
759 2047 990 2124 superstitionis.
1034 2044 1076 2105 Ex
1099 2046 1209 2123 quibus
1226 2049 1271 2107 sic
1287 2065 1353 2125 pro-

180 2151 273 2213 cedo:
315 2152 341 2209 si
369 2149 552 2209 iudaeorum
586 2155 763 2227 peecatum,
804 2166 863 2225 quo
896 2148 1057 2209 observant
1085 2154 1224 2208 veterem
1256 2150 1353 2227 legem

178 2261 316 2333 tempore
340 2253 468 2330 gratiae,
498 2257 546 2311 est
569 2268 621 2330 par
645 2257 676 2310 et
699 2251 824 2328 aequale
847 2267 943 2329 paene
966 2256 1092 2328 peccato
1113 2249 1302 2313 idololatriae
1325 2259 1353 2312 et

178 2358 317 2421 servituti
336 2354 501 2424 idolorum,
525 2355 663 2430 sequitur
684 2353 722 2414 de
745 2355 943 2424 necessitate,
966 2349 1047 2430 quod
1071 2361 1232 2431 peccatum
1256 2362 1288 2416 et
1310 2358 1351 2416 in-

180 2462 309 2526 fidelitas
333 2456 515 2538 perfidorum
530 2458 782 2531 Sarracenorum,
804 2459 1029 2519 observantium
1043 2457 1145 2534 legem
1159 2455 1352 2532 Macbometi,

60 2548 64 2555 ⁸
177 2584 238 2627 uon
261 2562 351 2625 modo
375 2563 586 2640 aequiparatur
609 2560 813 2631 idololatriae,
836 2558 892 2621 sed
915 2562 947 2620 in
968 2560 1080 2621 malitia
1101 2561 1230 2623 excedit.
1275 2563 1352 2624 Con-

177 2675 238 2731 stat
260 2670 418 2735 nimirum,
449 2671 563 2724 sectam
588 2666 824 2725 sarracenorum
854 2665 1114 2742 perversissimam
1134 2681 1197 2725 non
1219 2665 1314 2726 fuisse
1337 2683 1354 2725 a

177 2774 242 2836 Deo
266 2788 408 2848 umquam
432 2767 545 2837 datam,
569 2785 627 2826 uec
652 2786 707 2846 pro
731 2767 829 2845 aliquo
854 2774 991 2846 tempore
1012 2767 1138 2838 bonam,
1169 2766 1225 2828 sed
1247 2787 1352 2846 super·

177 2877 327 2935 stitiosam
351 2880 381 2934 et
403 2873 508 2933 iaisam
539 2888 677 2949 semper,
707 2871 767 2950 legi
797 2887 918 2948 quoque
941 2876 1002 2929 tam
1025 2870 1120 2929 veteri
1144 2887 1233 2948 quam
1257 2890 1353 2932 norae

178 2978 357 3035 contrariam
380 2982 412 3035 et
432 2975 706 3053 blasphemantem,
729 2981 821 3052 atque
845 2990 861 3032 a
885 2971 967 3032 cultu
989 2971 1046 3031 Dei
1068 2978 1100 3031 et
1122 2990 1194 3033 vera
1216 2973 1278 3034 fide
1301 2977 1353 3036 ab·

178 3075 350 3138 ducentem.
396 3076 481 3148 Quae
504 3082 604 3139 omnia
627 3079 716 3155 longe
741 3075 891 3137 excedunt
913 3077 1134 3136 observantiam
1148 3073 1225 3152 legis
1240 3079 1353 3137 veteris

177 3176 377 3249 iudaeorum,
402 3195 492 3255 quam
506 3187 643 3260 tempore
662 3184 774 3260 gratiae
791 3180 888 3241 adbuc
903 3180 1077 3250 observant,
1100 3184 1206 3255 utpote
1223 3196 1354 3257 quorum

178 3280 227 3342 lex
250 3294 267 3338 a
289 3278 354 3341 Deo
377 3288 423 3341 est
447 3280 528 3354 data,
551 3303 605 3364 pro
630 3291 766 3363 tempore
783 3303 838 3344 suo
853 3285 930 3344 bona
946 3289 976 3342 et
990 3284 1164 3341 necessaria
1178 3280 1222 3341 iili
1237 3284 1352 3362 populo
1406 3328 1410 3337 .

178 3388 251 3443 tunc
274 3382 475 3454 obseruanda,
507 3404 577 3448 vera
607 3402 728 3464 semper
750 3391 781 3445 et
804 3385 865 3462 legi
888 3403 982 3447 novae
1005 3403 1065 3445 non
1095 3387 1258 3456 contraria,
1293 3390 1378 3447 nec'

178 3484 244 3563 ipsa
267 3483 315 3543 iex
336 3494 423 3549 retus
447 3487 651 3567 blasphemat,
681 3488 739 3547 sed
765 3487 874 3565 figurat
895 3488 996 3566 legem
1018 3490 1130 3566 gratiae
1152 3493 1184 3546 et
1205 3489 1351 3558 veritatis,

178 3603 236 3647 noc
259 3594 402 3663 quantum
425 3592 457 3651 in
480 3606 513 3651 se
536 3598 583 3652 est
606 3592 713 3653 avertit
735 3590 849 3651 acultu
873 3588 987 3661 divino,
1011 3607 1111 3667 neque
1134 3587 1272 3661 abducit,
1294 3590 1351 3651 sed

178 3691 279 3768 potius
311 3689 441 3761 inducit,
477 3694 502 3752 si
533 3711 604 3756 vare
638 3692 822 3770 intelligatur
854 3691 891 3752 ad
919 3711 1023 3756 veram
1046 3692 1136 3753 fidem
1160 3692 1349 3753 catholicam.

179 3792 241 3853 Sed
265 3794 290 3851 si
313 3792 511 3870 perlustratur
542 3794 590 3857 lex
612 3793 796 3856 Machorneti
818 3796 850 3854 in
872 3793 1037 3867 Aicorano,
1073 3796 1173 3855 omnia
1195 3796 1350 3873 praedicta

179 3902 211 3956 et
233 3894 318 3975 plura
340 3894 470 3958 nefanda
498 3897 689 3974 reperiuntur
717 3897 896 3975 quibusdam
925 3901 1013 3960 bonis
1044 3898 1190 3977 permixta
1222 3905 1253 3958 et
1284 3899 1348 3959 lau·

179 3994 268 4060 dibus
291 3995 399 4059 Christi
423 4003 454 4061 et
475 3997 580 4059 beatae
603 3997 733 4079 Virginis
756 3996 870 4060 Mariae
893 4007 924 4062 et
937 4001 1105 4080 Evangelii,
1127 3999 1182 4060 sed
1206 3982 1360 4062 attidem

180 4098 292 4162 Christi
315 4098 387 4161 dicit
410 4099 505 4161 aotam
527 4098 558 4159 in
580 4098 670 4163 baem
704 4116 876 4164 mansuram
907 4105 939 4164 in
968 4104 1098 4174 mundo,
1131 4110 1164 4164 ut
1192 4111 1277 4182 patet
1310 4103 1348 4163 de

180 4200 305 4267 Cribrat.
337 4198 478 4267 dicarant
506 4196 579 4263 tiit.
614 4220 640 4267 o.
666 4196 727 4275 1⁸1..
758 4210 789 4266 st
820 4204 951 4267 intuitos
985 4223 1104 4270 errores
1132 4207 1284 4287 implicat,
1315 4212 1350 4268 nt
