2874 4770
682 148 744 222 391

129 310 331 401 Trojanorurn
354 342 438 385 marc
460 326 610 386 transiens
634 323 672 385 ad
697 323 751 385 has
767 327 907 404 regiones
928 326 1012 386 veuit
1034 331 1066 387 et
1086 324 1196 387 urbem
1215 325 1310 405 iusig-

129 446 217 499 nem,
241 427 430 498 Pataviuum,
455 427 588 487 condidit
611 434 641 489 et
663 429 693 487 in
719 446 754 488 ea
777 436 912 490 mortuus
930 447 965 490 ac
980 429 1118 507 sepultus
1134 427 1199 499 luit,
1222 426 1309 505 cujus

130 531 220 592 hodie
244 533 351 610 ingens
375 533 477 593 tumba
500 532 540 591 ibi
563 532 705 601 habetur,
740 548 831 608 quam
861 538 891 592 et
922 530 1062 593 vidimus.
1107 531 1177 591 Erat
1207 537 1309 592 autern

133 642 309 695 cunctarum
332 635 450 694 urbium
472 633 617 694 Venetiae
641 635 770 710 regionis
795 636 1062 703 excellentissima,
1086 634 1173 693 bonis
1196 637 1307 712 quippe

135 738 268 797 omuibus
304 737 500 796 refertissima
534 736 604 807 luit,
638 754 715 815 quae
750 755 819 796 cum
850 739 923 798 olim
955 739 1187 817 populosissima
1217 742 1307 807 esset,

134 848 255 919 propter
279 839 345 916 ejus
362 857 511 899 summam
528 842 663 916 aequitas
680 839 842 917 plurimum
866 843 976 916 caruit:
1001 858 1070 902 nem
1085 841 1213 918 antiquis
1229 848 1307 901 tem·

133 946 252 1021 poribus
282 951 404 1005 centum
437 951 468 1004 et
499 945 602 1027 viginti
633 943 725 1003 millia
758 943 887 1005 militum
920 946 949 1004 in
974 962 1010 1004 ea
1041 945 1191 1005 recensita
1213 943 1308 1004 luisse

133 1047 237 1108 Strabo
266 1054 493 1108 commemorat.
539 1047 745 1107 Romanorum
778 1066 849 1109 vero
880 1048 1067 1129 temporibus
1099 1049 1130 1106 in
1159 1063 1196 1107 ea
1225 1047 1309 1107 censi

130 1151 222 1212 luisse
246 1153 401 1230 quingenti
425 1153 575 1229 equestris
599 1150 712 1210 ordinis
743 1153 811 1221 viri,
847 1150 926 1212 unde
951 1157 980 1228 et
1010 1169 1117 1211 eorum
1145 1149 1307 1228 rempubli-

132 1273 195 1316 cam
219 1254 401 1315 dillicillimis
424 1254 610 1333 temporibus
646 1255 774 1330 pecunia
806 1259 836 1314 et
860 1256 950 1314 armis
974 1253 1135 1331 plurimum
1156 1251 1307 1330 juverunt.

131 1357 173 1417 Ea
197 1359 304 1429 etiam,
329 1359 388 1417 etsi
411 1355 584 1416 conditione
609 1358 814 1417 vetustissima
838 1359 878 1416 sit
900 1357 1014 1429 habita,
1039 1356 1183 1417 aediliciis
1205 1363 1308 1417 tamen

132 1479 212 1521 nuno
235 1461 403 1520 extantibus
427 1459 555 1538 publicis
579 1464 609 1518 et
632 1461 755 1538 privatis
777 1479 853 1521 nova
869 1460 1006 1521 habetur.
1041 1459 1159 1529 -Attila,
1181 1458 1307 1521 Hunno·

134 1583 199 1625 rum
224 1582 293 1634 rex,
326 1566 396 1642 igne
419 1563 560 1640 ferroque
582 1569 730 1624 vastatam
752 1564 874 1641 reliquit
895 1566 1086 1625 immunitam
1110 1560 1184 1644 (h),
1217 1579 1307 1642 quarn

133 1686 201 1728 cnm
210 1667 398 1726 Ravennates
413 1667 638 1737 instaurasseut,
655 1674 724 1745 post
740 1669 940 1727 centesimum
957 1669 1180 1729 instaurationis
1197 1685 1306 1728 annum

130 1769 319 1850 Longobardi
342 1771 462 1848 penitus
485 1769 702 1841 incenderunt,
726 1787 831 1831 verum
854 1769 954 1831 Caroli
968 1769 1012 1831 M.
1038 1777 1175 1850 tempore
1198 1773 1307 1833 mirum

130 1877 159 1936 in
183 1873 309 1934 modum
332 1875 434 1950 angeri
459 1876 574 1952 coepit,
599 1872 653 1933 sed
678 1872 798 1951 quidam
815 1871 1001 1934 Teutonicus
1024 1880 1184 1951 tyrannus,
1209 1875 1308 1936 dictus

129 1979 285 2049 licelinus,
314 1980 392 2037 ‘anno
415 1977 536 2038 Domini
562 1974 645 2040 123t
669 1996 736 2038 eam
759 1977 874 2038 nivibus
898 1978 1026 2056 aliisque
1048 1979 1134 2041 bouis
1157 1979 1308 2040 viduatam

129 2082 267 2144 reddidit.
314 2081 382 2153 Quo
405 2074 523 2142 mortuo
546 2084 578 2142 in
601 2081 839 2143 Carrarienslum
872 2099 978 2142 manus
1002 2082 1164 2144 deveniens
1187 2085 1306 2145 mirabi-

127 2185 196 2247 liter
228 2187 354 2246 excitata
386 2193 430 2246 et·
451 2193 554 2247 oruata
590 2186 646 2247 luit
677 2192 767 2264 atque
799 2187 908 2267 triplici
938 2204 1024 2247 muro
1053 2188 1236 2247 communita
1276 2194 1307 2249 et

128 2287 218 2349 fluvio
243 2296 393 2350 exornata.
424 2288 458 2350 ln
482 2307 547 2351 earn
570 2289 729 2351 Heinricus
745 2291 780 2352 V.
804 2294 969 2370 imperator
985 2291 1205 2352 Germanorum
1227 2309 1305 2352 anuo

131 2389 215 2456 1108
239 2392 442 2453 cathedralem
459 2394 638 2455 ecclesiam
669 2401 837 2455 exstantem
868 2395 1034 2456 aedificavit
1069 2401 1100 2455 et
1123 2397 1306 2473 praetorium

128 2503 191 2557 toto
215 2497 286 2556 orbe
311 2496 543 2570 celeberrimum
565 2498 635 2574 igne
659 2515 730 2557 casu
755 2480 980 2559 concrematum
996 2498 1105 2559 Veneti
1130 2505 1304 2560 construxe-

130 2607 217 2670 runt,
251 2603 302 2678 qui
327 2618 393 2661 eam
416 2602 523 2661 urbem
546 2619 623 2662 anuo
647 2602 769 2661 Domini
794 2599 877 2664 1406
912 2608 1060 2681 ceperunt
1091 2602 1221 2681 expulsis
1249 2604 1305 2663 irn-

129 2703 335 2763 mundissimis
362 2702 426 2781 ejus
451 2705 637 2776 rectoribus,
662 2707 714 2784 qui
738 2707 801 2766 suis
824 2706 1021 2767 immunditiis
1044 2706 1108 2766 lere
1131 2712 1224 2767 totam
1248 2705 1305 2768 lta-

129 2809 199 2869 liam
233 2807 376 2868 inlecisse
409 2809 554 2871 feruntur.
600 2808 633 2870 ln
668 2828 738 2869 eum
772 2828 845 2889 ergo
878 2818 1005 2881 statum,
1039 2828 1098 2888 quo
1127 2828 1208 2871 nunc
1238 2816 1307 2882 stat,

127 2913 236 2973 Veneti
260 2930 327 2972 earn
350 2911 548 2973 deduxerunt.
595 2912 787 2973 Clarissimos
819 2920 921 2974 autem
953 2915 1031 2975 viros
1059 2916 1162 2992 genuit
1184 2914 1305 2984 multos,

126 3018 205 3078 inter
230 3033 306 3094 qnos
330 3014 418 3076 Titus
441 3014 543 3076 Livius
575 3035 652 3077 unus
683 3017 754 3089 luit,
790 3024 821 3078 et
843 3016 950 3078 Petrus
972 3015 1097 3095 Aponus
1132 3016 1169 3078 de
1191 3016 1305 3089 Abauo,

127 3120 177 3196 qui
200 3126 260 3178 tarn
283 3120 512 3180 mathematicus
536 3138 627 3198 quam
649 3121 793 3200 physicus
825 3122 1053 3199 expertissimus
1077 3120 1148 3192 luit,
1183 3120 1303 3201 dequo

126 3221 283 3283 studentes
299 3223 429 3285 Paduani
453 3223 566 3284 relerre
590 3225 705 3296 solent,
730 3225 811 3303 quod
834 3213 909 3285 dum
932 3224 1060 3302 quadam
1083 3226 1148 3285 vice
1172 3225 1303 3288 lebribus

126 3334 298 3398 vexaretur,
330 3326 513 3387 desideravit
534 3328 637 3388 bibere
661 3347 769 3406 aquam
801 3329 839 3390 de
864 3331 994 3389 cisterna
1017 3311 1174 3405 cujnsdam
1197 3331 1304 3393 nobilis

127 3431 225 3492 divitis
255 3431 407 3502 iudicans,
439 3431 520 3491 illam
553 3433 649 3493 solam
679 3449 787 3511 aquam
811 3434 866 3495 sibi
889 3433 1155 3515 nonnoeituram,
1192 3441 1222 3494 et
1244 3433 1302 3495 fre-

125 3542 255 3613 quenter
278 3535 358 3593 misit
382 3552 503 3595 servum
526 3554 615 3596 suum
644 3554 712 3596 cum
745 3537 888 3615 amphora
917 3535 955 3595 ad
985 3535 1148 3597 tollendam
1177 3555 1303 3615 aquam;

125 3638 246 3700 tandem
270 3639 379 3698 nobilis
403 3639 453 3699 ille
477 3639 577 3700 taedio
601 3639 726 3701 affectus
742 3648 866 3718 propter
879 3640 1070 3718 frequentem
1085 3641 1164 3700 servi
1186 3642 1302 3719 ingres·

125 3760 192 3802 sum
225 3741 298 3802 dixit
320 3760 421 3815 servo,
452 3761 490 3805 ne
515 3742 642 3822 amplius
672 3741 798 3814 rediret;
832 3745 1063 3814 incrastinum,
1098 3743 1170 3806 dum
1198 3762 1303 3806 servus

125 3854 249 3927 propter
271 3847 478 3908 inhibitionem
501 3851 545 3909 ire
569 3847 777 3918 difficultaret,
811 3855 933 3909 coactus
964 3865 981 3908 a
1003 3847 1127 3908 doctore
1156 3849 1238 3910 veuit
1266 3846 1303 3908 ad

126 3953 237 4011 curiam
259 3952 376 4021 nobilis,
400 3959 506 4030 petens
530 3952 630 4013 saltim
654 3970 708 4029 pro
733 3952 788 4013 hac
810 3955 876 4015 vice
893 3971 1017 4032 aquam,
1043 3958 1073 4013 et
1095 3954 1144 4014 vix
1165 3952 1301 4024 obtinuit,

127 4051 264 4115 domiuus
287 4059 378 4117 etiam
401 4060 484 4135 putei
504 4055 629 4133 jnravit,
655 4073 688 4116 se
708 4057 834 4135 amplius
858 4076 918 4118 uon
942 4057 1080 4117 daturum
1097 4073 1214 4134 aquam.
1235 4055 1300 4116 .Se-

127 4161 229 4233 quenti
258 4157 306 4220 die
330 4159 470 4222 dominus
494 4160 600 4222 Petrus
632 4161 743 4245 iteruip
772 4163 854 4223 misit
885 4180 1008 4225 servum
1036 4179 1090 4243 pro
1115 4177 1210 4240 aqna,
1244 4160 1301 4221 sed
