2902 4710
634 110 642 116 ’
739 133 802 204 313

184 317 266 372 33333
282 309 432 371 Saturnus
449 308 486 369 ad
500 308 741 392 investigandum
757 309 938 389 principium
954 309 1025 382 Nili,
1041 328 1097 388 per
1108 317 1245 372 exactum
1263 313 1356 372 trien·

182 414 268 474 nium
290 413 381 491 longe
401 414 481 474 ultra
496 411 611 473 Indiam
633 419 848 491 processerunt
871 419 902 473 et
927 413 1091 475 redeuntes
1108 414 1255 487 dixerunt,
1278 416 1357 477 ultra

69 567 73 573 .
158 514 296 600 Ι13111313
327 517 441 578 nullam
463 535 532 578 esse
556 517 711 578 hominum
734 518 968 600 habitationem,
1003 517 1059 578 sed
1087 525 1200 581 terram
1232 537 1356 598 prorsus

181 625 428 704 inhabitabilem,¹
443 630 474 684 33
489 630 605 684 3333331
619 624 660 684 ibi
678 643 752 686 esse
764 624 838 714 solis
860 611 1027 696 ardorem,
1041 611 1227 703 quem-ferre
1241 641 1355 702 nequa·

182 747 273 809 quam
294 731 463 808 potuissent
473 746 531 806 333
542 728 619 789 31333
637 729 755 796 alveum
767 727 826 788 Nili
845 729 1355 810 3333133131333333333333333.

267 859 314 922 1131
335 860 420 921 11133
443 868 515 938 ergo
548 866 670 938 portum
691 852 926 952 Alexandrinum
949 877 1041 921 naves
1076 835 1357 934 1131111133,Α313

182 975 213 1030 et
228 966 346 1049 Europa
369 963 529 1043 applicant,
553 981 645 1025 33333
673 970 774 1024 tamen
796 958 887 1025 maris
902 961 996 1024 Indici
1019 962 1056 1026 ad
1079 965 1273 1038 3313333133
1294 981 1356 1024 non

179 1077 323 1151 possunt,
347 1074 381 1130 ut
401 1073 484 1146 patet
506 1085 596 1145 supra
618 1067 670 1128 l.ol
696 1063 781 1131 61.
1155 1084 1157 1087 ·

267 1199 320 1280 Est
337 1205 438 1259 autem
449 1199 586 1275 propter
610 1177 843 1274 quottidianum
852 1181 972 1259 navium
996 1217 1154 1261 accessum
1170 1175 1354 1261 mirabilibus
1435 1197 1438 1202 ’

180 1311 288 1380 133313,
322 1304 451 1368 turribus
484 1309 515 1362 et
538 1301 684 1362 custodiis
707 1303 839 1374 munita,
871 1322 941 1364 nam
963 1307 993 1365 in
1016 1307 1082 1384 ipsa
1105 1305 1178 1365 urbe
1201 1310 1271 1364 sunt
1295 1302 1354 1363 duo

179 1416 364 1486 montest
323 1409 389 1479 alti,
413 1424 490 1472 333
486 1410 603 1464 natura
627 1422 662 1471 ex
685 1410 765 1469 terra
787 1409 972 1489 tumescenti
995 1407 1118 1480 3133331,
1142 1407 1197 1468 sed
1220 1400 1353 1468 3133113-

179 1532 268 1578 mana
292 1518 323 1572 et
344 1509 510 1571 industria
518 1514 548 1567 et
571 1507 683 1568 1313313
696 1506 885 1592 comportat.
853 1509 951 1570 trln
975 1493 1117 1597 quolibet
1126 1521 1228 1575 autem
1243 1510 1353 1613 monte

180 1606 634 1686 3333333313333133333331113,
658 1613 826 1692 dequibus
849 1616 940 1694 longe
966 1616 1086 1695 lateque
1109 1607 1258 1697 speculari
1273 1634 1352 1718 pos-

180 1730 249 1786 sunt
272 1741 365 1785 naxes
387 1737 443 1799 per
465 1737 548 1780 mare
582 1695 786 1782 advenientes.
833 1721 931 1807 Quam
954 1721 1021 1784 s'tat'
1013 1741 1055 1792 13
1079 1729 1179 1785 33333
1201 1723 1284 1783 33313
1308 1707 1353 1782 31-

178 1828 231 1890 det
219 1835 281 1910 333,
312 1827 431 1904 signum
466 1823 553 1884 datur
589 1823 765 1884 custodibus
789 1843 959 1900 murorum,
989 1829 1040 1904 qui
1072 1826 1103 1887 id
1127 1824 1282 1905 capitaneo
1305 1823 1354 1885 vel

175 1907 338 2002 Amiraldo‚
361 1928 515 2009 praelecto
540 1907 630 2000 urbis,
655 1919 831 2000 denunciat,
856 1932 906 2007 qui
930 1930 1034 1991 audito·
1057 1925 1186 1992 aduentu
1203 1914 1353 1992 33313331

177 2038 297 2096 navium
316 2033 403 2115 jubet
426 2036 523 2114 parari
547 2037 711 2096 cursoriam
733 2036 903 2097 naviculam
926 2043 957 2097 et
980 2038 1074 2114 recipi
1096 2035 1133 2097 de
1154 2054 1209 2096 suo
1230 2036 1351 2121 colum-

175 2139 258 2200 bario
281 2140 312 2198 in
336 2156 457 2199 3333331
472 2146 610 2216 3333333
633 2140 831 2222 autquinque
853 2141 1024 2213 columbas,
1048 2157 1122 2219 quas
1145 2139 1350 2217 exploratores

177 2261 281 2304 secum
315 2249 435 2322 portant
457 2244 488 2302 in
502 2221 686 2329 naviculam
717 2250 747 2304 et
778 2229 890 2305 cursim
914 2252 1018 2305 333313
1042 2238 1236 2306 adventantes
1259 2259 1352 2305 33333

174 2353 337 2426 properant
368 2354 398 2408 et
428 2347 510 2425 quid,
531 2349 570 2420 sit
600 2348 794 2408 conscribunt
825 2333 1055 2427 columbamque
1088 2336 1165 2409 cum
1180 2347 1280 2436 littera
1314 2345 1352 2406 ad

176 2451 329 2511 dominum
353 2453 527 2524 remittunt,
552 2457 583 2511 33
606 2448 775 2532 secundum
798 2441 898 2539 audita
920 2440 1101 2532 praelectus*
1116 2471 1150 2515 se
1174 2453 1284 2534 gerit,
1300 2454 1352 2512 333
1438 2518 1443 2534 ,

174 2557 349 2635 tranquille,
382 2563 433 2617 aut
464 2558 701 2619 commotionem
723 2557 811 2634 facit,
845 2565 876 2618 et
899 2559 971 2618 alias
994 2575 1086 2647 naves
1109 2556 1225 2636 dirigit,
1248 2555 1275 2618 si
1296 2542 1349 2613 na-

173 2679 228 2724 ves
259 2664 341 2723 31333
375 2666 457 2735 sunt,
478 2667 642 2737 armatae.u
673 2663 719 2724 De
749 2663 796 2723 his
815 2660 974 2755 ‘columbis
1008 2664 1122 2724 nuntiis
1161 2663 1229 2726 vide
1259 2679 1351 2740 supra

174 2764 225 2827 131
249 2764 301 2830 85.
325 2764 361 2826 Α.
406 2764 440 2824 13
471 2765 551 2825 33113
582 2773 667 2845 parte
691 2773 855 2828 terraet
824 2774 855 2828 et
876 2770 964 2846 regni
992 2770 1045 2829 331
1062 2768 1221 2850 Soldanus
1237 2772 1350 2840 tantam

163 2859 343 2930 *custodiam
379 2869 470 2942 habet
504 2859 582 2930 31333
611 2873 642 2931 13
665 2869 855 2944 Alexandria,
897 2874 938 2933 ibi
974 2875 1055 2934 enim
1084 2874 1213 2934 maxime
1229 2870 1350 2946 timent

175 2972 436 3033 Christianorum
428 2976 636 3047 1333313333,
661 2976 730 3037 ideo
747 2979 950 3038 3333331333
964 2960 1137 3057 praelectus
1152 2973 1349 3038 Alexandriae

174 3082 221 3136 est
244 3078 288 3138 vir
310 3078 558 3139 bellicosissimus
583 3085 613 3139 ct
635 3080 783 3159 prudens,
808 3048 858 3142 331
880 3081 961 3142 cedit
984 3084 1148 3167 communi
1166 3077 1257 3142 33333
1288 3077 1348 3179 sol·

175 3179 301 3251 danatus
324 3189 393 3260 post
417 3189 546 3243 mortem
569 3187 658 3264 regis.

260 3310 369 3372 Habuit
390 3312 559 3373 1133331133
583 3315 676 3376 33133
699 3316 799 3393 gravia
822 3317 950 3394 proelia,
984 3318 1061 3379 11333
1083 3281 1210 3380 Romani
1233 3321 1347 3382 lacera-

172 3422 283 3476 verunt
304 3415 473 3494 quondam,
497 3417 552 3478 sed
574 3417 721 3495 Trajanus
745 3411 909 3499 imperator
930 3439 1005 3482 ,3313
1026 3426 1215 3494 reexstruxit.
1260 3422 1347 3484 Anno

173 3524 264 3582 etiam
295 3522 415 3583 Domini
440 3519 667 3596 1230133333,
700 3525 789 3604 Cypri
813 3527 892 3603 regis
915 3525 1027 3598 frater,
1057 3530 1179 3589 natione
1203 3525 1347 3600 Gallicus,

174 3624 272 3685 313333
295 3627 441 3686 instructa
465 3644 535 3709 oum
558 3626 708 3715 Catalonis
732 3634 762 3688 ct
786 3626 1001 3705 Galliciseam
1022 3631 1144 3703 invasit,
1177 3629 1290 3709 dirupit
1317 3636 1349 3690 et

173 3728 352 3800 combussit,
383 3737 414 3789 et
445 3730 593 3793 ditissima
615 3722 848 3814 3331133136
873 3730 916 3812 a)
940 3739 1132 3817 reportavit,
1152 3755 1211 3817 333
1240 3743 1348 3816 postea

173 3832 341 3902 convaluit,
365 3831 445 3893 unde
467 3834 557 3895 bodie
582 3840 629 3902 333
644 3836 748 3898 3131333
762 3834 986 3914 quodammodo
1001 3837 1206 3915 desolata-‚et
1226 3841 1258 3900 in
1281 3839 1348 3901 dies

172 3935 279 3998 domus
304 3955 396 4016 super
419 3937 544 4000 domum
567 3938 664 4011 cadit,
680 3946 718 4000 et
740 3941 927 4008 miserabiles
951 3943 1055 4002 331333
1077 3950 1148 4016 3333
1168 3945 1247 4004 iutra
1260 3961 1346 4004 moe·

171 4041 222 4101 nia
244 4041 484 4116 solemnissima,
509 4050 540 4104 et
561 4045 650 4121 pauci
665 4043 826 4106 admodum
848 4046 1031 4109 habitatores
1055 4047 1179 4106 suntin
1202 4064 1253 4120 33,
1276 4063 1348 4108 nam

163 4152 293 4224 ,praeter
314 4146 476 4240 muscbeas
499 4153 535 4216 et,
553 4147 660 4210 domus
683 4141 1171 4230 Mamaluooorum,·regentium,
1201 4151 1346 4216 3313331·
