2902 4710
405 1525 579 1656 mcum
607 1522 876 1620 amaracus
903 1522 1129 1644 nnuman,
1170 1539 1181 1650 χ
1227 1471 1230 1476 ’

184 1768 363 1876 continens
386 1784 492 1859 Gesta
520 1782 783 1873 peregrinorum
812 1784 847 1854 et
868 1800 969 1855 casus
987 1780 1101 1854 varios
1123 1799 1187 1871 per
1204 1801 1362 1856 mensem

287 1906 528 1992 Decembrem,
558 1908 591 1976 et
618 1889 879 1992 navigationem
905 1905 1009 1976 maris
1038 1908 1073 1976 et
1100 1908 1251 1976 caetera.

287 2154 461 2224 December
482 2161 632 2241 imprime
656 2178 709 2222 sua
732 2159 781 2221 die
804 2159 919 2239 rigidus
942 2166 974 2223 ct
989 2160 1081 2223 durus
1097 2163 1182 2223 nobis
1196 2161 1261 2236 fnit,
1286 2183 1362 2244 aug-

183 2270 308 2330 mentati
332 2274 402 2328 sunt
424 2268 506 2327 euim
540 2267 623 2325 venti
644 2266 764 2344 inutiles
800 2270 831 2325 et
854 2282 925 2327 aura
948 2265 1084 2326 hiemalis
1107 2266 1190 2328 iacta
1209 2275 1269 2340 eat,
1305 2271 1363 2332 sub

183 2391 242 2451 qua
264 2372 413 2451 navigatio
436 2387 544 2431 secura
576 2369 641 2430 fieri
672 2389 734 2430 nnn
764 2375 874 2449 potest.
919 2369 960 2430 Ea
983 2370 1114 2450 namque
1137 2370 1185 2432 die
1209 2371 1363 2434 defaecari

183 2477 312 2538 nubibus
344 2474 463 2536 coelum
492 2473 523 2534 et
545 2474 618 2533 sniis
641 2472 829 2552 praeclarum
849 2471 1102 2555 jubar-deiicere,
1125 2456 1363 2541 turberi'ventis

182 2582 267 2652 abra,
290 2577 386 2640 audiri
408 2576 501 2650 silva,
525 2571 641 2656 mugire
664 2576 763 2638 solum
796 2582 827 2637 et
850 2575 1073 2655 quodammodo
1096 2579 1128 2639 in
1151 2581 1287 2653 cauernis
1312 2587 1362 2642 tu-

182 2685 324 2746 multuari
357 2689 387 2743 et
420 2683 519 2742 omnia
554 2682 670 2759 reliqua
702 2688 828 2759 repente
857 2683 970 2743 tristari
1000 2683 1142 2763 coeptum
1166 2690 1222 2747 est.
1267 2682 1362 2747 Mane

183 2796 285 2851 autem
307 2790 338 2848 in
361 2792 430 2846 ortu
453 2785 526 2846 solis
549 2784 587 2844 de
612 2784 669 2844 alia
693 2783 791 2845 classe
816 2787 1034 2868 navigaverunt
1054 2788 1140 2849 multi
1163 2789 1201 2851 ad
1222 2789 1306 2851 littus
1329 2797 1364 2852 et

168 2889 346 2953 'caedentes
379 2890 460 2969 ligna
490 2887 527 2950 de
561 2888 639 2948 saitu
673 2894 704 2948 et
727 2890 837 2950 erectis
870 2890 946 2968 palis
978 2909 1070 2971 snper
1101 2896 1192 2955 maria
1224 2887 1308 2956 littus
1330 2897 1364 2956 in

182 2995 272 3074 plano
297 2993 457 3070 coquinam
479 2992 632 3062 iecerunt,
654 2992 756 3070 ignem
790 2992 997 3056 accenderunt·
1024 3003 1055 3057 et
1082 3014 1137 3076 pro
1160 2991 1265 3079 grandi
1288 3016 1363 3060 cen·

182 3099 261 3158 vivto
284 3101 474 3174 paraverunt.
488 3112 494 3128 ··
520 3094 650 3156 interea
665 3094 804 3158 dominus
829 3100 1005 3176 capitaneus
1029 3099 1136 3162 classis
1152 3102 1256 3181 Syriae
1277 3105 1364 3166 misit

182 3202 304 3262 nuntios
328 3203 357 3260 ia
379 3200 477 3260 barcis
499 3217 555 3278 per
577 3187 683 3260 omnes
699 3184 816 3278 galeas,
840 3209 871 3262 et
893 3205 1028 3266 invitavit
1049 3204 1087 3266 ad
1102 3206 1262 3285 prandium
1285 3208 1363 3269 alins

181 3309 355 3386 capitaneos
378 3304 464 3376 duos,
487 3306 606 3365 scilicet
628 3311 765 3374 nestrum
787 3304 1022 3392 Alexandrinum
1045 3290 1289 3384 statuminum,
1331 3319 1365 3374 et

182 3411 290 3472 decem
323 3415 465 3488 patrenus
498 3426 666 3487 omnesque
697 3409 879 3488 principales
915 3413 1037 3473 navium
1068 3413 1212 3475 officiales
1241 3421 1273 3476 et
1304 3416 1364 3477 sibi

182 3523 281 3575 notos,
311 3512 359 3574 Ad
381 3514 438 3574 hoc
462 3515 632 3575 convivium
656 3521 864 3580 mactaverunt
888 3514 966 3576 ultra
989 3516 1071 3577 mille
1087 3517 1217 3596 galinas,
1240 3518 1363 3592 vitulos,

183 3635 256 3677 oves
285 3623 316 3676 et
334 3628 462 3695 porcos,
495 3617 586 3679 etde
610 3608 686 3679 villis
711 3618 936 3680 adducebantur
957 3621 1155 3684 necessaria
1187 3622 1263 3683 Cum
1287 3641 1363 3704 crgo

182 3723 256 3784 hora
278 3723 394 3801 prandii
418 3721 605 3796 advenisset,
638 3726 853 3804 navigaverunt
883 3727 1030 3805 capitanei
1063 3728 1172 3807 singuli
1204 3728 1364 3803 cumanis

182 3826 322 3886 tubicinis
346 3832 376 3886 et
397 3831 532 3905 patronis
556 3827 716 3900 adtactus,
750 3837 781 3891 et
806 3830 885 3892 iacta
908 3837 955 3892 est
977 3850 1083 3919 magna
1107 3833 1263 3895 hominnm
1287 3851 1363 3896 cen·

183 3931 327 4008 gregatim.
358 3929 449 4003 Nam,
474 3939 506 3993 ut
529 3934 684 4012 praemisi,
708 3933 748 3993 ibi
771 3941 835 3995 erat
858 3937 1033 4015 capitaneus
1048 3940 1169 4000 navium
1184 3922 1364 4001 Alexandri·

182 4049 290 4093 narum
313 4050 382 4094 curn
405 4037 469 4096 auis
491 4037 648 4109 tubicinis,
678 4039 729 4115 qui
753 4039 809 4099 sub
832 4057 865 4100 se
888 4040 991 4102 habuit
1014 4047 1143 4122 quatuor
1167 4044 1363 4122 331333333-

182 4137 270 4200 tioais
293 4138 384 4201 rebus
408 4147 547 4204 oneratae
571 4148 602 4203 et
622 4141 701 4204 bene
723 4150 869 4217 armatam
893 4146 1034 4208 similiter
1048 4149 1223 4228 capitaneus
1238 4148 1362 4220 narium
