2874 4770
721 178 786 249 286

169 359 527 435 excommunicantem,
551 375 628 436 quae
652 363 757 419 contra
778 360 856 422 tales
872 361 1089 440 gubernatores
1110 365 1290 429 fulminatur
1312 367 1352 428 de

168 462 292 527 ludaeis
316 471 347 524 et
369 440 557 524 fflraeenis:
582 460 625 523 lla
649 463 839 541 quorundam
862 467 979 526 animos
1004 474 1062 529 etc.

255 569 391 631 Ocerte
413 586 463 628 res
486 565 585 628 flenda
617 575 647 627 et
669 567 773 629 multis
799 568 951 630 lachrimis
978 570 1097 632 Christo
1122 575 1351 652 conquerenda,

168 675 250 754 quod
274 676 381 759 crucist
394 674 510 759 inimici
535 673 634 733 crucis
657 674 788 733 cultores
812 673 958 736 advocant
990 685 1093 738 contra
1117 680 1215 739 crucis
1239 656 1349 742 adora-

167 788 267 853 tores,
291 786 322 840 et
345 764 444 840 ciricis
488 776 656 840 rofessores
679 784 834 856 praestant
856 780 1013 852 auxilium,
1036 789 1070 842 ut
1092 784 1191 843 crucis
1204 782 1349 863 blasphe-

166 882 299 948 mabores
323 883 361 945 ad
375 798 525 943 omcffab
619 883 718 943 ‘ouem
737 882 847 943 ducant
862 866 961 944 drocis
976 890 1187 947 veneratores!
1211 886 1349 966 Oquam

167 991 244 1051 mala
267 991 416 1059 societas,
438 886 672 1089 punimus
695 988 842 1058 amicitia,
865 1004 957 1066 quam
978 988 1164 1052 detestabilis
1181 992 1347 1054 confoede-

166 1096 263 1199 ratio,
293 1111 382 1173 quam
398 1082 612 1183 nominabitis
636 1088 801 1166 conjuratio
836 1097 868 1151 et
889 1092 1085 1154 intolerabilis
1118 1095 1286 1174 colligatio!
1320 1096 1347 1157 Ο

245 1196 248 1201 ’
296 1214 344 1268 es,
365 1194 453 1259 bein
460 1198 557 1274 poeta
580 1200 611 1253 et
632 1195 782 1255 veraciter
803 1198 936 1257 nominat
958 1215 1013 1258 ros
1035 1198 1129 1261 malas
1145 1200 1270 1272 bestias
1295 1204 1347 1280 qui

246 1280 292 1409 ''J''
302 1299 433 1366 Domino
450 1316 523 1360 ores
538 1315 624 1369 suas,
650 1315 724 1377 quas
741 1301 889 1378 sauguine
905 1301 1027 1379 proprio
1043 1302 1192 1375 redemit,
1217 1304 1346 1365 aufertis

166 1424 278 1483 easque
307 1403 587 1483 lupis,.leonibus,
621 1403 741 1482 pardis,
777 1404 900 1464 canibus
931 1403 1123 1479 lacerandas,
1166 1409 1345 1470 mactandas

166 1512 329 1573 exhibetis!
365 1509 541 1570 Concurrite
573 1525 686 1586 quaeso
719 1526 826 1568 omnes
858 1508 1018 1569 christiani
1033 1512 1135 1589 populi
1168 1519 1200 1572 et
1232 1531 1344 1591 magno

164 1615 230 1676 nelo
254 1615 374 1676 accensi
397 1613 478 1674 illam
501 1611 729 1689 injustissimam
747 1611 983 1673 Christianorum
1007 1621 1038 1674 et
1052 1613 1220 1677 Turoorum
1244 1620 1343 1678 socie·

164 1727 258 1783 tatem
275 1719 447 1789 dissolvite,
471 1719 632 1779 amicitiam
648 1717 780 1788 inlicite,
804 1716 1100 1779 confoederationem
1115 1721 1245 1793 irritata,
1271 1740 1344 1782 cou-

160 1821 344 1902 jurationem
366 1829 498 1892 cassate,
533 1821 691 1882 consilium
722 1820 882 1901 dissipate,
913 1825 1144 1884 couventionem
1166 1824 1343 1904 disjangite,

162 1922 258 2008 ligfli'
283 1929 414 2008 rumpite
448 1928 553 2004 sieque
583 1927 673 1987 simul
707 1944 812 1986 ornnes
846 1926 956 1987 Christi
988 1928 1168 2006 baptismate
1204 1932 1343 1990 renovati

162 2032 304 2114 praedam
326 2032 409 2095 illam
433 2033 540 2112 eripite
570 2039 602 2092 et
633 2034 664 2093 iu
686 2033 786 2094 sinum
809 2032 920 2093 Christi
952 2050 1025 2095 ores
1047 2035 1225 2095 innocentes
1250 2034 1340 2095 redu-

164 2155 235 2200 cere
258 2137 388 2198 studete.

249 2240 394 2315 Quintum
418 2240 596 2303 detestabile
627 2246 690 2313 eat,
725 2239 826 2318 cujus.
842 2258 933 2320 saepe
964 2242 994 2301 in
1022 2240 1182 2328 antedictis
1205 2247 1341 2318 memini,

163 2348 266 2412 odiosa
290 2348 447 2409 diversitas
470 2345 645 2408 Latinorum
668 2352 700 2407 et
723 2346 924 2418 Graecorum,
956 2349 1007 2425 qui
1030 2346 1119 2408 simol
1142 2348 1223 2409 bono
1247 2349 1340 2409 corde

162 2471 326 2532 numquam
350 2453 531 2513 cohabitant.
562 2452 667 2532 Saepe·
684 2455 782 2513 conati
805 2458 873 2513 sunl
897 2454 1012 2531 antiqui
1035 2460 1135 2531 patres
1159 2456 1190 2514 iu
1213 2472 1340 2533 gencra-

160 2559 238 2620 libus
263 2559 413 2629 conciliis,
435 2557 557 2638 synodis
581 2566 611 2618 et
634 2557 925 2637 congregationibus,
949 2556 1082 2619 Graecos
1104 2555 1217 2620 Latinis
1241 2562 1340 2631 unire,

161 2664 218 2725 sed
239 2664 312 2725 nihil
336 2664 545 2742 profecerunt,
580 2666 651 2742 quin
683 2666 784 2744 potius
814 2667 911 2725 aversi
935 2662 1042 2725 Graeci
1065 2671 1158 2725 fotam
1181 2663 1340 2726 Orientem

162 2770 198 2830 ab
221 2768 391 2829 obedientia
421 2786 562 2828 romanae
592 2769 741 2829 ecclesiae
776 2776 957 2830 averterunt.
1004 2769 1041 2828 Et
1069 2768 1206 2848 profecto
1236 2769 1341 2831 dicere

162 2871 270 2951 audeo,
293 2879 324 2932 et
340 2872 452 2932 dictum
468 2872 621 2950 probabile
637 2891 766 2944 censeo,
792 2873 872 2951 quod
889 2864 1241 2953 Sarraceui'hegyptum,
1266 2875 1340 2936 hra-

160 2978 256 3049 biam,
291 2976 505 3048 Palaestinam,
535 2976 699 3048 iudaeam,
730 2977 862 3056 Syriam,
891 2976 1160 3057 Mesopotamiam,
1194 2987 1225 3039 et
1248 2978 1340 3040 Turci

164 3079 313 3154 Ciliciam,
351 3080 566 3160 Capadociam‚
601 3081 816 3169 Pamphiliam,
849 3083 966 3144 Cariam
1001 3090 1032 3144 et
1061 3091 1155 3146 totam
1184 3083 1337 3147 Minorem

160 3186 280 3258 Asiam,
303 3183 514 3247 Macedoniam
543 3193 575 3248 et
597 3189 811 3265 totam'paene
836 3186 993 3248 Graeciam
1024 3195 1055 3248 et
1077 3194 1172 3255 totam
1194 3187 1338 3261 Africam,

164 3298 195 3353 et
216 3292 355 3370 Europae
379 3308 518 3368 maguam
542 3275 659 3369 partem
669 3306 867 3369 nequaquam
884 3290 1083 3369 possiderent,
1108 3294 1134 3351 si
1151 3291 1338 3354 Graecorum

161 3396 266 3458 odium
283 3399 313 3457 in
329 3396 451 3457 Latinos
469 3402 499 3455 et
514 3394 653 3474 superbia
670 3402 774 3456 contra
790 3395 952 3455 ecclesiam
969 3413 1121 3456 romanam
1143 3415 1202 3457 non
1217 3397 1337 3459 fuisset.

158 3499 284 3580 lnauper
306 3518 412 3561 omnes
435 3498 597 3560 orientales
621 3499 825 3569 Christianos,
860 3498 1027 3569 Armenes,
1051 3500 1213 3572 Nubianos,
1235 3500 1336 3561 Abisi·

159 3619 234 3673 nos,
269 3603 451 3682 Georgicos,
482 3604 653 3677 lacobitos,
683 3604 896 3676 Nestoriunos,
929 3602 1112 3677 Maronilos,
1148 3604 1255 3665 Graeci
1278 3608 1336 3686 ipsi

159 3715 359 3786 corruperunt
391 3715 423 3768 et
456 3709 492 3769 ab
522 3709 671 3770 ecclesiae
699 3725 841 3769 romanae
872 3707 1065 3769 adhaerentia
1100 3717 1273 3771 averterunt
1305 3719 1338 3771 et

154 3811 249 3873 hodie
273 3818 411 3872 avertere
435 3804 495 3873 n'on
520 3813 680 3875 desistunt.
726 3814 787 3891 llgo
811 3815 954 3884 aestimo,
987 3815 1086 3873 omnia
1108 3814 1222 3891 praelia
1249 3794 1344 3874 Chri·'

158 3917 326 3976 stianorum
351 3925 455 3980 contra
482 3916 614 3989 Turcos,
647 3921 848 3989 Sarracenos,
871 3918 1018 3981 Barbaros
1047 3928 1078 3981 et
1100 3920 1241 3982 Tartaros
1266 3938 1335 3982 esse

157 4037 243 4081 cassa
267 4028 297 4082 et
320 4037 411 4093 vana,
445 4024 503 4083 uisi
527 4021 633 4083 Graeci
665 4025 749 4102 prius
773 4023 915 4085 radioil'us
947 4043 1018 4086 oum
1040 4043 1093 4086 sua
1117 4031 1201 4085 secta
1224 4025 1336 4085 fuerint

157 4126 357 4208 exterminati.
403 4125 513 4186 Sancta
536 4129 634 4184 mater
661 4124 792 4189 ecclesia
821 4129 872 4206 pia
899 4133 929 4188 et
952 4130 1125 4190 misericors
1148 4131 1335 4192 Graecorum

158 4231 367 4293 contumaciae
391 4235 423 4291 et
444 4226 603 4308 superbiae
619 4226 728 4292 ‘locum
751 4229 840 4303 dans,
876 4248 931 4310 eos
954 4233 1084 4295 tolerare
1115 4250 1185 4296 cum
1206 4236 1272 4296 s'uis
1294 4236 1335 4296 ri·
