2874 4770
677 166 742 236 tor

87 363 98 373 ·
127 364 218 428 mam
240 348 286 433 sic
309 348 436 426 aceepit
472 344 549 407 Nam
571 363 641 407 eum
662 363 740 424 papa
760 343 931 406 Alexander
954 349 986 403 et
1007 342 1179 404 fridericus
1201 339 1224 400 l.
1247 341 1304 402 im-

127 459 248 533 perator
277 451 453 514 aVenetiis
475 451 565 512 simul
597 452 715 528 navigio
739 451 866 511 Romam
895 453 1058 527 pergerent
1090 454 1121 506 et
1146 446 1305 507 Anconam

129 559 282 629 venirent,
315 553 506 634 protulerunt
539 553 736 614 Aueoueuses
770 553 846 615 duas
879 552 1046 622 umbellas,
1085 568 1177 611 uuam
1208 568 1305 629 papae

129 655 314 730 Alexandro,
338 657 462 720 alteram
477 659 650 736 imperatori
664 656 832 727 Friderico3
857 664 930 716 tunc
944 654 1078 734 pontiler
1088 655 1181 730 jussit
1199 654 1300 714 allerri

129 764 247 822 tertiam
270 761 341 823 duci
355 761 559 833 Venetorum,
584 762 635 838 qui
661 779 730 820 eum
754 763 798 821 eis
821 767 904 831 erat,
928 761 1018 837 eique
1041 765 1223 838 potestatem
1245 766 1305 818 tra·

131 862 204 926 didit
225 883 279 943 pro
300 882 335 926 se
358 872 388 924 et
411 865 474 924 suis
497 864 727 925 suecessoribus
750 866 796 922 uti
811 862 952 922 umbella.
981 861 1083 940 Aliqui
1104 861 1172 922 libri
1194 863 1306 923 babent

128 969 282 1031 umbrella.
329 968 434 1028 Deleri
462 971 553 1031 etiam
583 969 684 1030 luuale
711 968 891 1039 candidum,
924 967 1007 1047 quod
1036 967 1137 1028 solum
1171 967 1306 1047 pontifex

128 1072 278 1159 Romanus
302 1072 341 1133 de
363 1074 582 1136 consuetudine
605 1073 720 1146 defert,
753 1071 836 1152 quod
863 1091 926 1133 nou
957 1074 1016 1132 nbi
1043 1072 1133 1148 jussu
1156 1072 1305 1151 pontificis

127 1179 236 1237 summi
259 1177 358 1238 habet.
403 1177 465 1238 Sed
488 1185 519 1239 et
542 1177 687 1238 annulum
708 1183 742 1238 ut
764 1176 915 1238 ecclesiae
937 1194 1070 1254 sponsus
1092 1184 1206 1255 portat,
1233 1175 1305 1235 Ale-

127 1282 228 1343 xandri
257 1301 354 1362 papae
370 1281 425 1342 ΙΙΙΙ.
458 1288 639 1361 praecepto,
670 1289 797 1361 propter
824 1283 982 1343 neronam
1014 1286 1120 1340 eontra
1151 1278 1306 1351 Ottouem,

127 1385 219 1447 lilium
233 1385 378 1447 Friderici
393 1385 431 1456 l.;
456 1385 567 1464 sigillat
588 1388 682 1446 etiam
705 1385 843 1464 plumbo,
865 1392 901 1445 ut
922 1401 1014 1463 papa;
1038 1385 1216 1444 auctoritate
1238 1383 1305 1459 ejus

127 1491 216 1552 babet
240 1493 331 1552 etiam
355 1490 462 1551 sedem
482 1491 514 1551 iu
536 1491 631 1551 latere
654 1507 765 1568 papae,
787 1475 839 1561 ita,
861 1489 945 1568 quod
966 1506 1004 1549 ex
1024 1505 1086 1548 uua
1099 1494 1184 1566 parte
1206 1489 1305 1565 impe-

127 1600 225 1666 rator,
261 1613 296 1655 ex
320 1595 414 1654 altera
445 1593 504 1654 dux
525 1592 722 1654 Venetorum.
767 1592 829 1653 Sed
851 1600 884 1652 et
904 1595 992 1654 tubas
1021 1599 1183 1670 argenteas
1203 1590 1305 1661 babet,

129 1702 163 1758 ut
185 1713 277 1775 papa,
310 1698 402 1757 etiam
426 1696 492 1774 ejus
515 1670 751 1759 concessione.⁰
769 1697 808 1757 llt
829 1704 951 1758 caetera
972 1695 1067 1757 multa
1087 1695 1194 1764 baba,
1227 1711 1305 1772 quac

130 1800 322 1880 splendidum
352 1799 481 1862 reddunt
503 1799 571 1878 ejus
599 1803 820 1880 principatum
852 1808 884 1862 et
904 1800 984 1862 ultra
1011 1799 1088 1860 alios
1110 1797 1205 1872 duces
1233 1814 1306 1856 enm

128 1901 256 1965 reddunt
278 1903 492 1965 honorabilem.
538 1903 658 1966 llueum
677 1907 761 1966 euim
792 1905 944 1985 probitate
973 1904 1124 1966 stabilitus
1152 1908 1201 1962 est
1221 1902 1305 1979 priu-

128 2008 244 2086 cipatus
267 2008 327 2068 ille.

213 2111 299 2173 Sicut
320 2112 413 2172 multa
436 2127 529 2191 regua
549 2113 694 2173 translata
716 2117 787 2173 suut
816 2111 969 2190 degente
999 2114 1031 2172 iu
1059 2118 1185 2191 gentem
1215 2109 1305 2191 culpa

128 2213 238 2276 ducum
253 2222 284 2276 et
298 2233 419 2294 regum,
442 2215 523 2276 aliud
538 2216 649 2277 babent
663 2215 783 2286 Veneti,
805 2214 898 2292 quod·
910 2215 1008 2276 firmat
1030 2221 1062 2275 et
1081 2212 1304 2292 quodammodo

127 2324 286 2398 perpetuat
309 2337 415 2380 eorum
442 2320 620 2396 imperium,
652 2318 771 2379 seilicet
795 2320 991 2396 sapientiam,
1016 2317 1165 2395 justitiam
1193 2324 1224 2376 et
1247 2317 1304 2376 mi·

128 2421 334 2483 sericordiam.
379 2421 425 2483 De
456 2424 602 2500 sapientia
630 2421 742 2482 dieitur
763 2421 936 2500 Sapientiae
958 2418 1011 2484 u:
1039 2421 1154 2501 dfligite
1184 2423 1304 2500 sapien·

127 2527 216 2596 tiam,
238 2530 272 2585 ut
294 2527 325 2586 iu
347 2531 530 2606 perpetuum
543 2528 687 2604 regnetis.
716 2525 794 2585 Nam
813 2523 911 2601 major
931 2525 1001 2602 pars
1022 2528 1212 2605 patritiorum
1233 2531 1305 2584 sunt

124 2628 203 2706 juris
233 2628 339 2707 periti,
377 2633 513 2688 oratores
545 2635 576 2688 et
609 2627 800 2707 pbilosopbi,
842 2636 874 2688 et
901 2627 993 2690 libros
1023 2631 1128 2708 legunt
1161 2648 1198 2690 ae
1236 2633 1303 2691 siue

127 2733 268 2814 prudenti
299 2732 516 2793 deliberatione
546 2733 621 2793 nibil
643 2739 750 2811 agunt;
783 2740 924 2812 expertes
945 2751 1036 2795 senes
1057 2733 1246 2812 decrepitos,
1277 2735 1305 2793 si

126 2840 170 2898 ire
193 2836 287 2915 pedes
310 2854 371 2896 non
394 2843 536 2913 possunt,
559 2838 591 2896 in
614 2837 775 2897 consilum
796 2839 910 2916 portari
932 2856 988 2898 eos
1001 2837 1125 2898 iaciunt
1169 2837 1250 2897 Dum
1272 2839 1304 2898 iu

126 2942 321 3021 processione
343 2938 472 3009 vadunt,
496 2939 634 3002 ridentur
655 2946 716 3001 tam
739 2941 826 3001 multi
848 2958 957 3019 graves
978 2943 1035 3002 riri
1056 2942 1088 3002 in
1110 2947 1218 3002 senatu
1239 2941 1303 3013 illo,

126 3054 158 3106 ut
179 3045 270 3106 homo
294 3060 330 3104 ex
353 3045 524 3105 maturitate
554 3063 661 3105 eorum
686 3043 805 3121 judicet
835 3063 890 3106 eos
917 3046 1104 3107 sufficientes
1134 3047 1304 3126 gubernare

126 3147 280 3210 mundum.
326 3145 360 3207 ln
381 3148 516 3210 vestibus
538 3155 609 3209 sunt
631 3148 782 3228 splendidi
804 3157 836 3210 et
858 3150 1066 3210 honestissimi
1096 3157 1127 3210 et
1150 3149 1303 3221 incedunt,

126 3268 162 3313 ac
198 3252 224 3310 si
261 3268 367 3312 omnes
404 3252 560 3330 episcopi,
605 3250 702 3330 longis
738 3259 771 3312 et
807 3255 948 3332 pretiosis
984 3254 1116 3324 tunicis,
1160 3269 1218 3312 nee
1255 3257 1304 3311 est

126 3353 232 3432 aliquis
256 3357 347 3415 etiam
370 3362 648 3433 quantumcumque
667 3355 810 3432 juvenis,
844 3359 897 3435 qni
927 3362 1062 3417 cudatus
1092 3360 1125 3413 et
1147 3360 1303 3414 tmucatus

126 3462 158 3518 et
181 3459 306 3517 exclusis
328 3459 464 3519 vestibus
487 3464 646 3538 appareat,
679 3462 758 3520 sicut
779 3461 877 3521 nostri
903 3457 1113 3539 imprudentes
1136 3454 1305 3527 Teutonici,

126 3563 178 3639 qui
202 3561 240 3622 ad
261 3560 328 3621 illas
351 3561 503 3624 devenere
524 3581 638 3642 nugas,
660 3570 695 3624 ut
717 3562 935 3642 turpitudinem
957 3578 1027 3622 esse
1049 3565 1156 3639 putent
1170 3557 1303 3637 pulchri·

125 3663 271 3726 tudinem.

212 3768 246 3828 ln
269 3770 335 3830 cibo
359 3774 391 3830 et
405 3775 493 3848 potu,
516 3776 550 3831 ut
572 3770 739 3849 pmdeutes
762 3768 868 3841 decet,
891 3769 969 3829 ultra
992 3784 1083 3846 qnam
1106 3765 1305 3845 credipotest

126 3875 388 3952 sunt-temperati,
409 3891 449 3934 ue
464 3891 519 3952 per
535 3875 800 3953 ingurgitationem
815 3879 847 3934 et
862 3873 1041 3933 ebrietatem
1057 3869 1212 3931 mercandi
1229 3887 1304 3932 usos

126 3976 308 4054 impediatur
340 3984 392 4038 aut
420 3985 517 4039 status
548 3977 671 4056 politiae
706 3977 853 4038 turbetur.
909 3974 1064 4038 Tabernas
1092 3993 1152 4036 nou
1184 3973 1304 4046 babent,

126 4079 184 4139 nisi
206 4096 281 4158 quas
309 4099 364 4160 pro
387 4079 562 4144 Teutonicis
592 4090 624 4143 et
645 4082 761 4143 sclavis
791 4088 823 4142 et
843 4080 988 4144 Vadienis
1017 4088 1049 4141 et
1071 4082 1180 4141 scortis
1213 4079 1303 4139 susti·

128 4188 228 4255 nent,
242 4201 317 4262 quaa
331 4186 467 4250 Venatus
489 4189 517 4249 si
537 4189 696 4266 ingressus
716 4187 817 4258 luerit,
839 4193 994 4266 umquam
1015 4183 1145 4248 diffamia
1166 4183 1302 4256 habetur,
