2902 4710
740 161 804 232 330

186 342 326 405 dicuntur
346 340 465 421 Pegasi.
510 340 556 402 De
580 342 690 420 quibus
713 343 743 402 in
766 340 856 420 Spec.
880 337 947 401 Nat.
971 335 1035 399 Lib.
1062 332 1111 402 lt.
1136 337 1169 399 C.
1196 332 1268 401 126.
1301 335 1365 398 Ge·

185 440 308 510 n'eratur
330 448 409 509 enim
425 446 559 526 Pegasus
582 447 613 506 in
628 444 801 524 Aethiopia,
825 450 856 504 et
878 449 926 504 est
949 442 1056 503 animal
1071 459 1214 522 magnum
1236 449 1268 504 et
1289 441 1366 505 bor·

184 551 299 623 ridum,
332 534 459 612 formam
482 552 553 629 equi
575 550 688 611 habens
718 555 869 628 caputque
893 548 1034 607 cornibus
1054 553 1218 618 armatum,
1241 547 1305 607 alas
1330 553 1367 609 ut

186 657 284 735 aquila
309 674 446 736 magnas,
481 655 648 716 secuudum
670 655 898 734 proportionem
920 651 1055 730 corporis
1079 651 1140 720 sui,
1166 667 1298 728 cumque
1323 653 1366 713 sit

186 761 283 839 gravis
307 779 433 840 corpore
457 761 570 821 alarum
593 752 714 835 adjutus
737 758 873 820 remedio
896 756 966 834 iuga
989 751 1116 814 mirabili
1141 754 1242 831 potius
1266 755 1365 817 currit

186 880 275 943 quam
297 865 432 943 pervolat
455 870 487 924 et
509 864 580 924 abre
604 863 710 924 colliso
733 865 843 924 virtute
866 877 1032 940 pennarum
1056 858 1092 919 ad
1114 859 1209 918 instar
1233 858 1367 919 turbinis

185 973 290 1028 ventos
306 967 449 1046 impellit;
475 985 561 1028 escas
583 967 692 1028 multas
720 965 844 1027 devorat
867 971 897 1025 et
912 966 1047 1044 inquiete
1063 970 1209 1036 movetur,
1232 960 1366 1024 infestus

185 1077 232 1131 est
253 1070 429 1132 animalibus
453 1076 482 1131 el
506 1072 634 1133 maxime
657 1070 838 1157 bominibus.

273 1173 505 1236 Generationem
520 1174 706 1254 Pegasorum
729 1181 839 1254 poetae
862 1174 914 1235 tali
936 1172 1081 1233 inducunt
1103 1171 1221 1233 facetia.
1250 1170 1367 1231 Dicunt

185 1281 281 1351 euim,
304 1287 366 1340 tres
390 1279 484 1339 luisse
507 1297 627 1340 sorores
650 1278 883 1358 pulcherrimas,
907 1295 1000 1339 unum
1023 1283 1140 1339 tanturn
1163 1274 1286 1336 oculum
1308 1274 1366 1337 ha·

182 1385 297 1456 beatas,
322 1402 358 1446 ex
381 1390 516 1444 monstro
532 1385 647 1443 marino
663 1391 762 1454 natas,
788 1401 866 1461 quae
889 1388 951 1443 tres
969 1380 1126 1459 Gorgones
1149 1379 1365 1440 nominantur:

184 1490 286 1549 senior
308 1494 410 1548 autem
432 1489 512 1547 inter
535 1504 586 1549 eas
610 1486 764 1549 dicebatur
786 1485 931 1558 Medusa,
955 1486 1083 1547 habebat
1105 1486 1203 1547 crines
1226 1486 1289 1544 non
1312 1501 1366 1545 so·

184 1593 247 1654 lum
270 1591 380 1662 llavos,
404 1590 459 1651 sed
483 1608 601 1653 aureos.
641 1591 725 1653 Hanc
740 1591 899 1671 Neptunus
924 1593 1021 1670 rapuit
1043 1607 1172 1668 eamque
1195 1587 1366 1667 intemplo

183 1694 339 1757 Minervae
371 1698 540 1775 oppressit,
573 1713 650 1776 quae
686 1699 827 1776 concepit
859 1703 890 1757 et
911 1695 1061 1774 Pegasum
1091 1712 1205 1773 equum
1233 1693 1366 1772 peperit,

185 1818 275 1879 quarn
299 1802 335 1861 ob
360 1817 424 1859 reru
447 1800 564 1861 turbata
586 1798 735 1872 Minerva,
770 1818 808 1861 ne
832 1801 996 1878 ignominia
1027 1799 1141 1877 templo
1164 1796 1276 1874 injecta
1299 1814 1366 1877 ma·

183 1909 272 1964 neret
293 1904 413 1974 inulta‚'
428 1905 527 1964 crines
549 1901 697 1965 Medusae
712 1906 837 1966 mutavit
859 1906 889 1964 iu
905 1921 1033 1982 angues,
1057 1910 1088 1964 et
1111 1903 1156 1962 sic
1178 1918 1214 1962 ex
1236 1900 1366 1979 pulchra

184 2011 375 2067 monstruosa
397 2006 476 2068 iacta
499 2014 554 2068 est.
600 2007 697 2086 Hujus
719 2006 866 2070 Medusae
891 2016 981 2088 capnt
1003 2007 1130 2070 abscidit
1150 2006 1297 2079 Perseus,
1333 2012 1367 2068 et

184 2110 256 2172 dum
278 2112 377 2189 ipsum
399 2117 534 2191 portaret
555 2114 586 2172 in
608 2115 736 2193 patriam
752 2131 853 2185 suam,
876 2114 1048 2192 ubicunque
1063 2109 1239 2173 ceciderunt
1258 2116 1365 2188 guttae

184 2216 348 2295 sanguinis,
370 2217 410 2276 ibi
427 2223 589 2278 creverunt
611 2224 776 2298 serpentes.
806 2217 890 2280 Sica
908 2217 1048 2296 Gorgone
1071 2217 1132 2277 nati
1155 2221 1226 2276 suut
1242 2211 1365 2292 Pegasi,

184 2325 308 2398 propter
345 2338 474 2399 quorum
511 2321 704 2383 velocitatem
743 2325 835 2384 etiam
881 2340 973 2384 naves
1003 2320 1129 2401 Pegasi,
1175 2320 1246 2398 equi
1282 2318 1366 2393 alati,

183 2431 336 2485 vocantur.

268 2528 355 2590 Nouo
385 2531 433 2591 die
462 2530 660 2592 illucescente
682 2530 805 2611 Pegasis
828 2533 941 2591 uostris
966 2531 1028 2591 alas
1051 2529 1211 2601 dedimus,
1244 2529 1276 2592 id
1301 2538 1361 2604 est,

182 2634 307 2696 navibus
330 2634 442 2694 nostris
465 2634 532 2695 vela
552 2636 679 2695 remissa
695 2635 869 2696 reduximus
894 2652 1013 2696 sursum
1037 2642 1069 2696 et
1090 2634 1251 2695 benedicto
1271 2643 1364 2698 vento

183 2745 286 2800 nostro
302 2741 523 2810 commisimus,
547 2743 647 2800 statim
664 2746 765 2801 autern
781 2742 859 2818 rapti
881 2757 937 2819 per
959 2758 1041 2801 mare
1057 2739 1190 2819 rupibus·
1205 2738 1366 2803 altissimis

181 2842 305 2921 plenum
343 2845 547 2921 navigavimus
582 2836 651 2904 curn
689 2841 876 2919 jocunditate
915 2851 946 2906 et
975 2845 1012 2906 ad
1046 2844 1196 2905 Coronam
1228 2844 1366 2906 insulam

181 2944 313 3022 achajae
336 2949 482 3007 venimus.
528 2947 581 3007 Est
603 2949 684 3007 enirn
709 2947 860 3008 Coranum
883 2949 980 3009 insilla
1014 2946 1050 3009 ad
1074 2948 1152 3008 latus
1174 2945 1308 3026 Achaiae
1333 2957 1366 3011 et

182 3049 273 3110 habet
295 3051 325 3108 in
348 3053 556 3127 promontorio
578 3050 735 3129 pulchram
769 3053 935 3125 civitatem,
967 3053 1117 3113 Coronam
1146 3050 1274 3123 dictam,
1306 3053 1364 3114 sub

183 3171 241 3232 qua
263 3155 481 3232 navigavimus,
505 3172 582 3234 quae
606 3154 644 3216 ad
667 3172 772 3216 manus
787 3155 973 3217 Venetorum
997 3156 1118 3218 devenit
1141 3173 1220 3216 anno
1239 3154 1365 3218 Domini

184 3252 289 3329 1204„
313 3264 344 3317 et
366 3256 456 3318 hodie
479 3264 536 3318 est.
581 3252 618 3319 ln
639 3258 695 3319 hac
719 3259 818 3321 insilla
844 3266 888 3320 tot
913 3262 1071 3338 capiuntur
1094 3240 1259 3339 quiscolae‚
1283 3276 1364 3337 quae

181 3361 372 3443 deplumatac
396 3369 427 3424 et
450 3370 642 3425 exenteralae
666 3365 697 3425 in
720 3365 799 3425 vasis
813 3350 926 3431 ,salitae¹
939 3364 1089 3425 ducuntur
1104 3360 1258 3434 Venetiae,
1281 3364 1365 3425 sicut

180 3467 305 3529 balleca.
349 3465 519 3529 Aestimant
541 3468 649 3547 aliqui,
684 3468 764 3547 quod
796 3468 865 3528 illae
898 3469 1031 3529 aviculae
1055 3469 1157 3557 hieme
1180 3466 1365 3529 adveniente

180 3574 392 3650 transmigrent
414 3571 452 3633 de
475 3574 587 3634 nostris
611 3573 745 3653 partibus
769 3571 805 3633 ad
834 3572 917 3633 illam
944 3570 1090 3641 lucillam,
1125 3577 1158 3631 ut
1188 3569 1230 3631 ibi
1261 3570 1364 3630 calore

180 3673 339 3734 foveantur
361 3692 457 3753 usque
482 3675 518 3735 ad
542 3677 662 3737 vernale
686 3683 825 3754 tempus,
855 3693 914 3755 qno
938 3675 974 3736 ad
997 3693 1053 3735 nos
1077 3674 1221 3735 revolant.
1265 3664 1364 3735 Nobis

182 3783 282 3838 autem
303 3776 386 3854 J'uuta
410 3779 561 3839 civitatem
586 3779 679 3859 (18⁷
695 3776 739 3856 a)
769 3780 977 3859 navigantibus
993 3782 1075 3841 veuit
1096 3781 1127 3839 in
1151 3779 1258 3858 cymba
1273 3794 1364 3857 prae·

180 3880 277 3942 fectus
301 3880 429 3940 civitatis
463 3887 493 3941 et
522 3882 637 3944 insulae
670 3890 701 3944 et
724 3884 760 3960 ad
795 3903 851 3945 nos
875 3884 1012 3945 ascendit
1044 3890 1074 3945 et
1096 3901 1193 3962 usque
1217 3882 1364 3945 Venetiae

180 3986 338 4045 nobiscum
354 3986 444 4045 venit.
476 3984 563 4046 Circa
578 3992 714 4047 octavam
725 3976 842 4048 ‘horam
864 3995 933 4050 ante
957 3988 1116 4050 meridiem
1134 3987 1264 4049 vidimus
1287 3988 1363 4050 civi-

180 4094 274 4149 tatem
289 4085 454 4161 Metonam,
479 4106 569 4167 quam
583 4087 709 4151 Modum
732 4094 889 4152 nominant
911 4093 942 4153 iu
959 4112 1052 4153 cornu
1068 4091 1210 4170 Achajae,
1235 4096 1267 4152 ei
1290 4109 1363 4156 cum

178 4190 292 4256 laetitia
315 4198 435 4275 portum
457 4194 586 4273 ingressi
609 4212 730 4267 sumus,
754 4197 805 4257 nbi
826 4213 880 4259 sex
900 4197 1002 4275 galeas
1023 4199 1205 4271 invenimus,
1228 4212 1306 4278 quas
1329 4199 1364 4261 ia
