2902 4710
750 150 816 223 364

188 333 315 411 regrinis
337 331 580 411 promontorium
603 329 716 391 civitati
744 330 905 390 imminens
939 326 1064 390 ascendi
1094 326 1132 391 od
1162 327 1313 408 capellam
1337 329 1370 390 S.

188 436 320 508 Nicolai,
344 452 421 515 quae
444 438 475 495 in
497 432 563 511 ejus
587 435 744 495 cacumine
768 440 830 504 est,
863 439 894 493 et
915 433 956 492 ibi
979 434 1117 493 invocato
1140 431 1254 493 Sancto
1277 433 1371 511 longe

189 540 310 617 lateque
333 556 390 618 per
412 539 505 598 maria
529 539 799 618 circumspeximus
822 553 920 614 usque
952 536 990 597 ad
1012 540 1115 614 partes
1137 534 1240 597 ltaliae
1263 542 1371 597 contra

188 642 344 723 Apuliam,
377 644 408 703 in
432 660 490 721 qua
521 660 632 720 corpus
655 641 687 702 S.
711 641 827 703 Nicolai
858 641 987 719 quiescit
1019 641 1049 699 in
1079 640 1200 701 civitate
1222 637 1372 711 Bariensi,

190 745 270 825 quod
294 743 336 808 70
360 745 489 808 audaces
513 747 624 807 milites
649 746 810 807 Christiani
832 763 887 824 per
902 743 1034 805 medium
1058 743 1226 805 Turcorum
1250 745 1371 806 irruen-

188 856 236 910 tes
268 851 301 910 in
323 847 473 929 Myrream
507 851 641 913 tulerunt
669 848 707 910 de
739 849 841 910 tumba
875 854 904 909 et
938 849 970 909 in
992 846 1114 908 Barium
1143 847 1371 920 transtulerunt,

187 954 238 1015 ubi
260 953 351 1014 hodie
375 953 479 1015 dicunt
501 952 540 1014 de
563 952 629 1030 ejus
652 953 797 1014 membris
821 950 970 1013 desudare
993 952 1105 1013 oleum.

274 1056 347 1118 Post
368 1058 431 1119 visa
454 1056 521 1117 loca
544 1055 757 1118 descendimus
782 1073 835 1135 per
865 1056 986 1117 arbusta
1015 1062 1046 1116 et
1074 1056 1190 1126 vineta,
1225 1054 1317 1117 ficeta
1341 1061 1372 1117 et

188 1160 298 1222 oliveta
321 1159 600 1231 delectabilissima‚
636 1154 705 1221 nam
729 1158 873 1238 quidquid
899 1161 939 1221 ibi
963 1161 1083 1240 propria
1113 1165 1222 1238 sponte
1247 1161 1370 1230 crescit,

187 1264 288 1326 nobile
320 1271 368 1326 est
401 1270 432 1325 et
454 1266 632 1349 aramatico·
652 1262 745 1324 odore
768 1262 894 1325 redolet.
940 1262 1029 1325 Extra
1051 1262 1155 1324 hortos
1177 1268 1259 1324 totus
1281 1280 1371 1324 mons

188 1369 296 1448 plenus
327 1375 392 1429 erat
423 1370 590 1428 rosmarino
626 1373 657 1427 et
685 1369 787 1446 magni
816 1367 940 1428 frutices
965 1365 1065 1447 (lut)
1089 1363 1133 1444 a)
1165 1366 1231 1444 ejus
1263 1367 1372 1428 etalii

188 1473 274 1551 qnasi
298 1472 403 1534 silvam
426 1471 537 1533 clivum
560 1473 757 1532 constituunt.
796 1472 850 1532 list
872 1478 976 1533 autem
997 1471 1096 1532 frutex
1119 1471 1280 1533 rosmarini
1303 1488 1370 1532 me·

188 1575 257 1638 dius
280 1580 360 1640 inter
383 1579 504 1638 arbores
536 1583 567 1638 et
595 1577 719 1648 herbas,
755 1594 920 1654 numquam
954 1582 1054 1637 tamen
1086 1575 1146 1638 vidi
1176 1576 1371 1654 proceriores

188 1680 312 1743 frutices
336 1681 417 1759 ejus,
442 1699 532 1759 qnam
555 1681 610 1753 ibi,
634 1680 704 1742 folia
727 1678 817 1741 habet
840 1679 992 1741 simillima
1015 1679 1208 1750 lavendulae,
1233 1677 1371 1757 longiora

192 1791 294 1846 tamen
319 1792 350 1846 et
372 1787 538 1865 grossiora,
562 1783 703 1847 habentia
726 1784 853 1846 odorem
869 1784 984 1857 thuris,
1009 1781 1152 1843 flosculos
1167 1782 1259 1845 habet
1280 1784 1372 1846 valde

188 1906 312 1960 suaves,
344 1895 375 1948 et
397 1892 458 1949 tam
481 1888 551 1949 folia
575 1905 665 1966 quam
686 1886 779 1949 flores
802 1895 833 1949 et
855 1888 1029 1949 radir‘suut
1051 1886 1242 1948 medicinalia
1265 1888 1369 1950 multi·

187 1993 315 2070 pliciter.
360 1992 393 2052 ln
415 1993 554 2055 brevibus
578 1994 664 2053 annis
687 1991 787 2063 delati·
800 1999 870 2053 sunt
893 1992 924 2052 hi
947 1992 1070 2054 frutices
1094 1994 1125 2052 in
1146 1989 1369 2065 Alemanniann

188 2093 244 2156 sed
267 2113 327 2155 non
351 2101 478 2175 possunt
501 2098 652 2158 sustinere
675 2103 812 2158 nostrum
835 2114 976 2178 asperum
999 2095 1108 2174 frigus,
1132 2094 1201 2157 ideo
1217 2097 1248 2157 in
1265 2096 1369 2161 bieme

185 2199 218 2258 in
240 2198 356 2259 cacabis
380 2207 568 2279 reponuntur
590 2198 627 2261 ad
650 2200 771 2262 cellaria
795 2199 889 2262 calida
914 2207 972 2271 etc.
1018 2200 1136 2260 Dicitur
1168 2205 1279 2261 antem·
1301 2219 1369 2263 ros·

189 2304 337 2374 morinus,
376 2305 445 2382 qnia
479 2302 517 2364 de
551 2306 706 2365 maritimis
745 2306 919 2383 regionibus
952 2304 1077 2365 tollitur.
1133 2302 1220 2366 Aliae
1254 2305 1370 2370 herbae

191 2423 298 2467 omnes
322 2406 490 2468 odoriferae
514 2414 600 2468 erant
623 2406 703 2470 illius
726 2409 848 2471 montis.

273 2509 357 2570 lurta
379 2528 463 2571 mare
486 2512 517 2571 in
541 2511 629 2589 plano
655 2517 719 2573 erat
748 2513 834 2591 quasi
857 2511 933 2572 silva
955 2509 993 2571 de
1022 2511 1180 2574 fruticibus
1209 2516 1371 2593 agninasti,

187 2629 265 2692 quae
286 2614 472 2675 nobilissima
495 2615 627 2694 plantula
659 2623 706 2677 est
728 2617 859 2686 marina,
893 2617 961 2675 usui
989 2615 1161 2677 medicinae
1189 2627 1372 2698 competunt

185 2717 258 2778 folia
281 2723 310 2777 et
335 2716 441 2789 flores,
466 2724 497 2778 et
519 2718 608 2779 habet
631 2718 702 2779 folia
726 2721 812 2797 quasi
835 2719 924 2790 salix,
957 2718 1038 2780 unde
1061 2720 1097 2780 ab
1120 2721 1270 2799 aliquibus
1293 2726 1371 2789 salix

187 2824 302 2882 marina
335 2821 452 2883 dicitur.
496 2822 542 2882 lte
573 2823 632 2884 boc
656 2823 727 2885 dicit
748 2824 832 2885 lsaec
862 2824 1023 2903 physicus:
1062 2825 1207 2903 agninasti
1229 2830 1370 2907 proprie-

187 2932 234 2985 tas
251 2933 305 2997 est,
329 2925 484 2987 libidinem
500 2926 667 2998 defaecare,
692 2930 969 3007 concupiscentiam
984 2929 1173 3000 mortificare,
1196 2929 1370 2996 inflamma·

187 3030 302 3088 tionem
327 3029 439 3100 aufert,
463 3046 584 3108 sperma
608 3032 712 3091 siccat.
743 3032 828 3092 Duae
852 3041 954 3093 antem
976 3039 1047 3094 sunt
1070 3031 1135 3110 ejus
1153 3035 1284 3112 species,
1308 3054 1371 3099 una

187 3148 258 3192 cum
280 3130 355 3193 ilore
378 3151 547 3214 purpureo,
571 3134 665 3194 altera
688 3152 757 3195 cum
781 3136 858 3197 albo.
888 3136 970 3197 Folia
992 3138 1083 3198 habet
1103 3136 1189 3199 salici
1205 3138 1253 3200 rel
1268 3138 1370 3204 olivae

187 3237 341 3313 aequalia,
365 3237 502 3314 molliora
524 3243 646 3309 tamen,
670 3255 775 3301 semen
800 3247 1097 3319 quoquetamquam
1121 3243 1209 3321 piper
1231 3243 1368 3306 virtutis·

187 3356 245 3418 que
269 3339 424 3401 ferventis.
469 3338 581 3403 Lectus
614 3359 649 3403 eu
674 3361 711 3404 eo
743 3349 856 3405 stratus
879 3352 1039 3426 serpentes
1073 3352 1155 3407 arcet
1185 3347 1304 3425 longius
1338 3356 1370 3413 et

186 3443 340 3505 libidinem
357 3447 509 3524 reprimit,
534 3453 564 3506 et
581 3446 735 3526 fumigatio
753 3446 818 3524 ejus
841 3447 924 3508 idem
946 3447 1034 3519 facit,
1058 3456 1090 3510 et
1105 3451 1206 3511 vinum
1220 3459 1369 3531 potatum,

185 3551 215 3609 in
240 3565 300 3627 quo
323 3564 428 3610 semen
452 3546 517 3626 ejus
541 3556 589 3611 est
612 3551 798 3630 impositum.
844 3549 932 3612 Unde
963 3554 1079 3631 antiqui
1109 3553 1236 3616 deornm
1264 3573 1368 3618 sacer·

186 3649 273 3712 dotes
304 3652 343 3714 ad
374 3656 589 3715 continentiam
626 3654 803 3716 servandam
841 3662 1002 3734 agnocasto
1041 3658 1197 3718 struebant
1226 3658 1301 3731 sibi,
1337 3669 1370 3722 ct

187 3761 342 3817 matronae
367 3766 469 3818 castae
492 3758 697 3820 Romanorum
721 3761 751 3819 in
774 3760 910 3828 absentia
933 3761 1066 3823 virorum
1095 3760 1178 3822 idem
1207 3762 1368 3837 faciebant,

187 3866 218 3920 et
239 3876 345 3919 omnes
369 3861 501 3936 virgines
524 3861 654 3923 vestales
677 3862 732 3923 sub
755 3863 842 3923 lectis
877 3863 940 3922 suis
975 3866 1120 3941 agnicasti
1154 3864 1281 3927 frutices
1314 3867 1368 3929 ha·

184 3962 313 4024 bebant:
351 3963 397 4023 lte
419 3963 477 4022 hoc
500 3965 591 4025 etiam
614 3968 755 4043 superius
780 3968 965 4027 mentionem
988 3967 1048 4028 feci
1071 3964 1153 4032 P.-t.
1178 3967 1247 4030 liol·
1265 3965 1309 4034 60
1331 3970 1367 4033 Α,

272 4064 300 4127 Α
329 4064 437 4127 Lesina
472 4074 573 4128 antem
601 4069 782 4132 recedentes
812 4071 932 4150 longius
959 4073 991 4132 in
1022 4073 1197 4135 Crauatiam
1228 4077 1369 4138 venimus

184 4173 342 4251 regionem
371 4177 403 4233 ct
424 4173 456 4233 in
478 4173 551 4233 solis
575 4174 716 4235 occubitu
750 4193 767 4237 a
789 4175 947 4239 latitudine
977 4179 1071 4239 maris
1093 4185 1200 4241 contra
1222 4186 1367 4243 montana
