2874 4770
682 165 750 235 ‘425

127 349 262 428 amplum
290 354 324 410 et
344 346 510 408 ecclesiam
541 346 697 422 ingentem
728 344 885 415 excitarit,
916 345 996 405 siout
1017 343 1108 406 hodie
1131 352 1197 416 est;
1227 346 1303 422 jecit

127 454 221 513 etiam
242 450 436 512 fundamenta
457 452 489 509 in
512 466 595 509 mare
619 456 649 509 et
672 464 773 508 aream
795 447 879 508 illam
902 449 1069 527 ampliavit,
1099 453 1204 529 sicque
1228 469 1301 512 eon·

121 561 238 622 *ventus
261 554 311 615 ille
331 543 430 614 iaetus
454 560 501 612 est
523 555 555 612 in
588 551 693 613 ordine
727 551 857 612 famatus
889 571 985 631 nsque
1016 556 1048 613 in
1070 557 1238 632 posterius,
1271 558 1304 616 in

129 677 190 738 quo
214 675 336 736 semper
356 657 434 717 ultra
457 663 580 716 centum
601 662 674 716 sunt
695 655 803 716 iratres
826 663 855 715 et
879 658 966 717 molti
993 657 1144 718 doctores.
1188 660 1304 721 l'emm

128 763 318 824 observantia
339 760 486 839 regularis
509 767 557 820 est
578 759 619 819 ihi
641 761 760 829 tennis,
794 759 926 819 necdum
948 768 996 821 est
1018 761 1214 832 reformatus,
1248 763 1304 824 seo

127 869 231 928 vivunt
243 865 285 925 ihi
299 863 408 924 fratres
422 866 452 924 in
469 863 600 942 quadam
620 863 784 924 saecularis
807 864 921 941 gloriae
935 881 1062 942 pompa,
1085 865 1164 925 unde
1187 866 1305 927 festivis

126 969 235 1055 diebus
258 966 372 1029 Missae
395 967 528 1040 officium
551 975 583 1028 et
597 984 741 1046 resperas
763 983 799 1026 ac
814 968 1011 1046 completoria
1034 975 1155 1028 cantant
1176 971 1206 1029 in
1229 970 1304 1048 lign-

126 1073 227 1134 rativis
258 1089 329 1132 cum
351 1070 544 1132 solemnitate
566 1069 730 1140 saeculari3
767 1076 951 1148 quapropter
975 1069 1013 1130 ad
1037 1069 1136 1130 oliieia
1157 1070 1208 1131 illa
1232 1091 1304 1132 con·

125 1175 193 1236 ttuit
215 1174 378 1248 multitudo
397 1174 545 1252 juvenum
567 1181 599 1235 et
620 1173 825 1244 dominarum,
857 1192 918 1233 nou
941 1181 1003 1233 tam
1025 1182 1150 1252 propter
1171 1175 1305 1235 (lirinum

126 1278 276 1351 officium,
300 1295 392 1357 quam
413 1285 539 1357 propter
560 1278 710 1339 melodiae
733 1285 765 1337 et
786 1277 992 1339 discantomm
1007 1277 1152 1338 auditum.
1184 1277 1305 1357 Orgooa

126 1374 279 1460 duplicata
307 1381 422 1443 habent
452 1389 483 1442 et
505 1382 634 1442 multum
657 1382 812 1441 sacristiae
834 1389 974 1441 omatum
995 1381 1073 1442 ultra
1088 1381 1222 1441 modum.
1253 1383 1306 1442 list

127 1488 219 1546 etiam
242 1487 273 1544 in
295 1485 426 1546 ecelesia
449 1484 545 1564 (218
562 1482 605 1563 a)
629 1487 679 1545 illa
702 1486 834 1562 plurium
856 1485 968 1546 duemn
982 1484 1179 1545 venetiarum
1202 1485 1303 1564 sepol-

129 1598 207 1650 tura.
237 1587 304 1648 Nou
326 1589 387 1650 ridi
408 1592 605 1667 pretiosiores
629 1589 747 1649 tumbas
770 1594 801 1647 et
816 1586 987 1666 sepulturas
1005 1591 1225 1667 pomposiores,
1248 1606 1305 1648 nec

129 1691 247 1752 Romae
268 1710 453 1754 summorum
476 1692 653 1771 pontificum
676 1690 837 1770 sepulchra
859 1697 987 1768 possunt
1003 1693 1172 1771 sepulchris
1194 1691 1305 1752 (lucum

130 1794 319 1856 Venetorum
341 1799 472 1876 aequori.
517 1796 595 1856 Sunt
618 1798 699 1856 euim
727 1795 847 1855 tumbae
877 1794 1012 1855 elevatae
1046 1803 1165 1856 eterra
1196 1799 1305 1856 muris·

129 1915 189 1977 que
212 1900 381 1971 immissae,
405 1907 437 1960 et
458 1906 520 1961 tota
543 1899 719 1978 superficies
742 1900 866 1977 parietis
888 1899 969 1959 illius
992 1902 1075 1961 vario
1099 1918 1249 1961 marmore
1272 1909 1304 1962 et

128 2002 292 2080 sculpturis
324 2020 396 2064 auro
424 2009 456 2064 et
478 2011 602 2083 argento
626 2010 672 2065 est
701 2002 840 2064 decorata
875 2011 905 2064 et
928 2003 1005 2065 ultra
1033 2007 1152 2065 virtutis
1180 2005 1303 2065 modum

127 2112 242 2166 ornata.
288 2103 321 2165 ln
344 2105 512 2185 sepulchris
534 2107 592 2167 illis
614 2110 762 2186 imagines
784 2107 913 2178 Christi,
942 2105 977 2166 B.
1002 2107 1149 2186 Virginis,
1183 2114 1303 2186 aposto·

127 2210 226 2270 lorum
248 2215 280 2271 et
302 2216 468 2289 martyrum
497 2217 529 2272 et
551 2218 760 2281 caeterorum,
795 2228 872 2288 quos
904 2212 972 2288 quis
1002 2217 1100 2282 amat,
1125 2210 1304 2270 Sanctorum

129 2319 283 2391 ponuntur
303 2316 334 2374 in
357 2314 475 2386 medio,
499 2322 652 2393 tamquam
674 2314 874 2395 principales,
898 2312 955 2373 sed
978 2333 1033 2392 per
1056 2317 1212 2374 circuitum
1235 2322 1305 2374 suot

130 2418 280 2494 imagines
295 2418 468 2495 gentilium,
483 2418 623 2490 Saturni,
639 2416 720 2488 lani,
735 2416 834 2487 lovis,
851 2416 993 2487 lunonis,
1007 2416 1179 2488 Minervae,
1199 2415 1305 2477 Martis

133 2527 165 2580 et
187 2520 340 2591 Herculis,
365 2539 435 2580 eum
456 2523 550 2600 signis
573 2524 760 2599 poeticarum
782 2521 945 2582 fictionum.
975 2519 1018 2581 lhi
1039 2520 1100 2581 ridi
1121 2523 1153 2581 in
1175 2521 1306 2581 eeclesia

131 2631 235 2684 nostra
254 2623 336 2700 Juxta
359 2626 471 2686 ostium
493 2626 525 2684 in
547 2625 651 2685 dextro
674 2627 769 2685 latere
791 2627 823 2684 in
846 2624 1007 2702 sepulchro
1033 2623 1190 2701 eujusdam
1220 2623 1305 2684 ducis

130 2728 349 2805 pretiosissimo
372 2729 523 2806 sculptam
537 2727 676 2789 Herculis
702 2730 881 2807 imaginem,
904 2731 935 2789 in
958 2747 993 2789 ea
1015 2728 1129 2800 iorma,
1153 2722 1211 2807 ona
1235 2746 1305 2788 eum

129 2830 243 2908 fingunt
257 2850 417 2912 pugnasse,
441 2830 496 2892 sed
511 2831 649 2893 indutum
664 2832 770 2903 leonis,
794 2850 887 2911 quem
908 2832 1111 2904 interiecerat,
1135 2832 1213 2911 pelle
1237 2833 1304 2893 loeo

129 2933 227 3012 pallii,
255 2925 291 2996 'et
313 2952 512 3013 congressum
542 2936 654 2997 habere
685 2955 753 2997 cum
784 2936 895 3015 hydra,
928 2940 1052 2998 immani
1073 2945 1225 3007 monstro,
1256 2938 1305 2996 cui

119 3032 198 3098 'cnm
222 3045 325 3100 essent
348 3046 468 3117 septem
483 3042 598 3118 capita,
621 3046 652 3100 et
675 3059 735 3101 uno
759 3043 859 3101 exciso
882 3048 1003 3119 septem
1026 3040 1069 3101 illi
1083 3045 1184 3102 statim
1201 3060 1303 3102 renas·

130 3141 282 3202 celantur.
328 3140 371 3200 lbi
387 3148 466 3202 stant
481 3145 598 3222 pugiles
621 3143 709 3205 nudis
731 3147 922 3224 corporibus,
945 3149 976 3206 in
998 3147 1136 3208 manibus
1159 3146 1303 3206 habentes

128 3247 243 3324 gladios
268 3253 299 3306 et
321 3247 442 3317 hastas,
475 3254 506 3308 et
527 3248 565 3308 ad
595 3249 671 3309 eolla
701 3267 849 3326 suspensa
882 3230 1027 3311 habentes
1057 3258 1158 3320 scuta,
1193 3256 1223 3308 et
1246 3267 1304 3309 nec

127 3351 254 3410 loricam
277 3368 334 3410 nee
356 3350 523 3422 thoracem,
554 3372 611 3414 nec
634 3353 765 3432 galeam,
791 3371 869 3431 quae
892 3361 963 3414 sunt
983 3371 1074 3414 verae
1098 3354 1211 3431 figurae
1238 3353 1303 3412 ido-

127 3454 238 3515 lorum.
269 3452 311 3514 lbi
334 3457 421 3531 pueri
440 3455 511 3517 nudi
534 3464 564 3517 et
586 3457 672 3526 alati,
695 3456 839 3534 triumphi
862 3457 947 3532 signa
970 3462 1110 3515 tenentes
1130 3455 1177 3515 rel
1193 3454 1304 3514 colluc-

98 3560 101 3564 ’
127 3564 243 3627 tontes,
267 3562 299 3616 et
320 3557 413 3617 mults
435 3559 505 3619 talia
528 3560 703 3638 gentilitatis
727 3561 810 3636 signa
833 3550 913 3617 inter
935 3560 1020 3634 signa
1042 3565 1162 3617 nostrae
1184 3556 1304 3617 redem-

127 3662 221 3721 tionis
244 3663 342 3738 posita
365 3668 448 3734 sunt,
482 3667 513 3723 et
535 3663 690 3741 simplices
713 3667 820 3738 putant
849 3676 917 3720 esse
941 3660 1119 3720 Sanctorum
1148 3662 1304 3736 imagines,

129 3771 161 3824 et
176 3764 322 3824 honorem
337 3765 478 3826 exhibent
493 3767 633 3836 Herculi,
656 3770 798 3843 putantes
813 3765 1009 3837 Samsonem,
1033 3772 1063 3825 et
1075 3764 1197 3836 Veneri,
1214 3766 1303 3824 aesti-

128 3875 247 3930 mantes
269 3868 493 3948 Magdalenam,
524 3879 554 3930 et
577 3872 621 3930 sie
644 3869 682 3928 de
706 3868 781 3928 aliis.
825 3868 1000 3948 insculpunt
1023 3871 1114 3929 etiam
1137 3866 1305 3945 sepulchris

129 3980 265 4033 monstra
298 3976 414 4035 marina
446 3980 477 4034 et
515 3972 649 4034 deiunoti
681 3988 763 4033 arma
796 3980 827 4033 et
859 3981 955 4034 metra
987 3980 1074 4052 gesta
1108 3974 1220 4032 mortni
1253 3989 1304 4032 er·

128 4080 290 4157 planantia.

216 4181 377 4243 Secundus
400 4188 564 4243 conventus
589 4187 636 4241 est
658 4179 695 4241 atl
717 4180 750 4241 S.
764 4180 972 4254 Dominicum,
995 4184 1047 4261 qui
1069 4181 1125 4243 luit
1147 4187 1303 4242 construe·
