2874 4770
661 114 753 231 aas.

125 347 157 402 et
180 340 273 419 polito
296 356 447 400 marmore
470 337 608 398 obducta.
648 335 759 396 Scdilia
782 343 884 398 autem
910 337 1014 398 stallae
1036 335 1120 397 ebori
1142 332 1303 415 spectabili

125 447 270 507 varietate
285 443 433 522 lignorum
448 451 526 514 sunt,
537 444 621 522 quasi
634 449 737 503 essent
755 442 883 521 depicta,
900 442 1025 504 dirersis
1040 442 1191 504 vivacibus
1202 439 1304 518 liguris

128 566 286 628 expressa,
320 547 374 608 sed
404 550 617 625 superomnia
641 547 755 625 capella
787 565 855 606 cum
879 546 1040 626 sepulchro
1070 547 1149 606 beati
1171 541 1303 615 Antonii,

129 655 207 712 sacri
230 650 343 711 ordinis
365 649 533 737 Minorum,
562 651 787 710 solemnissimo
812 651 921 711 decore
944 652 1053 711 rutilat.
1097 649 1151 709 Est
1174 648 1303 708 ecclesia

127 757 158 816 in
182 773 217 816 ea
241 756 330 825 urbe,
353 757 569 815 monasterium
585 753 671 816 valde
687 755 812 815 solenne
838 762 869 815 et
885 758 1055 833 antiquum,
1078 752 1190 814 ordinis
1207 752 1304 812 sancti

127 858 297 929 Benedicti,
331 858 413 937 quod
442 857 551 918 dicitur
580 856 615 918 ad
647 865 780 918 sanctam
815 858 980 930 luminam,
1016 864 1047 918 et
1076 858 1154 917 sicut
1175 855 1305 915 ecclesia

127 962 207 1023 illius
230 964 404 1023 monasterii
427 969 475 1022 est
497 962 584 1040 plena
608 962 782 1039 corporibus
806 962 1005 1029 Sanctorum,
1037 964 1082 1022 sic
1108 961 1207 1037 ipsum
1238 976 1304 1018 mo·

126 1068 293 1126 nestorium
326 1066 477 1143 repletum
508 1075 555 1128 est
588 1066 744 1127 monacbis
778 1066 876 1127 doctis
911 1074 942 1128 et
969 1066 1128 1144 religiosis.
1173 1064 1206 1125 ln
1240 1065 1306 1143 ipsa

128 1168 258 1229 ecclesia
282 1175 353 1229 sunt
376 1188 504 1250 corpora
527 1178 699 1231 sanctorum
714 1166 859 1229 Matthiae
885 1170 1013 1250 apostoli
1037 1177 1068 1230 et
1092 1167 1192 1229 Lucae
1216 1184 1306 1227 evan·

128 1271 270 1350 gelimae,
297 1290 382 1349 quae
406 1273 437 1333 S.
461 1272 571 1334 Urinus
601 1273 639 1333 de
662 1272 829 1333 Jerusalem
860 1273 929 1333 tulit
951 1274 1071 1334 occulte
1102 1281 1133 1332 et
1155 1273 1214 1332 buc
1237 1289 1305 1349 por·

128 1376 214 1446 tavit,
246 1392 351 1435 verum
375 1384 465 1456 caput
488 1378 518 1438 S.
543 1376 688 1439 Matthiae
712 1394 772 1436 nou
796 1383 842 1437 est
866 1379 922 1447 ibi,
953 1378 1023 1454 quia
1045 1377 1076 1437 S.
1100 1375 1210 1437 Urinus
1233 1373 1307 1435 illud

130 1475 254 1538 tradidit
275 1478 395 1540 cuidam
419 1497 452 1540 se
475 1483 607 1561 petenti,
641 1483 691 1559 qui
715 1478 862 1543 Trevirim
885 1484 1063 1560 asportavit,
1090 1482 1141 1541 ubi
1164 1479 1254 1540 hodie
1276 1481 1306 1538 iu

134 1583 328 1642 veneratione
352 1583 487 1645 babetur.
533 1584 651 1662 Corpus
675 1587 767 1646 etiam
791 1583 928 1661 ejusdem
951 1586 983 1645 S.
999 1582 1082 1644 Urini
1105 1585 1146 1644 ibi
1169 1584 1307 1662 quiescit,

134 1690 166 1743 et
188 1701 297 1762 corpus
314 1685 345 1745 S.
361 1684 516 1749 Prosodati
539 1688 738 1759 confessoris,
762 1688 793 1747 S.
810 1689 943 1750 Danielis
960 1691 1112 1767 martyris,
1136 1688 1167 1749 S.
1185 1685 1308 1746 Maximi

135 1788 283 1866 episcopi,
308 1796 338 1848 et
362 1809 471 1870 corpus
494 1792 524 1853 S.
542 1784 723 1863 Felicitatis,
746 1799 778 1852 et
800 1794 892 1853 multa
908 1793 1087 1853 Sanctorum
1102 1792 1308 1851 innocentium

134 1900 277 1967 corpora,
304 1899 336 1952 et
358 1893 389 1954 S.
414 1894 547 1957 Justinae
571 1898 693 1975 virginis
717 1903 748 1956 et
771 1900 912 1976 martyris
935 1914 1045 1974 corpus
1068 1895 1108 1954 ibi
1130 1902 1178 1955 est
1199 1912 1305 1956 recou-

133 1994 243 2068 ditum,
279 2015 378 2075 aquo
403 2005 500 2060 toturn
523 2004 737 2062 monasterium
762 2002 981 2063 denominatur.
1027 2000 1079 2060 Est
1102 2002 1192 2060 etiam
1215 2016 1308 2077 super

133 2099 242 2171 altare,
266 2102 296 2162 iu
322 2119 382 2180 quo
406 2121 517 2185 corpus
540 2105 571 2165 S.
588 2103 689 2166 Lucae
712 2107 857 2183 quiescit,
880 2122 939 2165 una
961 2104 1062 2165 tabula
1085 2122 1155 2164 cum
1177 2105 1307 2180 imagine

130 2203 236 2264 beatae
259 2204 406 2287 Virginis,
441 2226 567 2286 puemm
591 2208 694 2271 Jesum
717 2211 747 2269 iu
770 2212 885 2288 gremio
909 2209 1055 2278 tenentis,
1090 2224 1181 2284 quam
1204 2207 1308 2266 dicunt

134 2305 258 2384 abipso
287 2309 317 2369 S.
341 2309 425 2372 Luca
457 2329 527 2372 esse
560 2312 722 2390 depictam.
767 2312 876 2373 Audivi
907 2315 1014 2382 etiam,
1049 2309 1129 2389 quod
1158 2308 1309 2387 quondam

135 2409 278 2486 reliquiae
301 2420 332 2474 et
352 2415 505 2477 tbesauari
529 2416 560 2475 S.
577 2414 673 2477 Marci
695 2416 828 2477 Venetiis
851 2419 882 2476 in
905 2417 955 2477 illa
978 2416 1107 2477 ecclesia
1130 2415 1240 2475 luerint
1262 2429 1310 2470 re-

135 2514 272 2591 positae,
296 2516 375 2577 unde
397 2522 513 2580 meritis
535 2521 644 2580 horum
668 2528 840 2581 sanctorum
865 2521 999 2581 creditur
1020 2520 1132 2581 lactum
1155 2535 1244 2588 esse,
1277 2521 1311 2575 nt

137 2617 274 2677 monachi
297 2619 328 2680 S.
352 2620 488 2684 lustinae
511 2624 620 2685 fierent
641 2624 737 2684 torma
767 2632 799 2684 et
821 2625 975 2702 exemplar
997 2626 1131 2684 omnium
1153 2622 1310 2698 religioso·

136 2737 216 2791 rum;
240 2739 310 2782 narn
331 2730 522 2806 congregatio
546 2728 577 2789 S.
600 2728 773 2801 Benedicti,
798 2746 875 2807 qnae
898 2729 929 2788 S.
954 2726 1089 2788 Justinae
1111 2731 1310 2802 nuncupatur,

136 2840 213 2884 anno
229 2824 349 2888 Domini
374 2826 457 2894 1412
479 2834 509 2893 in
533 2832 591 2892 boc
606 2834 790 2897 monasterio
805 2834 902 2911 primo
919 2850 973 2910 per
987 2830 1189 2894 venerabilem
1205 2829 1310 2898 virum,

135 2926 289 2990 dominum
310 2929 488 2996 Ludwicum
510 2935 658 3006 Barbum‚
692 2939 845 3017 patritium
868 2936 1029 3007 Venetnm,
1052 2937 1170 2994 initium
1192 2934 1308 2993 sumsit.

135 3027 251 3108 Ubique
273 3036 355 3095 enlm
377 3039 442 3115 ipsa
466 3039 526 3102 divi
540 3040 698 3101 Benedicti
721 3042 828 3119 religio
851 3059 867 3100 a
889 3040 1074 3119 regularibus
1089 3039 1232 3098 institutis
1256 3036 1309 3096 de·

135 3134 248 3196 ciderat
270 3138 383 3216 etjam
405 3143 487 3204 nulla
509 3144 662 3224 religionis
685 3146 777 3206 iacies
810 3148 840 3205 iu
864 3162 900 3205 eo
924 3144 1029 3205 ordine
1051 3142 1220 3212 videbatur,
1255 3138 1310 3199 sed

135 3235 294 3301 Ludwicus
318 3244 385 3321 ipse
409 3252 560 3325 tamqnam
584 3268 694 3312 novum
717 3249 800 3310 sidus
829 3267 890 3310 una
912 3267 988 3309 cum·
1004 3246 1139 3307 Rolando
1167 3243 1309 3304 Patauino

135 3359 171 3402 ac
192 3343 308 3406 Jacobo
324 3346 491 3424 Ticiniensi,
515 3353 733 3433 religiosissimi
752 3357 822 3425 viri,
844 3357 876 3414 in
898 3372 935 3413 eo
957 3352 1054 3420 fulsit,
1077 3351 1203 3426 quinon
1220 3345 1310 3405 modo

135 3446 274 3508 ordinem
296 3467 385 3511 suurn
408 3452 597 3535 denigratum
619 3466 650 3518 et
678 3459 799 3521 devium
821 3457 997 3518 illuminavit
1019 3459 1050 3514 et
1073 3451 1110 3512 ad
1132 3454 1210 3512 viam
1233 3451 1311 3509 veri·

134 3553 205 3611 tatis
229 3553 364 3628 reduxit,
388 3558 444 3619 sed
466 3568 497 3621 et
518 3565 632 3640 primus
655 3566 790 3624 omnium
812 3561 936 3622 ordines
951 3575 1058 3619 omnes
1074 3555 1111 3616 ad
1127 3572 1210 3623 eam,
1234 3569 1311 3629 qnae

135 3672 216 3715 nuno
239 3663 322 3718 tanto
344 3666 482 3741 tempore
504 3668 604 3744 viget,
640 3667 860 3726 observantiam
885 3664 1056 3741 regularem
1089 3656 1242 3737 perduxit,
1278 3663 1311 3717 ut

135 3759 213 3819 sicut
236 3764 376 3825 monachi
399 3766 430 3826 S.
452 3766 609 3830 Benedicti
631 3769 772 3831 dicuntur
794 3788 809 3829 a
833 3768 901 3828 divo
924 3763 1089 3827 Benedicto
1123 3769 1224 3840 patres
1248 3779 1311 3822 mo·

135 3862 314 3938 nacbomm,
344 3871 389 3929 sic
411 3875 471 3932 sint
493 3879 648 3950 etpatres
670 3873 902 3933 reformatomm
925 3888 941 3931 a
964 3869 1116 3931 Ludovico
1136 3867 1200 3944 jam
1223 3866 1312 3935 dicto,

137 3969 206 4042 quia
228 3968 295 4046 ejus
324 3975 462 4053 exemplo
493 3994 600 4036 omnes
622 3975 755 4053 religiosi
788 3978 917 4055 permoti
950 3975 1051 4035 eidem
1084 3973 1226 4049 subsequi
1258 3989 1312 4050 pro

140 4073 248 4133 viribus
271 4079 371 4138 conati
394 4086 474 4139 sunt.
519 4077 580 4156 Ipsi
603 4081 704 4157 itaque
735 4082 790 4140 riri
813 4079 1031 4158 religiosissimi
1061 4094 1134 4137 suae
1158 4076 1312 4153 religionis

140 4173 306 4239 calamitate
338 4185 371 4240 et
403 4184 491 4243 mina
522 4183 654 4261 permoti
684 4181 797 4243 ibidem
829 4182 897 4243 scil.
928 4183 967 4244 ad
999 4188 1135 4242 sanctam
1163 4178 1313 4240 lustinam
