2902 4710
109 309 252 388 pavonis,
285 313 373 388 quasi
403 326 471 370 eam
504 309 678 389 despiciens
701 314 760 369 etc.
807 305 887 370 Silus
918 309 1027 372 fluvius
1049 306 1226 373 Taurisiuus
1248 288 1287 373 de

110 429 185 490 rupe
209 412 338 490 quadam
360 411 497 493 Alpium,
522 415 602 475 dioto
624 411 875 485 Penscheudorff‚
900 394 987 476 exilit
1008 422 1039 476 et
1061 416 1168 477 urbem
1190 422 1287 479 traus-

110 532 236 577 ourrens
259 518 291 577 in
314 535 398 579 mare
422 521 576 599 mergitur.

197 621 321 681 Decima
344 628 449 683 octava
473 623 537 695 die,
573 639 650 702 quae
681 628 745 683 erat
775 621 923 683 dominica
952 624 1050 703 prima
1075 631 1144 703 post
1167 631 1288 687 octavas

112 725 305 804 epiphaniae,
335 725 436 787 audita
458 724 555 788 Missa
578 734 606 788 et
631 725 755 805 prandio
782 704 882 787 sum-to
906 725 1036 787 Taurisii
1059 743 1154 805 equos
1183 745 1288 788 asceu-

28 905 31 911 .
112 828 210 891 dimus
242 829 273 890 et
297 837 401 891 eontra
424 831 532 892 faciem
554 828 677 909 Alpium
700 830 908 908 equitavimus.
953 828 1007 889 Est
1022 836 1125 892 autem
1148 847 1201 890 sex
1222 831 1289 890 mil-

110 932 196 992 liaria
217 938 297 993 terra
320 933 494 1012 planissima
517 940 548 994 et
570 932 770 1004 fertilissima,
792 934 872 993 inter
894 950 977 994 mare
1008 940 1039 995 et
1059 941 1201 1009 montana
1223 935 1290 996 viti·

110 1034 166 1094 bus
190 1041 221 1095 et
244 1036 398 1096 arboribus
422 1037 520 1115 plena*
543 1043 573 1097 et
595 1035 757 1117 pascualis.
799 1033 833 1095 ln
856 1053 1003 1113 processu
1027 1046 1128 1099 autem
1151 1039 1290 1100 venimus

112 1136 150 1199 ad
165 1136 290 1199 iluvium
305 1138 429 1212 Plabes,
453 1158 545 1219 quem
560 1143 689 1202 transire
705 1140 877 1201 nullatenus
901 1147 1088 1218 poteramus,
1105 1132 1181 1220 'quia
1203 1143 1291 1201 inun·
1359 1207 1363 1214 ,

112 1239 234 1303 daverat
255 1250 287 1304 ot
308 1245 388 1322 ripas
412 1227 487 1305 alvei
510 1262 571 1304 uon
592 1243 691 1305 solum
716 1242 908 1322 impleverat,
933 1244 989 1305 sed
1004 1244 1186 1317 exundabat,
1210 1243 1291 1305 uude
1387 1313 1400 1332 .

112 1348 214 1408 multis
237 1348 416 1409 clamoribus
440 1350 559 1409 emissis
582 1348 824 1410 transductorem
840 1349 1066 1420 advocavimus,
1090 1350 1187 1409 stabat
1210 1349 1292 1409 enim

112 1452 309 1530 hippogamus
333 1436 368 1511 ex
391 1453 529 1530 opposito
552 1453 583 1512 in
607 1452 664 1512 alio
687 1451 801 1523 littore,
836 1459 905 1531 post
936 1454 1041 1514 horam
1071 1460 1172 1512 autern
1201 1450 1288 1512 tarde

113 1554 234 1615 advenit
264 1555 436 1616 rusticellus
471 1562 502 1615 et
529 1557 560 1615 in
582 1554 763 1634 hippogamo
792 1556 860 1614 navi
891 1554 999 1634 equina
1028 1574 1082 1616 nos
1114 1553 1290 1616 transduxit.

113 1655 170 1717 llic
193 1653 302 1717 fluvius
325 1655 430 1718 Plabes
454 1657 557 1738 rapido
589 1677 678 1720 cursu
710 1658 747 1720 de
769 1656 895 1737 Alpibus
918 1661 989 1721 'ruit'
1018 1657 1183 1738 dividitque
1214 1676 1291 1720 mar·

117 1759 214 1820 chiam
238 1759 437 1822 Tarvisiniam
460 1781 477 1824 a
499 1762 576 1823 Foro
599 1762 683 1824 lulio.
905 1770 907 1774 ”

201 1863 234 1925 ln
257 1864 333 1926 Foro
356 1864 434 1927 tutio
457 1875 527 1928 suut
551 1869 687 1930 civitates
710 1857 1001 1948 magnae‚'·Venetis
1024 1856 1180 1937 subditae,
1215 1866 1294 1925 sicut

116 1974 146 2027 et
169 1965 323 2031 Tarvisina
346 1972 477 2033 marchia
501 1989 606 2033 eorum
630 1980 686 2034 est.
719 1960 858 2046 Quodam
880 1979 1019 2051 tempore
1044 1968 1188 2031 descendi
1202 1969 1293 2046 longo

114 2072 223 2132 itinere
246 2071 284 2132 de
308 2078 458 2136 montanis
481 2079 511 2137 in
535 2084 599 2138 rate
622 2094 677 2156 pcr
693 2075 818 2139 lluvium
840 2055 926 2138 illum
949 2074 1018 2137 eum
1043 2073 1138 2136 multo
1159 2071 1293 2152 periculo

115 2182 147 2235 et
169 2179 273 2243 crebra
294 2181 367 2239 ralis
390 2176 572 2259 impactione
594 2182 625 2240 in
647 2183 766 2259 rupium
783 2184 925 2260 parietes.
972 2180 1201 2254 Consequeuler
1224 2192 1293 2254 pro<

115 2281 264 2340 cessimus
280 2288 384 2342 eontra
407 2291 547 2344 montana
571 2290 601 2344 et
616 2286 648 2345 in
664 2285 737 2344 solis
754 2284 955 2345 declinatione
979 2281 1016 2342 ad
1037 2280 1155 2370 radices
1172 2277 1295 2356 Alpium

115 2398 212 2460 paene
234 2384 373 2443 venimus
395 2386 426 2444 iu
450 2387 602 2446 civitatem
625 2385 808 2458 Cunianum,
831 2387 992 2465 vulgariter
1014 2383 1172 2462 lluugiim‚
1197 2387 1228 2441 et
1251 2381 1295 2441 ibi

116 2493 316 2562 pernoctem
339 2490 514 2549 mansimus.
562 2488 730 2550 Cuuianum
754 2496 800 2549 est
823 2488 968 2568 oppidum
983 2504 1121 2566 parvum,
1145 2484 1200 2545 sed
1222 2502 1289 2544 mu·

116 2590 228 2659 nitum,
253 2586 428 2667 dependens
451 2592 488 2654 ad
512 2592 621 2654 clivum
645 2595 770 2665 montis;
798 2611 853 2672 per
875 2591 1125 2670 ejus‘oircuitum
1146 2595 1192 2650 tot
1215 2595 1295 2649 stant

118 2692 229 2763 olivae,
252 2694 331 2754 utin
346 2695 419 2755 silva
434 2695 571 2757 videatur
585 2703 680 2768 stare,
705 2704 735 2758 et
758 2699 789 2758 in
804 2696 870 2774 ejus
889 2697 1062 2757 summitate
1079 2701 1140 2756 stat
1155 2699 1295 2764 castrum,

118 2799 267 2877 habetque
289 2799 463 2862 suburbium
486 2800 583 2880 majus
607 2803 744 2873 civitate,
766 2804 797 2862 in
821 2819 880 2881 quo
903 2807 973 2862 sunt
996 2800 1137 2879 hospitia.

403 3084 454 3157 De
481 3083 623 3174 Alpium
650 3085 852 3173 longissimo
881 3088 1005 3158 tractu.

205 3302 298 3383 Alpes
321 3310 443 3365 montes
466 3312 550 3376 sunt,
574 3323 628 3367 seu
652 3324 739 3366 mons
761 3306 864 3366 multis
889 3312 920 3365 et
942 3305 1069 3371 excelsis
1093 3300 1298 3363 cacuminibus

119 3406 277 3469 distinctus
299 3408 330 3467 in
354 3405 520 3469 occidente.
535 3415 640 3470 contra
663 3407 819 3468 meridiem
844 3405 953 3468 tamen
968 3407 1130 3484 incipiens,
1155 3410 1185 3463 ct
1209 3400 1299 3478 louge

118 3529 174 3591 per
197 3508 343 3570 mundum
366 3508 554 3572 distenditur.
585 3512 710 3572 Diversa
727 3511 853 3571 sortitur
866 3510 1008 3580 uomina,
1032 3513 1063 3568 et
1086 3504 1167 3584 quod
1190 3505 1300 3564 mirum

119 3616 256 3687 videtur,
280 3630 378 3692 usquo
400 3615 431 3673 iu
448 3613 564 3675 lndiam
588 3633 621 3677 se
645 3612 788 3674 extendit.
820 3612 933 3674 Verum
956 3618 1056 3673 tamen
1071 3608 1166 3688 Alpes
1180 3613 1301 3669 nosirae

118 3741 178 3784 uon
202 3729 272 3784 suut
294 3723 352 3781 uisi
376 3717 526 3796 quoddam
557 3719 714 3781 brachium
735 3723 873 3778 attactu
900 3715 1022 3777 illorum
1042 3715 1215 3784 montium,
1249 3711 1315 3789 qui⁴

120 3831 164 3888 sic
180 3827 326 3889 mundum
341 3828 528 3888 circumeunt
545 3831 575 3885 et
590 3825 683 3885 maria
701 3819 976 3893 mediterraneum,
998 3819 1128 3881 Pontum
1144 3815 1300 3886 Euxinlim,

121 3931 264 4011 Caspium
287 3932 351 3992 sive
367 3928 529 3990 Hircanum
553 3934 584 3988 et
607 3926 745 3990 indicum
767 3925 939 3997 includunt,
963 3922 1043 3985 uude
1068 3928 1174 3983 catena
1196 3917 1301 3981 mundi

122 4032 238 4095 dicitur.
284 4031 472 4111 Ubicumque
495 4034 577 4092 enim
598 4031 708 4110 legeris
735 4028 773 4090 de
796 4028 938 4109 Riphaeis
961 4029 1115 4089 montibus
1139 4031 1170 4085 et
1184 4023 1301 4103 hyper·

121 4138 222 4198 boreis
243 4144 275 4201 et
297 4138 470 4223 Carpathio,
495 4135 615 4209 Tauri,
628 4134 755 4197 Caucasi
779 4141 810 4195 et
827 4133 949 4227 'Caspiis
972 4129 1144 4200 montibus,
1166 4127 1302 4206 intellige
