<?xml version="1.0" encoding="UTF-8"?>
<!DOCTYPE html PUBLIC "-//W3C//DTD XHTML 1.0 Transitional//EN"
    "http://www.w3.org/TR/xhtml1/DTD/xhtml1-transitional.dtd">
<html xmlns="http://www.w3.org/1999/xhtml" xml:lang="en" lang="en">
 <head>
  <title>
</title>
<meta http-equiv="Content-Type" content="text/html;charset=utf-8" />
  <meta name='ocr-system' content='tesseract 3.04.00' />
  <meta name='ocr-capabilities' content='ocr_page ocr_carea ocr_par ocr_line ocrx_word'/>
</head>
<body>
  <div class='ocr_page' id='page_1' title='image "./fratrisfelicisf00fabrgoog_0390.png"; bbox 0 0 2874 4770; ppageno 0'>
   <div class='ocr_carea' id='block_1_1' title="bbox 681 150 747 218">
    <p class='ocr_par' dir='ltr' id='par_1_1' title="bbox 681 150 747 218">
     <span class='ocr_line' id='line_1_1' title="bbox 681 150 747 218; baseline 0 0"><span class='ocrx_word' id='word_1_1' title='bbox 681 150 747 218; x_wconf 80' lang='grc'><strong>387</strong></span> 
     </span>
    </p>
   </div>
   <div class='ocr_carea' id='block_1_2' title="bbox 96 323 1382 4251">
    <p class='ocr_par' dir='ltr' id='par_1_2' title="bbox 126 323 1382 1853">
     <span class='ocr_line' id='line_1_2' title="bbox 130 323 1305 407; baseline -0.005 -17"><span class='ocrx_word' id='word_1_2' title='bbox 130 335 161 390; x_wconf 87' lang='lat' dir='ltr'><strong>ct</strong></span> <span class='ocrx_word' id='word_1_3' title='bbox 183 328 221 390; x_wconf 97' lang='lat' dir='ltr'><strong>ob</strong></span> <span class='ocrx_word' id='word_1_4' title='bbox 245 334 404 407; x_wconf 87' lang='lat' dir='ltr'><strong>superatos</strong></span> <span class='ocrx_word' id='word_1_5' title='bbox 425 326 543 388; x_wconf 91' lang='lat' dir='ltr'><strong>labores</strong></span> <span class='ocrx_word' id='word_1_6' title='bbox 566 331 597 386; x_wconf 89' lang='lat' dir='ltr'><strong>et</strong></span> <span class='ocrx_word' id='word_1_7' title='bbox 617 331 809 404; x_wconf 88' lang='lat' dir='ltr'><strong>transgressa</strong></span> <span class='ocrx_word' id='word_1_8' title='bbox 830 323 974 405; x_wconf 71' lang='lat' dir='ltr'><strong>pericula</strong></span> <span class='ocrx_word' id='word_1_9' title='bbox 1004 323 1032 385; x_wconf 92' lang='lat'>0</span> <span class='ocrx_word' id='word_1_10' title='bbox 1055 341 1145 403; x_wconf 83' lang='lat' dir='ltr'><strong>qnam</strong></span> <span class='ocrx_word' id='word_1_11' title='bbox 1166 330 1305 405; x_wconf 76' lang='lat' dir='ltr'><strong>praesto</strong></span> 
     </span>
     <span class='ocr_line' id='line_1_3' title="bbox 129 427 1304 508; baseline -0.003 -15"><span class='ocrx_word' id='word_1_12' title='bbox 129 433 264 493; x_wconf 82' lang='lat' dir='ltr'>labamur</span> <span class='ocrx_word' id='word_1_13' title='bbox 286 431 366 492; x_wconf 88' lang='lat' dir='ltr'><strong>diem</strong></span> <span class='ocrx_word' id='word_1_14' title='bbox 389 432 471 502; x_wconf 81' lang='lat' dir='ltr'><strong>fleri,</strong></span> <span class='ocrx_word' id='word_1_15' title='bbox 496 447 573 508; x_wconf 88' lang='lat' dir='ltr'><strong>quae</strong></span> <span class='ocrx_word' id='word_1_16' title='bbox 594 428 755 490; x_wconf 90' lang='lat' dir='ltr'><strong>benedicta</strong></span> <span class='ocrx_word' id='word_1_17' title='bbox 777 427 841 488; x_wconf 90' lang='lat' dir='ltr'><strong>dics</strong></span> <span class='ocrx_word' id='word_1_18' title='bbox 857 427 948 488; x_wconf 85' lang='lat' dir='ltr'><strong>linem</strong></span> <span class='ocrx_word' id='word_1_19' title='bbox 961 427 1069 489; x_wconf 81' lang='lat' dir='ltr'><strong>datura</strong></span> <span class='ocrx_word' id='word_1_20' title='bbox 1085 434 1148 490; x_wconf 88' lang='lat' dir='ltr'><strong>erat</strong></span> <span class='ocrx_word' id='word_1_21' title='bbox 1165 430 1304 490; x_wconf 88' lang='lat' dir='ltr'><strong>omnibus</strong></span> 
     </span>
     <span class='ocr_line' id='line_1_4' title="bbox 129 530 1307 612; baseline -0.002 -15"><span class='ocrx_word' id='word_1_22' title='bbox 129 539 220 597; x_wconf 86' lang='lat' dir='ltr'><strong>maris</strong></span> <span class='ocrx_word' id='word_1_23' title='bbox 244 534 505 604; x_wconf 87' lang='lat' dir='ltr'><strong>amaritudinibus,</strong></span> <span class='ocrx_word' id='word_1_24' title='bbox 530 533 676 602; x_wconf 90' lang='lat' dir='ltr'><strong>miseriis,</strong></span> <span class='ocrx_word' id='word_1_25' title='bbox 701 530 866 603; x_wconf 78' lang='lat' dir='ltr'><strong>laboribus,</strong></span> <span class='ocrx_word' id='word_1_26' title='bbox 890 533 1034 608; x_wconf 89' lang='lat' dir='ltr'><strong>augustiis</strong></span> <span class='ocrx_word' id='word_1_27' title='bbox 1055 539 1088 592; x_wconf 86' lang='lat' dir='ltr'><strong>et</strong></span> <span class='ocrx_word' id='word_1_28' title='bbox 1100 535 1251 612; x_wconf 87' lang='lat' dir='ltr'><strong>periculis,</strong></span> <span class='ocrx_word' id='word_1_29' title='bbox 1274 542 1307 596; x_wconf 88' lang='lat' dir='ltr'><strong>et</strong></span> 
     </span>
     <span class='ocr_line' id='line_1_5' title="bbox 130 633 1305 718; baseline 0 -18"><span class='ocrx_word' id='word_1_30' title='bbox 130 641 309 718; x_wconf 86' lang='lat' dir='ltr'><strong>praestitura</strong></span> <span class='ocrx_word' id='word_1_31' title='bbox 333 640 451 699; x_wconf 91' lang='lat' dir='ltr'><strong>initium</strong></span> <span class='ocrx_word' id='word_1_32' title='bbox 473 638 607 716; x_wconf 84' lang='lat' dir='ltr'>priorum</span> <span class='ocrx_word' id='word_1_33' title='bbox 634 633 895 705; x_wconf 67' lang='lat' dir='ltr'><strong>consolationum,</strong></span> <span class='ocrx_word' id='word_1_34' title='bbox 925 641 984 694; x_wconf 91' lang='lat' dir='ltr'><strong>etc.</strong></span> <span class='ocrx_word' id='word_1_35' title='bbox 1028 633 1131 714; x_wconf 87' lang='lat' dir='ltr'><strong>ltaque</strong></span> <span class='ocrx_word' id='word_1_36' title='bbox 1163 636 1228 698; x_wconf 77' lang='lat' dir='ltr'><strong>dies</strong></span> <span class='ocrx_word' id='word_1_37' title='bbox 1258 642 1305 700; x_wconf 89' lang='lat' dir='ltr'><strong>in·</strong></span> 
     </span>
     <span class='ocr_line' id='line_1_6' title="bbox 130 736 1305 822; baseline -0.001 -20"><span class='ocrx_word' id='word_1_38' title='bbox 130 746 259 822; x_wconf 81' lang='lat' dir='ltr'>crepuit,</span> <span class='ocrx_word' id='word_1_39' title='bbox 294 750 324 803; x_wconf 88' lang='lat' dir='ltr'><strong>ct</strong></span> <span class='ocrx_word' id='word_1_40' title='bbox 356 762 424 803; x_wconf 94' lang='lat' dir='ltr'><strong>oum</strong></span> <span class='ocrx_word' id='word_1_41' title='bbox 460 741 506 802; x_wconf 91' lang='lat' dir='ltr'><strong>sol</strong></span> <span class='ocrx_word' id='word_1_42' title='bbox 535 741 572 801; x_wconf 98' lang='lat' dir='ltr'><strong>ab</strong></span> <span class='ocrx_word' id='word_1_43' title='bbox 601 741 719 800; x_wconf 89' lang='lat' dir='ltr'><strong>oriente</strong></span> <span class='ocrx_word' id='word_1_44' title='bbox 743 741 894 816; x_wconf 86' lang='lat' dir='ltr'><strong>inciperet</strong></span> <span class='ocrx_word' id='word_1_45' title='bbox 921 736 1097 817; x_wconf 87' lang='lat' dir='ltr'><strong>splendere,</strong></span> <span class='ocrx_word' id='word_1_46' title='bbox 1129 741 1242 818; x_wconf 78' lang='lat' dir='ltr'><strong>incepit</strong></span> <span class='ocrx_word' id='word_1_47' title='bbox 1268 741 1305 801; x_wconf 78' lang='lat' dir='ltr'><strong>ob</strong></span> 
     </span>
     <span class='ocr_line' id='line_1_7' title="bbox 135 841 1308 915; baseline -0.001 -10"><span class='ocrx_word' id='word_1_48' title='bbox 135 846 294 906; x_wconf 90' lang='lat' dir='ltr'><strong>occidente</strong></span> <span class='ocrx_word' id='word_1_49' title='bbox 327 845 397 906; x_wconf 87' lang='lat' dir='ltr'><strong>urbs</strong></span> <span class='ocrx_word' id='word_1_50' title='bbox 431 846 539 906; x_wconf 87' lang='lat' dir='ltr'><strong>nobilis</strong></span> <span class='ocrx_word' id='word_1_51' title='bbox 563 844 729 904; x_wconf 75' lang='lat' dir='ltr'><strong>venetiano</strong></span> <span class='ocrx_word' id='word_1_52' title='bbox 753 843 892 914; x_wconf 89' lang='lat' dir='ltr'><strong>rutilare;</strong></span> <span class='ocrx_word' id='word_1_53' title='bbox 927 842 1004 902; x_wconf 91' lang='lat' dir='ltr'><strong>banc</strong></span> <span class='ocrx_word' id='word_1_54' title='bbox 1027 860 1096 903; x_wconf 92' lang='lat' dir='ltr'><strong>cnm</strong></span> <span class='ocrx_word' id='word_1_55' title='bbox 1118 841 1308 915; x_wconf 72' lang='lat' dir='ltr'>vidissemus,</span> 
     </span>
     <span class='ocr_line' id='line_1_8' title="bbox 130 945 1306 1027; baseline 0 -19"><span class='ocrx_word' id='word_1_56' title='bbox 130 956 260 1026; x_wconf 89' lang='lat' dir='ltr'><strong>quantus</strong></span> <span class='ocrx_word' id='word_1_57' title='bbox 284 948 399 1009; x_wconf 93' lang='lat' dir='ltr'><strong>clamor</strong></span> <span class='ocrx_word' id='word_1_58' title='bbox 422 948 537 1027; x_wconf 90' lang='lat' dir='ltr'><strong>gaudii,</strong></span> <span class='ocrx_word' id='word_1_59' title='bbox 570 955 679 1025; x_wconf 93' lang='lat' dir='ltr'><strong>quanta</strong></span> <span class='ocrx_word' id='word_1_60' title='bbox 703 947 817 1007; x_wconf 90' lang='lat' dir='ltr'><strong>laetitia</strong></span> <span class='ocrx_word' id='word_1_61' title='bbox 839 947 972 1006; x_wconf 91' lang='lat' dir='ltr'><strong>omnium</strong></span> <span class='ocrx_word' id='word_1_62' title='bbox 999 945 1103 1016; x_wconf 84' lang='lat' dir='ltr'><strong>luerit,</strong></span> <span class='ocrx_word' id='word_1_63' title='bbox 1134 964 1196 1007; x_wconf 91' lang='lat' dir='ltr'><strong>non</strong></span> <span class='ocrx_word' id='word_1_64' title='bbox 1218 947 1306 1008; x_wconf 82' lang='lat' dir='ltr'><strong>tacile</strong></span> 
     </span>
     <span class='ocr_line' id='line_1_9' title="bbox 127 1051 1307 1129; baseline -0.001 -16"><span class='ocrx_word' id='word_1_65' title='bbox 127 1052 260 1114; x_wconf 79' lang='lat' dir='ltr'><strong>dixerim.</strong></span> <span class='ocrx_word' id='word_1_66' title='bbox 312 1051 358 1112; x_wconf 81' lang='lat' dir='ltr'><strong>tu</strong></span> <span class='ocrx_word' id='word_1_67' title='bbox 392 1052 450 1112; x_wconf 91' lang='lat' dir='ltr'><strong>boc</strong></span> <span class='ocrx_word' id='word_1_68' title='bbox 483 1051 620 1129; x_wconf 89' lang='lat' dir='ltr'><strong>galeotae</strong></span> <span class='ocrx_word' id='word_1_69' title='bbox 654 1053 718 1111; x_wconf 89' lang='lat' dir='ltr'><strong>visa</strong></span> <span class='ocrx_word' id='word_1_70' title='bbox 741 1053 861 1110; x_wconf 92' lang='lat' dir='ltr'><strong>civitate</strong></span> <span class='ocrx_word' id='word_1_71' title='bbox 894 1068 1010 1129; x_wconf 91' lang='lat' dir='ltr'><strong>pannos</strong></span> <span class='ocrx_word' id='word_1_72' title='bbox 1039 1052 1169 1122; x_wconf 89' lang='lat' dir='ltr'><strong>scissos,</strong></span> <span class='ocrx_word' id='word_1_73' title='bbox 1201 1068 1307 1112; x_wconf 87' lang='lat' dir='ltr'><strong>saccos</strong></span> 
     </span>
     <span class='ocr_line' id='line_1_10' title="bbox 128 1153 1308 1234; baseline 0 -17"><span class='ocrx_word' id='word_1_74' title='bbox 128 1163 159 1217; x_wconf 90' lang='lat' dir='ltr'><strong>ct</strong></span> <span class='ocrx_word' id='word_1_75' title='bbox 180 1163 283 1234; x_wconf 91' lang='lat' dir='ltr'><strong>ruptas</strong></span> <span class='ocrx_word' id='word_1_76' title='bbox 306 1165 423 1228; x_wconf 88' lang='lat' dir='ltr'><strong>vestes,</strong></span> <span class='ocrx_word' id='word_1_77' title='bbox 456 1155 563 1233; x_wconf 88' lang='lat' dir='ltr'><strong>quibus</strong></span> <span class='ocrx_word' id='word_1_78' title='bbox 587 1158 617 1219; x_wconf 89' lang='lat' dir='ltr'><strong>ivr</strong></span> <span class='ocrx_word' id='word_1_79' title='bbox 641 1157 716 1215; x_wconf 89' lang='lat' dir='ltr'><strong>mari</strong></span> <span class='ocrx_word' id='word_1_80' title='bbox 745 1153 990 1225; x_wconf 79' lang='lat' dir='ltr'><strong>involvebantur,</strong></span> <span class='ocrx_word' id='word_1_81' title='bbox 1025 1155 1182 1214; x_wconf 88' lang='lat' dir='ltr'><strong>elevabant</strong></span> <span class='ocrx_word' id='word_1_82' title='bbox 1213 1164 1244 1214; x_wconf 88' lang='lat' dir='ltr'><strong>et</strong></span> <span class='ocrx_word' id='word_1_83' title='bbox 1277 1158 1308 1218; x_wconf 91' lang='lat' dir='ltr'><strong>in</strong></span> 
     </span>
     <span class='ocr_line' id='line_1_11' title="bbox 127 1243 1382 1346; baseline 0.001 -26"><span class='ocrx_word' id='word_1_84' title='bbox 127 1278 210 1321; x_wconf 89' lang='lat' dir='ltr'><strong>mare</strong></span> <span class='ocrx_word' id='word_1_85' title='bbox 233 1258 431 1338; x_wconf 83' lang='lat' dir='ltr'><strong>projiciebant</strong></span> <span class='ocrx_word' id='word_1_86' title='bbox 447 1277 515 1318; x_wconf 91' lang='lat' dir='ltr'><strong>cum</strong></span> <span class='ocrx_word' id='word_1_87' title='bbox 533 1257 665 1319; x_wconf 90' lang='lat' dir='ltr'><strong>clamore</strong></span> <span class='ocrx_word' id='word_1_88' title='bbox 687 1265 719 1346; x_wconf 79' lang='lat' dir='ltr'><strong>et</strong></span> <span class='ocrx_word' id='word_1_89' title='bbox 741 1266 848 1330; x_wconf 89' lang='lat' dir='ltr'><strong>cantu,</strong></span> <span class='ocrx_word' id='word_1_90' title='bbox 872 1267 903 1318; x_wconf 91' lang='lat' dir='ltr'><strong>et</strong></span> <span class='ocrx_word' id='word_1_91' title='bbox 918 1260 1019 1318; x_wconf 91' lang='lat' dir='ltr'><strong>omnia</strong></span> <span class='ocrx_word' id='word_1_92' title='bbox 1042 1265 1161 1319; x_wconf 88' lang='lat' dir='ltr'><strong>vetusta</strong></span> <span class='ocrx_word' id='word_1_93' title='bbox 1184 1268 1215 1320; x_wconf 87' lang='lat' dir='ltr'><strong>et</strong></span> <span class='ocrx_word' id='word_1_94' title='bbox 1239 1262 1307 1321; x_wconf 92' lang='lat' dir='ltr'><strong>iun·</strong></span> <span class='ocrx_word' id='word_1_95' title='bbox 1378 1243 1382 1247; x_wconf 39' lang='lat'>¹</span> 
     </span>
     <span class='ocr_line' id='line_1_12' title="bbox 126 1361 1305 1442; baseline 0 -18"><span class='ocrx_word' id='word_1_96' title='bbox 126 1365 189 1424; x_wconf 90' lang='lat' dir='ltr'><strong>tilia</strong></span> <span class='ocrx_word' id='word_1_97' title='bbox 211 1365 263 1424; x_wconf 90' lang='lat' dir='ltr'><strong>tali</strong></span> <span class='ocrx_word' id='word_1_98' title='bbox 287 1363 469 1425; x_wconf 85' lang='lat' dir='ltr'><strong>solennitate</strong></span> <span class='ocrx_word' id='word_1_99' title='bbox 493 1362 699 1439; x_wconf 84' lang='lat' dir='ltr'><strong>ejiciebantur.</strong></span> <span class='ocrx_word' id='word_1_100' title='bbox 745 1361 872 1440; x_wconf 90' lang='lat' dir='ltr'><strong>lnsuper</strong></span> <span class='ocrx_word' id='word_1_101' title='bbox 902 1363 982 1422; x_wconf 91' lang='lat' dir='ltr'><strong>servi</strong></span> <span class='ocrx_word' id='word_1_102' title='bbox 1013 1370 1207 1440; x_wconf 88' lang='lat' dir='ltr'><strong>patronomm</strong></span> <span class='ocrx_word' id='word_1_103' title='bbox 1236 1380 1305 1442; x_wconf 91' lang='lat' dir='ltr'><strong>pro·</strong></span> 
     </span>
     <span class='ocr_line' id='line_1_13' title="bbox 127 1467 1307 1546; baseline 0 -18"><span class='ocrx_word' id='word_1_104' title='bbox 127 1467 226 1530; x_wconf 91' lang='lat' dir='ltr'><strong>ductis</strong></span> <span class='ocrx_word' id='word_1_105' title='bbox 255 1468 387 1539; x_wconf 80' lang='lat' dir='ltr'><strong>vexillis,</strong></span> <span class='ocrx_word' id='word_1_106' title='bbox 417 1469 537 1546; x_wconf 88' lang='lat' dir='ltr'><strong>tapetiis</strong></span> <span class='ocrx_word' id='word_1_107' title='bbox 571 1473 601 1526; x_wconf 88' lang='lat' dir='ltr'><strong>ct</strong></span> <span class='ocrx_word' id='word_1_108' title='bbox 623 1467 706 1545; x_wconf 91' lang='lat' dir='ltr'><strong>omni</strong></span> <span class='ocrx_word' id='word_1_109' title='bbox 740 1474 847 1526; x_wconf 92' lang='lat' dir='ltr'><strong>ornatu</strong></span> <span class='ocrx_word' id='word_1_110' title='bbox 869 1468 990 1527; x_wconf 91' lang='lat' dir='ltr'><strong>navium</strong></span> <span class='ocrx_word' id='word_1_111' title='bbox 1013 1467 1143 1527; x_wconf 88' lang='lat' dir='ltr'><strong>classem</strong></span> <span class='ocrx_word' id='word_1_112' title='bbox 1167 1468 1307 1546; x_wconf 83' lang='lat' dir='ltr'><strong>regaliter</strong></span> 
     </span>
     <span class='ocr_line' id='line_1_14' title="bbox 129 1569 1307 1642; baseline 0.003 -13"><span class='ocrx_word' id='word_1_113' title='bbox 129 1579 326 1642; x_wconf 90' lang='lat' dir='ltr'><strong>ornaverunt,</strong></span> <span class='ocrx_word' id='word_1_114' title='bbox 361 1579 392 1632; x_wconf 87' lang='lat' dir='ltr'><strong>ct</strong></span> <span class='ocrx_word' id='word_1_115' title='bbox 415 1575 455 1632; x_wconf 89' lang='lat' dir='ltr'><strong>ita</strong></span> <span class='ocrx_word' id='word_1_116' title='bbox 478 1577 582 1631; x_wconf 88' lang='lat' dir='ltr'><strong>omata</strong></span> <span class='ocrx_word' id='word_1_117' title='bbox 606 1569 704 1631; x_wconf 86' lang='lat' dir='ltr'><strong>classe</strong></span> <span class='ocrx_word' id='word_1_118' title='bbox 727 1569 844 1630; x_wconf 86' lang='lat' dir='ltr'><strong>vexillis</strong></span> <span class='ocrx_word' id='word_1_119' title='bbox 879 1578 910 1629; x_wconf 91' lang='lat' dir='ltr'><strong>et</strong></span> <span class='ocrx_word' id='word_1_120' title='bbox 932 1570 1006 1630; x_wconf 88' lang='lat' dir='ltr'><strong>velis</strong></span> <span class='ocrx_word' id='word_1_121' title='bbox 1038 1580 1142 1632; x_wconf 89' lang='lat' dir='ltr'><strong>contra</strong></span> <span class='ocrx_word' id='word_1_122' title='bbox 1165 1571 1307 1632; x_wconf 80' lang='lat' dir='ltr'><strong>Venetias</strong></span> 
     </span>
     <span class='ocr_line' id='line_1_15' title="bbox 129 1659 1305 1752; baseline 0.004 -19"><span class='ocrx_word' id='word_1_123' title='bbox 129 1692 184 1752; x_wconf 92' lang='lat' dir='ltr'><strong>per</strong></span> <span class='ocrx_word' id='word_1_124' title='bbox 207 1675 277 1733; x_wconf 74' lang='lat' dir='ltr'><strong>adra</strong></span> <span class='ocrx_word' id='word_1_125' title='bbox 300 1674 461 1735; x_wconf 84' lang='lat' dir='ltr'><strong>volitantes</strong></span> <span class='ocrx_word' id='word_1_126' title='bbox 485 1676 698 1752; x_wconf 85' lang='lat' dir='ltr'><strong>processimus.</strong></span> <span class='ocrx_word' id='word_1_127' title='bbox 746 1659 984 1734; x_wconf 85' lang='lat' dir='ltr'><strong>Pulcherrimum</strong></span> <span class='ocrx_word' id='word_1_128' title='bbox 1006 1682 1070 1734; x_wconf 91' lang='lat' dir='ltr'><strong>erat</strong></span> <span class='ocrx_word' id='word_1_129' title='bbox 1093 1675 1196 1736; x_wconf 89' lang='lat' dir='ltr'><strong>videre</strong></span> <span class='ocrx_word' id='word_1_130' title='bbox 1219 1695 1305 1738; x_wconf 87' lang='lat' dir='ltr'><strong>orna·</strong></span> 
     </span>
     <span class='ocr_line' id='line_1_16' title="bbox 129 1776 758 1853; baseline -0.002 -17"><span class='ocrx_word' id='word_1_131' title='bbox 129 1785 191 1837; x_wconf 91' lang='lat' dir='ltr'><strong>tam</strong></span> <span class='ocrx_word' id='word_1_132' title='bbox 215 1778 344 1838; x_wconf 87' lang='lat' dir='ltr'><strong>classem</strong></span> <span class='ocrx_word' id='word_1_133' title='bbox 367 1779 463 1837; x_wconf 90' lang='lat' dir='ltr'><strong>sicin</strong></span> <span class='ocrx_word' id='word_1_134' title='bbox 483 1776 579 1853; x_wconf 91' lang='lat' dir='ltr'><strong>jubilo</strong></span> <span class='ocrx_word' id='word_1_135' title='bbox 609 1777 758 1838; x_wconf 90' lang='lat' dir='ltr'><strong>advolare.</strong></span> 
     </span>
    </p>

    <p class='ocr_par' dir='ltr' id='par_1_3' title="bbox 96 1881 1305 4251">
     <span class='ocr_line' id='line_1_17' title="bbox 214 1881 1305 1965; baseline 0.005 -23"><span class='ocrx_word' id='word_1_136' title='bbox 214 1881 321 1952; x_wconf 88' lang='lat' dir='ltr'><strong>Porro,</strong></span> <span class='ocrx_word' id='word_1_137' title='bbox 346 1890 506 1960; x_wconf 90' lang='lat' dir='ltr'><strong>antequam</strong></span> <span class='ocrx_word' id='word_1_138' title='bbox 529 1900 584 1942; x_wconf 88' lang='lat' dir='ltr'><strong>nos</strong></span> <span class='ocrx_word' id='word_1_139' title='bbox 608 1881 780 1941; x_wconf 88' lang='lat' dir='ltr'><strong>videremus</strong></span> <span class='ocrx_word' id='word_1_140' title='bbox 800 1881 958 1952; x_wconf 68' lang='lat' dir='ltr'><strong>venetias,</strong></span> <span class='ocrx_word' id='word_1_141' title='bbox 983 1884 1039 1941; x_wconf 91' lang='lat' dir='ltr'><strong>visi</strong></span> <span class='ocrx_word' id='word_1_142' title='bbox 1063 1882 1173 1944; x_wconf 80' lang='lat' dir='ltr'><strong>fuimns</strong></span> <span class='ocrx_word' id='word_1_143' title='bbox 1196 1903 1213 1945; x_wconf 89' lang='lat' dir='ltr'><strong>a</strong></span> <span class='ocrx_word' id='word_1_144' title='bbox 1235 1904 1305 1965; x_wconf 87' lang='lat' dir='ltr'><strong>spe·</strong></span> 
     </span>
     <span class='ocr_line' id='line_1_18' title="bbox 128 1983 1304 2064; baseline 0.003 -18"><span class='ocrx_word' id='word_1_145' title='bbox 128 1987 312 2048; x_wconf 90' lang='lat' dir='ltr'><strong>culatoribus</strong></span> <span class='ocrx_word' id='word_1_146' title='bbox 335 1987 425 2046; x_wconf 90' lang='lat' dir='ltr'><strong>turris</strong></span> <span class='ocrx_word' id='word_1_147' title='bbox 449 1986 480 2045; x_wconf 89' lang='lat' dir='ltr'><strong>S.</strong></span> <span class='ocrx_word' id='word_1_148' title='bbox 496 1983 607 2055; x_wconf 87' lang='lat' dir='ltr'><strong>Marci,</strong></span> <span class='ocrx_word' id='word_1_149' title='bbox 632 1987 684 2063; x_wconf 89' lang='lat' dir='ltr'><strong>qui</strong></span> <span class='ocrx_word' id='word_1_150' title='bbox 707 1993 864 2045; x_wconf 91' lang='lat' dir='ltr'><strong>curreutes</strong></span> <span class='ocrx_word' id='word_1_151' title='bbox 887 1987 1014 2064; x_wconf 83' lang='lat' dir='ltr'><strong>arreptis</strong></span> <span class='ocrx_word' id='word_1_152' title='bbox 1039 1984 1140 2064; x_wconf 72' lang='lat'><strong>(207</strong></span> <span class='ocrx_word' id='word_1_153' title='bbox 1155 1986 1199 2064; x_wconf 72' lang='lat' dir='ltr'><strong>a)</strong></span> <span class='ocrx_word' id='word_1_154' title='bbox 1223 2007 1304 2049; x_wconf 90' lang='lat' dir='ltr'><strong>cam-</strong></span> 
     </span>
     <span class='ocr_line' id='line_1_19' title="bbox 127 2089 1303 2170; baseline 0.002 -20"><span class='ocrx_word' id='word_1_155' title='bbox 127 2107 271 2170; x_wconf 88' lang='lat' dir='ltr'><strong>panarum</strong></span> <span class='ocrx_word' id='word_1_156' title='bbox 296 2089 417 2150; x_wconf 91' lang='lat' dir='ltr'><strong>chordis</strong></span> <span class='ocrx_word' id='word_1_157' title='bbox 441 2090 561 2169; x_wconf 87' lang='lat' dir='ltr'><strong>pulsare</strong></span> <span class='ocrx_word' id='word_1_158' title='bbox 585 2106 691 2149; x_wconf 89' lang='lat' dir='ltr'><strong>omnes</strong></span> <span class='ocrx_word' id='word_1_159' title='bbox 716 2105 878 2166; x_wconf 87' lang='lat' dir='ltr'><strong>campanas</strong></span> <span class='ocrx_word' id='word_1_160' title='bbox 900 2098 1076 2166; x_wconf 87' lang='lat' dir='ltr'><strong>coeperunt.</strong></span> <span class='ocrx_word' id='word_1_161' title='bbox 1113 2090 1178 2150; x_wconf 91' lang='lat' dir='ltr'><strong>lloc</strong></span> <span class='ocrx_word' id='word_1_162' title='bbox 1202 2093 1303 2153; x_wconf 90' lang='lat' dir='ltr'><strong>audito</strong></span> 
     </span>
     <span class='ocr_line' id='line_1_20' title="bbox 126 2192 1304 2273; baseline 0.003 -19"><span class='ocrx_word' id='word_1_163' title='bbox 126 2194 157 2256; x_wconf 93' lang='lat' dir='ltr'><strong>id</strong></span> <span class='ocrx_word' id='word_1_164' title='bbox 179 2197 278 2273; x_wconf 92' lang='lat' dir='ltr'><strong>ipsum</strong></span> <span class='ocrx_word' id='word_1_165' title='bbox 301 2194 391 2254; x_wconf 87' lang='lat' dir='ltr'><strong>tiebat</strong></span> <span class='ocrx_word' id='word_1_166' title='bbox 412 2196 443 2252; x_wconf 92' lang='lat' dir='ltr'><strong>in</strong></span> <span class='ocrx_word' id='word_1_167' title='bbox 467 2194 605 2254; x_wconf 90' lang='lat' dir='ltr'><strong>omnibus</strong></span> <span class='ocrx_word' id='word_1_168' title='bbox 630 2193 761 2252; x_wconf 90' lang='lat' dir='ltr'><strong>turribus</strong></span> <span class='ocrx_word' id='word_1_169' title='bbox 784 2199 815 2251; x_wconf 88' lang='lat' dir='ltr'><strong>ct</strong></span> <span class='ocrx_word' id='word_1_170' title='bbox 831 2192 1047 2269; x_wconf 86' lang='lat' dir='ltr'><strong>campanilibus</strong></span> <span class='ocrx_word' id='word_1_171' title='bbox 1064 2211 1118 2272; x_wconf 87' lang='lat' dir='ltr'><strong>per</strong></span> <span class='ocrx_word' id='word_1_172' title='bbox 1133 2197 1304 2258; x_wconf 87' lang='lat' dir='ltr'><strong>universam</strong></span> 
     </span>
     <span class='ocr_line' id='line_1_21' title="bbox 128 2295 1303 2367; baseline 0.004 -11"><span class='ocrx_word' id='word_1_173' title='bbox 128 2297 232 2357; x_wconf 91' lang='lat' dir='ltr'><strong>urbem</strong></span> <span class='ocrx_word' id='word_1_174' title='bbox 248 2298 465 2367; x_wconf 89' lang='lat' dir='ltr'><strong>Venetiaoam;</strong></span> <span class='ocrx_word' id='word_1_175' title='bbox 491 2298 535 2356; x_wconf 93' lang='lat' dir='ltr'><strong>sic</strong></span> <span class='ocrx_word' id='word_1_176' title='bbox 552 2298 633 2356; x_wconf 90' lang='lat' dir='ltr'><strong>enim</strong></span> <span class='ocrx_word' id='word_1_177' title='bbox 655 2295 779 2356; x_wconf 89' lang='lat' dir='ltr'><strong>solitum</strong></span> <span class='ocrx_word' id='word_1_178' title='bbox 803 2303 851 2356; x_wconf 86' lang='lat' dir='ltr'><strong>est</strong></span> <span class='ocrx_word' id='word_1_179' title='bbox 872 2296 937 2356; x_wconf 90' lang='lat' dir='ltr'><strong>tievi</strong></span> <span class='ocrx_word' id='word_1_180' title='bbox 961 2298 991 2358; x_wconf 91' lang='lat' dir='ltr'><strong>in</strong></span> <span class='ocrx_word' id='word_1_181' title='bbox 1007 2296 1134 2358; x_wconf 90' lang='lat' dir='ltr'><strong>adventu</strong></span> <span class='ocrx_word' id='word_1_182' title='bbox 1151 2298 1303 2361; x_wconf 89' lang='lat' dir='ltr'><strong>classium.</strong></span> 
     </span>
     <span class='ocr_line' id='line_1_22' title="bbox 96 2399 1305 2482; baseline 0.003 -22"><span class='ocrx_word' id='word_1_183' title='bbox 96 2430 98 2438; x_wconf 94' lang='lat'>·</span> <span class='ocrx_word' id='word_1_184' title='bbox 127 2399 166 2460; x_wconf 90' lang='lat' dir='ltr'><strong>Ut</strong></span> <span class='ocrx_word' id='word_1_185' title='bbox 189 2409 290 2462; x_wconf 89' lang='lat' dir='ltr'><strong>autem</strong></span> <span class='ocrx_word' id='word_1_186' title='bbox 312 2402 499 2468; x_wconf 87' lang='lat' dir='ltr'><strong>intellectum</strong></span> <span class='ocrx_word' id='word_1_187' title='bbox 521 2400 577 2460; x_wconf 84' lang='lat' dir='ltr'><strong>tuit</strong></span> <span class='ocrx_word' id='word_1_188' title='bbox 601 2402 776 2479; x_wconf 77' lang='lat' dir='ltr'><strong>mysterium</strong></span> <span class='ocrx_word' id='word_1_189' title='bbox 799 2400 920 2479; x_wconf 92' lang='lat' dir='ltr'><strong>pulsus,</strong></span> <span class='ocrx_word' id='word_1_190' title='bbox 943 2419 1059 2474; x_wconf 89' lang='lat' dir='ltr'><strong>omnes,</strong></span> <span class='ocrx_word' id='word_1_191' title='bbox 1082 2405 1132 2482; x_wconf 90' lang='lat' dir='ltr'><strong>qui</strong></span> <span class='ocrx_word' id='word_1_192' title='bbox 1155 2405 1305 2466; x_wconf 87' lang='lat' dir='ltr'><strong>habebant</strong></span> 
     </span>
     <span class='ocr_line' id='line_1_23' title="bbox 128 2504 1304 2588; baseline 0.005 -23"><span class='ocrx_word' id='word_1_193' title='bbox 128 2507 241 2565; x_wconf 92' lang='lat' dir='ltr'><strong>amicos</strong></span> <span class='ocrx_word' id='word_1_194' title='bbox 264 2507 294 2564; x_wconf 91' lang='lat' dir='ltr'><strong>iu</strong></span> <span class='ocrx_word' id='word_1_195' title='bbox 318 2507 415 2565; x_wconf 86' lang='lat' dir='ltr'><strong>classe</strong></span> <span class='ocrx_word' id='word_1_196' title='bbox 438 2512 468 2564; x_wconf 89' lang='lat' dir='ltr'><strong>et</strong></span> <span class='ocrx_word' id='word_1_197' title='bbox 492 2522 542 2564; x_wconf 91' lang='lat' dir='ltr'><strong>res</strong></span> <span class='ocrx_word' id='word_1_198' title='bbox 566 2522 653 2576; x_wconf 89' lang='lat' dir='ltr'><strong>snas,</strong></span> <span class='ocrx_word' id='word_1_199' title='bbox 686 2504 793 2582; x_wconf 90' lang='lat' dir='ltr'><strong>cupidi.</strong></span> <span class='ocrx_word' id='word_1_200' title='bbox 810 2504 931 2566; x_wconf 84' lang='lat' dir='ltr'><strong>luerunt</strong></span> <span class='ocrx_word' id='word_1_201' title='bbox 954 2508 1057 2569; x_wconf 86' lang='lat' dir='ltr'><strong>audire</strong></span> <span class='ocrx_word' id='word_1_202' title='bbox 1080 2527 1174 2581; x_wconf 87' lang='lat' dir='ltr'><strong>nova,</strong></span> <span class='ocrx_word' id='word_1_203' title='bbox 1198 2513 1304 2588; x_wconf 89' lang='lat' dir='ltr'><strong>etqui</strong></span> 
     </span>
     <span class='ocr_line' id='line_1_24' title="bbox 127 2608 1302 2689; baseline 0.004 -19"><span class='ocrx_word' id='word_1_204' title='bbox 127 2611 271 2670; x_wconf 83' lang='lat' dir='ltr'><strong>volebant</strong></span> <span class='ocrx_word' id='word_1_205' title='bbox 289 2610 398 2670; x_wconf 85' lang='lat' dir='ltr'><strong>lucrari</strong></span> <span class='ocrx_word' id='word_1_206' title='bbox 421 2609 565 2688; x_wconf 91' lang='lat' dir='ltr'><strong>pecunias</strong></span> <span class='ocrx_word' id='word_1_207' title='bbox 589 2610 620 2668; x_wconf 91' lang='lat' dir='ltr'><strong>in</strong></span> <span class='ocrx_word' id='word_1_208' title='bbox 644 2608 782 2668; x_wconf 91' lang='lat' dir='ltr'><strong>ducendo</strong></span> <span class='ocrx_word' id='word_1_209' title='bbox 803 2609 956 2678; x_wconf 87' lang='lat' dir='ltr'><strong>homines,</strong></span> <span class='ocrx_word' id='word_1_210' title='bbox 979 2617 1010 2670; x_wconf 87' lang='lat' dir='ltr'><strong>et</strong></span> <span class='ocrx_word' id='word_1_211' title='bbox 1033 2615 1084 2689; x_wconf 88' lang='lat' dir='ltr'><strong>qui</strong></span> <span class='ocrx_word' id='word_1_212' title='bbox 1099 2612 1197 2674; x_wconf 86' lang='lat' dir='ltr'><strong>olticia</strong></span> <span class='ocrx_word' id='word_1_213' title='bbox 1211 2614 1302 2675; x_wconf 90' lang='lat' dir='ltr'><strong>habe·</strong></span> 
     </span>
     <span class='ocr_line' id='line_1_25' title="bbox 126 2712 1302 2791; baseline 0.004 -17"><span class='ocrx_word' id='word_1_214' title='bbox 126 2715 196 2774; x_wconf 84' lang='lat' dir='ltr'><strong>bant</strong></span> <span class='ocrx_word' id='word_1_215' title='bbox 220 2716 250 2773; x_wconf 92' lang='lat' dir='ltr'><strong>in</strong></span> <span class='ocrx_word' id='word_1_216' title='bbox 275 2712 446 2791; x_wconf 91' lang='lat' dir='ltr'><strong>colligendo</strong></span> <span class='ocrx_word' id='word_1_217' title='bbox 470 2712 592 2772; x_wconf 88' lang='lat' dir='ltr'><strong>teloneo</strong></span> <span class='ocrx_word' id='word_1_218' title='bbox 615 2713 647 2771; x_wconf 92' lang='lat' dir='ltr'><strong>ln</strong></span> <span class='ocrx_word' id='word_1_219' title='bbox 670 2713 808 2784; x_wconf 87' lang='lat' dir='ltr'><strong>civitate,</strong></span> <span class='ocrx_word' id='word_1_220' title='bbox 843 2712 880 2774; x_wconf 87' lang='lat' dir='ltr'><strong>ad</strong></span> <span class='ocrx_word' id='word_1_221' title='bbox 902 2731 985 2774; x_wconf 88' lang='lat' dir='ltr'><strong>mare</strong></span> <span class='ocrx_word' id='word_1_222' title='bbox 1010 2717 1169 2777; x_wconf 87' lang='lat' dir='ltr'><strong>currebant</strong></span> <span class='ocrx_word' id='word_1_223' title='bbox 1200 2725 1232 2779; x_wconf 90' lang='lat' dir='ltr'><strong>et</strong></span> <span class='ocrx_word' id='word_1_224' title='bbox 1254 2737 1302 2778; x_wconf 84' lang='lat' dir='ltr'><strong>as·</strong></span> 
     </span>
     <span class='ocr_line' id='line_1_26' title="bbox 128 2816 1303 2883; baseline 0.004 -5"><span class='ocrx_word' id='word_1_225' title='bbox 128 2820 228 2878; x_wconf 86' lang='lat' dir='ltr'><strong>censis</strong></span> <span class='ocrx_word' id='word_1_226' title='bbox 253 2818 377 2878; x_wconf 89' lang='lat' dir='ltr'><strong>navibus</strong></span> <span class='ocrx_word' id='word_1_227' title='bbox 402 2824 431 2876; x_wconf 90' lang='lat' dir='ltr'><strong>et</strong></span> <span class='ocrx_word' id='word_1_228' title='bbox 454 2817 553 2876; x_wconf 90' lang='lat' dir='ltr'><strong>barcis</strong></span> <span class='ocrx_word' id='word_1_229' title='bbox 577 2817 662 2876; x_wconf 89' lang='lat' dir='ltr'><strong>uobis</strong></span> <span class='ocrx_word' id='word_1_230' title='bbox 686 2818 803 2878; x_wconf 90' lang='lat' dir='ltr'><strong>obviam</strong></span> <span class='ocrx_word' id='word_1_231' title='bbox 826 2816 1007 2880; x_wconf 80' lang='lat' dir='ltr'><strong>festinabant</strong></span> <span class='ocrx_word' id='word_1_232' title='bbox 1032 2823 1135 2882; x_wconf 89' lang='lat' dir='ltr'><strong>venire</strong></span> <span class='ocrx_word' id='word_1_233' title='bbox 1165 2829 1196 2882; x_wconf 88' lang='lat' dir='ltr'><strong>et</strong></span> <span class='ocrx_word' id='word_1_234' title='bbox 1219 2830 1303 2883; x_wconf 87' lang='lat' dir='ltr'><strong>antc-</strong></span> 
     </span>
     <span class='ocr_line' id='line_1_27' title="bbox 125 2921 1303 3001; baseline 0.002 -17"><span class='ocrx_word' id='word_1_235' title='bbox 125 2939 215 2999; x_wconf 88' lang='lat' dir='ltr'><strong>quam</strong></span> <span class='ocrx_word' id='word_1_236' title='bbox 239 2922 276 2983; x_wconf 92' lang='lat' dir='ltr'><strong>ad</strong></span> <span class='ocrx_word' id='word_1_237' title='bbox 299 2928 420 3001; x_wconf 87' lang='lat' dir='ltr'><strong>portum</strong></span> <span class='ocrx_word' id='word_1_238' title='bbox 442 2921 648 2991; x_wconf 89' lang='lat' dir='ltr'><strong>venissemus,</strong></span> <span class='ocrx_word' id='word_1_239' title='bbox 671 2921 765 2981; x_wconf 88' lang='lat' dir='ltr'><strong>multa</strong></span> <span class='ocrx_word' id='word_1_240' title='bbox 780 2922 871 2982; x_wconf 87' lang='lat' dir='ltr'><strong>millia</strong></span> <span class='ocrx_word' id='word_1_241' title='bbox 894 2923 1098 2985; x_wconf 89' lang='lat' dir='ltr'><strong>navicularum</strong></span> <span class='ocrx_word' id='word_1_242' title='bbox 1120 2924 1160 2985; x_wconf 89' lang='lat' dir='ltr'><strong>dc</strong></span> <span class='ocrx_word' id='word_1_243' title='bbox 1182 2928 1303 2987; x_wconf 86' lang='lat' dir='ltr'><strong>civitate</strong></span> 
     </span>
     <span class='ocr_line' id='line_1_28' title="bbox 124 3025 1302 3107; baseline 0.005 -23"><span class='ocrx_word' id='word_1_244' title='bbox 124 3027 154 3084; x_wconf 91' lang='lat' dir='ltr'><strong>in</strong></span> <span class='ocrx_word' id='word_1_245' title='bbox 178 3026 309 3086; x_wconf 90' lang='lat' dir='ltr'><strong>classem</strong></span> <span class='ocrx_word' id='word_1_246' title='bbox 332 3029 493 3093; x_wconf 87' lang='lat' dir='ltr'><strong>venerunt,</strong></span> <span class='ocrx_word' id='word_1_247' title='bbox 518 3025 809 3102; x_wconf 87' lang='lat' dir='ltr'><strong>circumnavigantcs</strong></span> <span class='ocrx_word' id='word_1_248' title='bbox 832 3033 863 3086; x_wconf 92' lang='lat' dir='ltr'><strong>et</strong></span> <span class='ocrx_word' id='word_1_249' title='bbox 886 3043 936 3086; x_wconf 87' lang='lat' dir='ltr'><strong>res</strong></span> <span class='ocrx_word' id='word_1_250' title='bbox 957 3044 1029 3087; x_wconf 88' lang='lat' dir='ltr'><strong>snas</strong></span> <span class='ocrx_word' id='word_1_251' title='bbox 1045 3036 1179 3107; x_wconf 89' lang='lat' dir='ltr'><strong>agentes.</strong></span> <span class='ocrx_word' id='word_1_252' title='bbox 1226 3029 1302 3090; x_wconf 89' lang='lat' dir='ltr'><strong>Cum</strong></span> 
     </span>
     <span class='ocr_line' id='line_1_29' title="bbox 125 3125 1302 3206; baseline 0.005 -18"><span class='ocrx_word' id='word_1_253' title='bbox 125 3135 226 3188; x_wconf 87' lang='lat' dir='ltr'><strong>autem</strong></span> <span class='ocrx_word' id='word_1_254' title='bbox 249 3128 287 3189; x_wconf 90' lang='lat' dir='ltr'><strong>ad</strong></span> <span class='ocrx_word' id='word_1_255' title='bbox 310 3136 430 3206; x_wconf 89' lang='lat' dir='ltr'><strong>portum</strong></span> <span class='ocrx_word' id='word_1_256' title='bbox 446 3125 502 3187; x_wconf 90' lang='lat' dir='ltr'><strong>Liu</strong></span> <span class='ocrx_word' id='word_1_257' title='bbox 518 3129 708 3189; x_wconf 88' lang='lat' dir='ltr'><strong>venissemus</strong></span> <span class='ocrx_word' id='word_1_258' title='bbox 731 3148 802 3189; x_wconf 93' lang='lat' dir='ltr'><strong>cum</strong></span> <span class='ocrx_word' id='word_1_259' title='bbox 816 3129 929 3202; x_wconf 90' lang='lat' dir='ltr'><strong>classe,</strong></span> <span class='ocrx_word' id='word_1_260' title='bbox 952 3149 1013 3192; x_wconf 93' lang='lat' dir='ltr'><strong>non</strong></span> <span class='ocrx_word' id='word_1_261' title='bbox 1028 3134 1223 3203; x_wconf 86' lang='lat' dir='ltr'><strong>intravimus,</strong></span> <span class='ocrx_word' id='word_1_262' title='bbox 1246 3132 1302 3194; x_wconf 90' lang='lat' dir='ltr'><strong>sed</strong></span> 
     </span>
     <span class='ocr_line' id='line_1_30' title="bbox 125 3231 1302 3314; baseline 0.004 -23"><span class='ocrx_word' id='word_1_263' title='bbox 125 3232 263 3292; x_wconf 89' lang='lat' dir='ltr'><strong>anchoris</strong></span> <span class='ocrx_word' id='word_1_264' title='bbox 292 3231 398 3308; x_wconf 84' lang='lat' dir='ltr'><strong>ejectis</strong></span> <span class='ocrx_word' id='word_1_265' title='bbox 432 3248 524 3291; x_wconf 90' lang='lat' dir='ltr'><strong>naves</strong></span> <span class='ocrx_word' id='word_1_266' title='bbox 555 3231 592 3292; x_wconf 90' lang='lat' dir='ltr'><strong>ad</strong></span> <span class='ocrx_word' id='word_1_267' title='bbox 622 3232 806 3293; x_wconf 87' lang='lat' dir='ltr'><strong>manendum</strong></span> <span class='ocrx_word' id='word_1_268' title='bbox 833 3236 873 3295; x_wconf 93' lang='lat' dir='ltr'><strong>ibi</strong></span> <span class='ocrx_word' id='word_1_269' title='bbox 905 3234 1113 3297; x_wconf 88' lang='lat' dir='ltr'><strong>stabilivemnt</strong></span> <span class='ocrx_word' id='word_1_270' title='bbox 1142 3235 1302 3314; x_wconf 86' lang='lat' dir='ltr'><strong>usquead</strong></span> 
     </span>
     <span class='ocr_line' id='line_1_31' title="bbox 123 3337 1303 3417; baseline 0.002 -21"><span class='ocrx_word' id='word_1_271' title='bbox 123 3341 244 3415; x_wconf 87' lang='lat' dir='ltr'><strong>tempus</strong></span> <span class='ocrx_word' id='word_1_272' title='bbox 267 3352 374 3405; x_wconf 91' lang='lat' dir='ltr'><strong>suum;</strong></span> <span class='ocrx_word' id='word_1_273' title='bbox 398 3352 454 3394; x_wconf 91' lang='lat' dir='ltr'><strong>nos</strong></span> <span class='ocrx_word' id='word_1_274' title='bbox 478 3341 580 3395; x_wconf 89' lang='lat' dir='ltr'><strong>autem</strong></span> <span class='ocrx_word' id='word_1_275' title='bbox 602 3338 771 3415; x_wconf 85' lang='lat' dir='ltr'><strong>peregrini,</strong></span> <span class='ocrx_word' id='word_1_276' title='bbox 795 3337 870 3396; x_wconf 90' lang='lat' dir='ltr'><strong>nibil</strong></span> <span class='ocrx_word' id='word_1_277' title='bbox 894 3339 952 3397; x_wconf 88' lang='lat' dir='ltr'><strong>nisi</strong></span> <span class='ocrx_word' id='word_1_278' title='bbox 974 3346 1076 3398; x_wconf 88' lang='lat' dir='ltr'><strong>nostra</strong></span> <span class='ocrx_word' id='word_1_279' title='bbox 1099 3338 1303 3417; x_wconf 90' lang='lat' dir='ltr'><strong>peregrinalia</strong></span> 
     </span>
     <span class='ocr_line' id='line_1_32' title="bbox 123 3438 1302 3517; baseline 0.003 -19"><span class='ocrx_word' id='word_1_280' title='bbox 123 3438 301 3505; x_wconf 80' lang='lat' dir='ltr'><strong>lunaribus</strong></span> <span class='ocrx_word' id='word_1_281' title='bbox 330 3438 491 3510; x_wconf 90' lang='lat' dir='ltr'><strong>habentes,</strong></span> <span class='ocrx_word' id='word_1_282' title='bbox 527 3438 626 3500; x_wconf 91' lang='lat' dir='ltr'><strong>soluto</strong></span> <span class='ocrx_word' id='word_1_283' title='bbox 649 3440 739 3500; x_wconf 89' lang='lat' dir='ltr'><strong>naulo</strong></span> <span class='ocrx_word' id='word_1_284' title='bbox 771 3447 803 3500; x_wconf 89' lang='lat' dir='ltr'><strong>et</strong></span> <span class='ocrx_word' id='word_1_285' title='bbox 826 3442 966 3517; x_wconf 81' lang='lat' dir='ltr'><strong>expensis</strong></span> <span class='ocrx_word' id='word_1_286' title='bbox 1000 3446 1031 3499; x_wconf 86' lang='lat' dir='ltr'><strong>et</strong></span> <span class='ocrx_word' id='word_1_287' title='bbox 1053 3440 1130 3500; x_wconf 88' lang='lat' dir='ltr'><strong>datis</strong></span> <span class='ocrx_word' id='word_1_288' title='bbox 1161 3444 1302 3502; x_wconf 87' lang='lat' dir='ltr'><strong>curtusiis</strong></span> 
     </span>
     <span class='ocr_line' id='line_1_33' title="bbox 123 3542 1301 3622; baseline 0.002 -19"><span class='ocrx_word' id='word_1_289' title='bbox 123 3542 260 3613; x_wconf 81' lang='lat' dir='ltr'><strong>famulis,</strong></span> <span class='ocrx_word' id='word_1_290' title='bbox 284 3543 337 3620; x_wconf 88' lang='lat' dir='ltr'><strong>qui</strong></span> <span class='ocrx_word' id='word_1_291' title='bbox 359 3543 525 3603; x_wconf 90' lang='lat' dir='ltr'><strong>servierant</strong></span> <span class='ocrx_word' id='word_1_292' title='bbox 538 3545 644 3615; x_wconf 91' lang='lat' dir='ltr'><strong>nobis,</strong></span> <span class='ocrx_word' id='word_1_293' title='bbox 668 3542 864 3605; x_wconf 79' lang='lat' dir='ltr'><strong>valefecimus</strong></span> <span class='ocrx_word' id='word_1_294' title='bbox 879 3543 1018 3603; x_wconf 90' lang='lat' dir='ltr'><strong>omnibus</strong></span> <span class='ocrx_word' id='word_1_295' title='bbox 1033 3542 1070 3602; x_wconf 90' lang='lat' dir='ltr'><strong>de</strong></span> <span class='ocrx_word' id='word_1_296' title='bbox 1086 3544 1170 3622; x_wconf 88' lang='lat' dir='ltr'><strong>galea</strong></span> <span class='ocrx_word' id='word_1_297' title='bbox 1190 3551 1301 3616; x_wconf 85' lang='lat' dir='ltr'><strong>nostra,</strong></span> 
     </span>
     <span class='ocr_line' id='line_1_34' title="bbox 124 3645 1301 3724; baseline 0 -15"><span class='ocrx_word' id='word_1_298' title='bbox 124 3649 253 3710; x_wconf 90' lang='lat' dir='ltr'><strong>dominis</strong></span> <span class='ocrx_word' id='word_1_299' title='bbox 277 3655 308 3708; x_wconf 90' lang='lat' dir='ltr'><strong>et</strong></span> <span class='ocrx_word' id='word_1_300' title='bbox 330 3648 443 3719; x_wconf 90' lang='lat' dir='ltr'><strong>servis,</strong></span> <span class='ocrx_word' id='word_1_301' title='bbox 472 3665 521 3709; x_wconf 91' lang='lat' dir='ltr'><strong>rcs</strong></span> <span class='ocrx_word' id='word_1_302' title='bbox 545 3656 663 3710; x_wconf 89' lang='lat' dir='ltr'><strong>nostras</strong></span> <span class='ocrx_word' id='word_1_303' title='bbox 686 3651 717 3708; x_wconf 92' lang='lat' dir='ltr'><strong>in</strong></span> <span class='ocrx_word' id='word_1_304' title='bbox 739 3664 833 3708; x_wconf 88' lang='lat' dir='ltr'><strong>unam</strong></span> <span class='ocrx_word' id='word_1_305' title='bbox 855 3648 977 3707; x_wconf 89' lang='lat' dir='ltr'><strong>barcam</strong></span> <span class='ocrx_word' id='word_1_306' title='bbox 999 3645 1193 3724; x_wconf 90' lang='lat' dir='ltr'><strong>deposuimus</strong></span> <span class='ocrx_word' id='word_1_307' title='bbox 1217 3654 1248 3708; x_wconf 89' lang='lat' dir='ltr'><strong>ct</strong></span> <span class='ocrx_word' id='word_1_308' title='bbox 1269 3650 1301 3709; x_wconf 91' lang='lat' dir='ltr'><strong>io</strong></span> 
     </span>
     <span class='ocr_line' id='line_1_35' title="bbox 123 3751 1302 3831; baseline -0.003 -16"><span class='ocrx_word' id='word_1_309' title='bbox 123 3771 190 3815; x_wconf 90' lang='lat' dir='ltr'><strong>eam</strong></span> <span class='ocrx_word' id='word_1_310' title='bbox 214 3751 445 3823; x_wconf 89' lang='lat' dir='ltr'><strong>descendimus,</strong></span> <span class='ocrx_word' id='word_1_311' title='bbox 470 3751 586 3831; x_wconf 87' lang='lat' dir='ltr'><strong>galeam</strong></span> <span class='ocrx_word' id='word_1_312' title='bbox 610 3759 642 3813; x_wconf 93' lang='lat' dir='ltr'><strong>et</strong></span> <span class='ocrx_word' id='word_1_313' title='bbox 664 3753 765 3812; x_wconf 90' lang='lat' dir='ltr'><strong>omnia</strong></span> <span class='ocrx_word' id='word_1_314' title='bbox 788 3759 891 3812; x_wconf 87' lang='lat' dir='ltr'><strong>nostra</strong></span> <span class='ocrx_word' id='word_1_315' title='bbox 902 3751 970 3830; x_wconf 90' lang='lat' dir='ltr'><strong>jura</strong></span> <span class='ocrx_word' id='word_1_316' title='bbox 985 3752 1016 3811; x_wconf 92' lang='lat' dir='ltr'><strong>io</strong></span> <span class='ocrx_word' id='word_1_317' title='bbox 1031 3767 1098 3812; x_wconf 91' lang='lat' dir='ltr'><strong>eam</strong></span> <span class='ocrx_word' id='word_1_318' title='bbox 1114 3753 1302 3830; x_wconf 78' lang='lat' dir='ltr'><strong>resignantes</strong></span> 
     </span>
     <span class='ocr_line' id='line_1_36' title="bbox 123 3854 1301 3935; baseline -0.001 -17"><span class='ocrx_word' id='word_1_319' title='bbox 123 3856 243 3918; x_wconf 92' lang='lat' dir='ltr'><strong>domino</strong></span> <span class='ocrx_word' id='word_1_320' title='bbox 267 3856 445 3917; x_wconf 86' lang='lat' dir='ltr'><strong>Sebastiano</strong></span> <span class='ocrx_word' id='word_1_321' title='bbox 470 3854 651 3927; x_wconf 85' lang='lat' dir='ltr'><strong>Contarino,</strong></span> <span class='ocrx_word' id='word_1_322' title='bbox 678 3862 820 3935; x_wconf 89' lang='lat' dir='ltr'><strong>patrono;</strong></span> <span class='ocrx_word' id='word_1_323' title='bbox 855 3862 886 3916; x_wconf 90' lang='lat' dir='ltr'><strong>et</strong></span> <span class='ocrx_word' id='word_1_324' title='bbox 908 3857 1044 3933; x_wconf 89' lang='lat' dir='ltr'><strong>quamvis</strong></span> <span class='ocrx_word' id='word_1_325' title='bbox 1067 3854 1139 3916; x_wconf 89' lang='lat' dir='ltr'><strong>laeti</strong></span> <span class='ocrx_word' id='word_1_326' title='bbox 1161 3868 1301 3919; x_wconf 87' lang='lat' dir='ltr'><strong>essemus</strong></span> 
     </span>
     <span class='ocr_line' id='line_1_37' title="bbox 124 3959 1300 4039; baseline 0.003 -20"><span class='ocrx_word' id='word_1_327' title='bbox 124 3959 162 4020; x_wconf 88' lang='lat' dir='ltr'><strong>de</strong></span> <span class='ocrx_word' id='word_1_328' title='bbox 183 3967 287 4022; x_wconf 90' lang='lat' dir='ltr'><strong>nostra</strong></span> <span class='ocrx_word' id='word_1_329' title='bbox 308 3959 488 4020; x_wconf 89' lang='lat' dir='ltr'><strong>liberatione</strong></span> <span class='ocrx_word' id='word_1_330' title='bbox 510 3959 547 4019; x_wconf 88' lang='lat' dir='ltr'><strong>ab</strong></span> <span class='ocrx_word' id='word_1_331' title='bbox 570 3959 622 4019; x_wconf 93' lang='lat' dir='ltr'><strong>illo</strong></span> <span class='ocrx_word' id='word_1_332' title='bbox 645 3977 779 4038; x_wconf 91' lang='lat' dir='ltr'><strong>poenoso</strong></span> <span class='ocrx_word' id='word_1_333' title='bbox 804 3977 942 4032; x_wconf 90' lang='lat' dir='ltr'><strong>carcerc,</strong></span> <span class='ocrx_word' id='word_1_334' title='bbox 978 3967 1079 4021; x_wconf 86' lang='lat' dir='ltr'><strong>tamen</strong></span> <span class='ocrx_word' id='word_1_335' title='bbox 1101 3966 1228 4039; x_wconf 85' lang='lat' dir='ltr'><strong>propter</strong></span> <span class='ocrx_word' id='word_1_336' title='bbox 1250 3979 1300 4023; x_wconf 91' lang='lat' dir='ltr'><strong>so·</strong></span> 
     </span>
     <span class='ocr_line' id='line_1_38' title="bbox 126 4062 1299 4142; baseline 0.002 -18"><span class='ocrx_word' id='word_1_337' title='bbox 126 4065 266 4126; x_wconf 87' lang='lat' dir='ltr'><strong>cietntcm</strong></span> <span class='ocrx_word' id='word_1_338' title='bbox 289 4070 475 4126; x_wconf 86' lang='lat' dir='ltr'><strong>contractam</strong></span> <span class='ocrx_word' id='word_1_339' title='bbox 499 4081 568 4124; x_wconf 95' lang='lat' dir='ltr'><strong>cum</strong></span> <span class='ocrx_word' id='word_1_340' title='bbox 586 4063 711 4142; x_wconf 84' lang='lat' dir='ltr'><strong>galeotis</strong></span> <span class='ocrx_word' id='word_1_341' title='bbox 735 4070 766 4125; x_wconf 85' lang='lat' dir='ltr'><strong>ct</strong></span> <span class='ocrx_word' id='word_1_342' title='bbox 782 4064 847 4126; x_wconf 87' lang='lat' dir='ltr'><strong>aliis</strong></span> <span class='ocrx_word' id='word_1_343' title='bbox 870 4066 989 4127; x_wconf 89' lang='lat' dir='ltr'><strong>tristitia</strong></span> <span class='ocrx_word' id='word_1_344' title='bbox 1013 4062 1121 4142; x_wconf 84' lang='lat' dir='ltr'><strong>gaudio</strong></span> <span class='ocrx_word' id='word_1_345' title='bbox 1144 4063 1201 4125; x_wconf 87' lang='lat' dir='ltr'><strong>tuit</strong></span> <span class='ocrx_word' id='word_1_346' title='bbox 1216 4083 1299 4126; x_wconf 90' lang='lat' dir='ltr'><strong>com·</strong></span> 
     </span>
     <span class='ocr_line' id='line_1_39' title="bbox 124 4165 1301 4251; baseline 0.002 -23"><span class='ocrx_word' id='word_1_347' title='bbox 124 4167 216 4230; x_wconf 81' lang='lat' dir='ltr'><strong>mixta</strong></span> <span class='ocrx_word' id='word_1_348' title='bbox 237 4166 274 4230; x_wconf 86' lang='lat' dir='ltr'><strong>da</strong></span> <span class='ocrx_word' id='word_1_349' title='bbox 297 4167 489 4249; x_wconf 83' lang='lat' dir='ltr'><strong>separatione</strong></span> <span class='ocrx_word' id='word_1_350' title='bbox 512 4165 639 4248; x_wconf 85' lang='lat' dir='ltr'><strong>agnlea.</strong></span> <span class='ocrx_word' id='word_1_351' title='bbox 680 4165 732 4230; x_wconf 87' lang='lat' dir='ltr'><strong>Sic</strong></span> <span class='ocrx_word' id='word_1_352' title='bbox 747 4185 819 4250; x_wconf 87' lang='lat' dir='ltr'><strong>ergo</strong></span> <span class='ocrx_word' id='word_1_353' title='bbox 835 4186 852 4231; x_wconf 89' lang='lat' dir='ltr'><strong>a</strong></span> <span class='ocrx_word' id='word_1_354' title='bbox 867 4168 953 4251; x_wconf 84' lang='lat' dir='ltr'><strong>galea</strong></span> <span class='ocrx_word' id='word_1_355' title='bbox 974 4168 1181 4245; x_wconf 78' lang='lat' dir='ltr'><strong>navigavimus</strong></span> <span class='ocrx_word' id='word_1_356' title='bbox 1196 4176 1301 4232; x_wconf 83' lang='lat' dir='ltr'><strong>contra</strong></span> 
     </span>
    </p>
   </div>
   <div class='ocr_carea' id='block_1_3' title="bbox 943 4268 1183 4385">
    <p class='ocr_par' dir='ltr' id='par_1_4' title="bbox 945 4268 1137 4291">
     <span class='ocr_line' id='line_1_40' title="bbox 945 4268 1137 4291; baseline 0.01 -6"><span class='ocrx_word' id='word_1_357' title='bbox 945 4268 991 4291; x_wconf 64' lang='lat'><strong>00</strong></span> <span class='ocrx_word' id='word_1_358' title='bbox 1131 4275 1137 4287; x_wconf 71' lang='grc' dir='ltr'>α</span> 
     </span>
    </p>

    <p class='ocr_par' dir='ltr' id='par_1_5' title="bbox 943 4286 1183 4385">
     <span class='ocr_line' id='line_1_41' title="bbox 981 4286 1183 4342; baseline 0 -22"><span class='ocrx_word' id='word_1_359' title='bbox 981 4302 991 4321; x_wconf 73' lang='lat'>0</span> <span class='ocrx_word' id='word_1_360' title='bbox 1015 4286 1104 4342; x_wconf 42' lang='grc' dir='ltr'><strong>οἱδὶ..</strong></span> <span class='ocrx_word' id='word_1_361' title='bbox 1141 4292 1183 4321; x_wconf 61' lang='grc' dir='ltr'><strong>..ι</strong></span> 
     </span>
     <span class='ocr_line' id='line_1_42' title="bbox 944 4327 1170 4353; baseline 0 -6"><span class='ocrx_word' id='word_1_362' title='bbox 944 4327 990 4347; x_wconf 60' lang='lat'><strong>0⁴</strong></span> <span class='ocrx_word' id='word_1_363' title='bbox 1070 4344 1073 4351; x_wconf 74' lang='lat'><strong>,</strong></span> <span class='ocrx_word' id='word_1_364' title='bbox 1132 4328 1170 4353; x_wconf 50' lang='grc' dir='ltr'><strong>μ’</strong></span> 
     </span>
     <span class='ocr_line' id='line_1_43' title="bbox 943 4349 1167 4385; baseline -0.004 -6"><span class='ocrx_word' id='word_1_365' title='bbox 943 4360 990 4379; x_wconf 63' lang='lat'><strong>00</strong></span> <span class='ocrx_word' id='word_1_366' title='bbox 1041 4349 1088 4385; x_wconf 48' lang='lat' dir='ltr'><strong>‘r&#39;</strong></span> <span class='ocrx_word' id='word_1_367' title='bbox 1131 4353 1167 4384; x_wconf 38' lang='grc' dir='ltr'><strong>,Μ</strong></span> 
     </span>
    </p>
   </div>
   <div class='ocr_carea' id='block_1_4' title="bbox 0 0 1442 4770">
    <p class='ocr_par' dir='ltr' id='par_1_6' title="bbox 0 0 1442 4770">
     <span class='ocr_line' id='line_1_44' title="bbox 0 0 1442 4770; baseline 0 1"><span class='ocrx_word' id='word_1_368' title='bbox 0 0 1442 4770; x_wconf 95' lang='lat' dir='ltr'><strong> </strong></span> 
     </span>
    </p>
   </div>
  </div>
 </body>
</html>
