2874 4770
687 178 734 248 '28

124 361 258 439 Accepta
280 360 379 420 littera
393 360 532 436 promisit
546 357 633 418 nobis
648 355 893 436 Tangnardinus‚
916 355 997 434 quod
1012 357 1043 415 in
1060 356 1230 416 crastinum
1246 368 1298 412 nos

122 462 215 524 vellet
236 465 354 524 mittere
377 463 407 522 in
430 460 546 530 Nilum,
569 462 600 521 in
621 458 849 531 Alexandriam,
880 461 959 519 sicut
981 467 1012 519 et
1034 458 1126 529 lecit,
1161 465 1196 517 ut
1218 462 1298 536 patet

123 565 175 627 iol.
202 562 261 630 101
287 583 313 626 a.

80 690 90 706 ·
208 669 323 730 Eodem
346 667 396 729 die
420 669 502 728 misit
525 664 752 746 Tanguardinus
775 667 891 728 litteras
914 665 1003 726 Uriae
1027 673 1133 726 contra
1157 684 1215 726 nos
1230 665 1296 724 lle-

123 773 275 836 xandriam
297 772 335 833 ad
357 770 678 840 Trutscbelrnannutn,
700 770 832 848 prodens
855 789 910 831 nos
934 788 1004 831 esse
1028 769 1138 829 divites
1169 778 1201 828 et
1226 769 1296 828 libe-

124 876 219 948 rales,
254 882 285 936 et
307 875 377 935 ideo
399 873 518 935 lortiter
540 873 729 934 mulctandos
752 880 783 935 et
805 874 1011 935 excoriandos.
1057 870 1144 934 litlnc
1168 875 1224 934 viri
1246 872 1296 932 ial-

124 980 231 1040 laciam
253 985 359 1057 postea
382 979 498 1056 experti
521 957 636 1038 sumus.

123 1330 320 1424 Descriptio
348 1328 402 1404 vel
433 1329 710 1420 circumscriptio
745 1329 839 1402 illius
867 1330 1038 1401 maximae
1066 1330 1165 1400 urbis
1193 1330 1296 1398 totius

123 1457 259 1542 mundi,
296 1454 389 1526 Cairi
422 1456 458 1523 et
496 1450 710 1542 Babyloniae
746 1470 877 1537 novae,
916 1471 1007 1542 quae
1044 1451 1133 1523 alias
1170 1451 1296 1523 dicitur

123 1578 316 1667 Babylonia
351 1575 516 1662 Aegypti.
577 1575 621 1646 Et
655 1575 876 1664 implicantur
911 1574 1019 1644 multa
1056 1576 1091 1644 in
1127 1575 1195 1645 hac
1233 1575 1295 1644 cir·

125 1700 393 1789 cumscriptione
412 1695 456 1767 de
474 1695 747 1769 sarracenorum
766 1696 854 1782 vita,
883 1701 919 1766 et
935 1696 1090 1774 moribus
1110 1700 1147 1766 et
1164 1695 1295 1766 ritibus.

213 1898 318 1960 Solent
351 1898 554 1977 descriptores
585 1899 744 1977 regionum
774 1897 864 1975 longe
899 1899 1066 1977 positarum
1090 1897 1296 1975 elegentibus

126 2019 273 2081 persaepe
304 2004 387 2080 argui
411 2007 441 2061 et
464 2001 648 2061 derisionem
677 2003 752 2080 pati,
787 2004 856 2080 quia
886 2007 937 2062 aut
966 2000 1072 2078 legens
1101 2001 1222 2062 invidus
1245 2006 1297 2066 est,

125 2107 175 2168 cui
197 2106 321 2169 aliorum
344 2105 423 2166 dicta
445 2112 476 2165 et
498 2104 576 2165 lacta
599 2103 718 2183 placere
741 2122 801 2164 non
825 2109 968 2181 possunt3
992 2109 1043 2163 aut
1065 2109 1113 2163 est
1128 2104 1241 2182 'legens
1255 2105 1298 2162 in-

125 2216 281 2291 expertus,
311 2211 362 2286 qui
392 2208 465 2268 nihil
487 2207 583 2268 credit
598 2206 676 2267 ¹esse
699 2208 730 2267 in
754 2205 865 2289 inundo
889 2214 1009 2285 praeter
1031 2224 1083 2278 ea,
1114 2226 1193 2286 quae
1221 2206 1299 2268 videt

124 2317 155 2379 ln
179 2332 234 2378 suo
264 2312 389 2392 angulo;
424 2316 475 2372 aut
507 2318 555 2371 est
584 2310 688 2388 legens
720 2311 857 2370 curiosus
890 2311 939 2370 vel
970 2311 1151 2388 plusquam
1181 2316 1299 2390 oportet

124 2416 292 2487 studiosus,
316 2417 386 2494 quia
401 2416 501 2474 omnia
517 2414 596 2475 dicta
613 2414 772 2492 diligenter
783 2414 925 2493 perlegit,
950 2422 981 2475 et
996 2413 1068 2475 dum
1081 2415 1299 2494 discrepantias

124 2522 254 2592 invenit,
287 2520 397 2598 accipit
420 2515 500 2595 quod
523 2518 640 2597 placet,
673 2523 792 2577 caetera
823 2535 895 2579 vero
929 2536 988 2578 non
1019 2516 1151 2594 judicat,
1183 2519 1241 2577 nisi
1271 2518 1300 2575 in

127 2623 263 2704 pejorem
286 2630 414 2704 partem.
460 2621 512 2681 His
544 2622 638 2683 tribus
673 2621 833 2699 generibus
856 2619 1021 2699 legentium
1043 2621 1203 2698 hucusque
1226 2620 1299 2681 Eva-

125 2731 274 2806 gatorium
296 2710 398 2787 meum
423 2728 548 2805 exposui
578 2725 761 2796 rodendum,
792 2743 872 2786 nunc
903 2732 1004 2785 autern
1033 2726 1063 2784 in
1098 2723 1301 2804 descriptione

126 2827 206 2889 Cairi
228 2831 355 2891 civitatis
379 2848 449 2892 eum
473 2829 684 2892 corridendum
705 2836 736 2890 et
752 2827 976 2891 dilacerandum
991 2845 1154 2907 exponam,
1179 2834 1302 2906 propter

127 2937 350 2993 monstruosam
373 2934 452 2995 illius
476 2935 557 2995 urbis
573 2933 820 3013 dispositionem,
845 2938 875 2992 et
890 2932 1040 2992 insolitam
1065 2930 1302 3009 magnitudinem

126 3037 159 3093 et
186 3034 392 3096 incredibilem
423 3036 644 3115 quodammodo
675 3038 830 3097 hominum
869 3036 1091 3097 multitudinem
1121 3041 1153 3098 et
1179 3042 1303 3113 propter

130 3138 291 3199 variantes
316 3137 353 3197 de
377 3138 432 3199 bac
455 3142 528 3201 urbe
551 3142 747 3201 scribentium
780 3146 811 3200 ct.
841 3139 1039 3218 loquentium.
1086 3138 1200 3201 Ponam
1231 3156 1302 3216 ergo

127 3241 259 3321 primum
280 3243 402 3302 nomina
425 3245 547 3320 antiqua
569 3249 603 3302 et·
623 3241 802 3303 nova-illius
825 3245 923 3314 urbis;
956 3242 1065 3304 deinde
1097 3240 1164 3318 ejus
1189 3243 1301 3320 magni·

127 3342 264 3406 tudinem
286 3352 317 3406 ct
338 3345 550 3407 moschearum
573 3344 795 3407 multitudidem
819 3356 849 3407 et
875 3353 1080 3409 contratarurn
1101 3352 1133 3405 et
1147 3345 1302 3405 hominnm

127 3447 314 3521 officialium,
338 3448 535 3509 ‘sacerdotnm
568 3454 599 3509 et
630 3445 871 3510 Mamalucorum
894 3457 924 3511 et
948 3457 1138 3510 caeterorum
1160 3451 1299 3509 aestima·

128 3557 228 3616 lorum
251 3570 419 3614 numerum.
444 3632 448 3641 Ι
979 3543 982 3546 ’
1175 3614 1177 3619 Α

215 3653 377 3717 Laboriose
400 3663 542 3733 evagatus
564 3673 632 3715 sum
654 3661 685 3715 et
706 3656 868 3715 transcurri
883 3654 1036 3733 legendos
1050 3673 1127 3734 quae
1144 3657 1182 3717 ad
1197 3675 1301 3718 manus

127 3756 238 3820 babere
270 3765 420 3839 poteram,
454 3759 615 3837 invenique
648 3758 741 3817 multa
773 3756 863 3834 hujus
896 3760 1026 3837 ingentis
1056 3760 1138 3820 urbis
1171 3765 1300 3822 nomina.

27 3888 31 3899 ¹
128 3857 247 3926 Dicitur
268 3863 350 3923 enim
374 3860 703 3941 Chaprum‚.Chayrus
734 3868 765 3922 et
788 3861 903 3940 Chayra
926 3869 957 3923 et
984 3862 1122 3941 Chayris,
1153 3865 1184 3922 in
1208 3865 1302 3925 tribus

129 3960 394 4035 declinationibus,
424 3983 442 4026 a
465 3962 617 4026 modernis
641 3963 748 4024 latinis.
794 3964 1125 4044 VulgarestTeutonici
1146 3969 1303 4029 nominant

130 4080 198 4129 eam
219 4066 325 4147 Allyr,
353 4068 403 4130 vel
423 4065 524 4128 Aliari
547 4074 578 4127 et
600 4064 749 4126 Aliaria·
772 4067 874 4147 Aliqui
895 4067 993 4130 Latini
1016 4067 1087 4131 dant
1110 4072 1303 4150 eigraecam

130 4171 386 4244 nrmnanoaam,
408 4171 601 4234 nominantes
625 4166 780 4248 Cbayron,
803 4172 883 4234 sicut
904 4170 1034 4234 diurnus
1048 4171 1190 4237 maalon.
1220 4175 1302 4242 Dici-
