2874 4770
695 225 738 297 2³

127 420 184 466 nos
205 401 392 483 trepidantes
412 407 539 481 propter
559 419 595 464 se
618 404 849 483 conspicerent,
880 403 995 483 incepit
1019 404 1213 484 principalior
1235 422 1311 467 uxor

83 524 94 538 ·
127 506 246 586 patroni
263 504 393 576 domus,
414 504 523 566 mulier
544 506 664 582 grandis
687 513 719 566 et
740 507 833 567 virilis
857 525 892 568 ac
916 507 1080 586 eloquens,
1103 505 1188 586 loqui
1209 506 1310 586 lingua

127 608 245 680 italica,
270 608 391 670 dicens:
422 624 489 678 cur,
519 607 630 686 inquit,
664 609 776 670 domini
809 612 869 670 mei
897 609 1054 687 trepidatis
1078 609 1115 672 ad
1136 611 1310 688 ingressum

128 709 289 772 nostrum?
317 710 428 771 Sumus
460 716 490 769 et
512 728 568 770 nos
600 711 788 773 Christianae
817 713 975 786 mulieres,
1008 712 1078 795 (82
1095 712 1138 793 a)
1168 714 1309 793 indignae

129 821 161 876 et
183 816 379 885 criminosae,
403 812 549 885 latemur,
573 813 856 886 Christilamulae,
880 833 966 902 sucro
989 815 1171 895 baptismate
1186 823 1309 878 renatae

127 923 159 979 et
190 917 249 978 lide
282 917 430 978 catholica
461 917 637 996 insignitae,
670 934 761 996 quam
792 935 956 996 numquam
986 919 1214 997 abnegavimus,
1252 937 1309 980 nec

128 1019 328 1098 abnegaturae
351 1015 484 1090 sumus,
499 1025 531 1080 et
554 1015 719 1093 subjunxit:
745 1037 819 1097 ego,
842 1021 956 1098 inquit,
989 1037 1057 1081 sum
1079 1021 1310 1083 italicamulier

129 1121 299 1184 Christiana
329 1129 360 1183 et
391 1122 429 1183 de
453 1122 631 1184 Christianis
661 1122 837 1201 parentibus
870 1129 948 1210 nata
995 1123 1174 1184 Consodalis
1205 1130 1308 1185 autem

126 1242 194 1287 mea
219 1230 266 1286 est
288 1224 421 1286 foemina
442 1243 565 1305 graeca,
590 1224 628 1285 de
651 1225 830 1286 Christianis
854 1227 969 1304 graecis
993 1227 1165 1304 progenita,
1189 1243 1308 1287 sumus·

128 1346 188 1406 que
210 1328 322 1390 invitae
346 1314 516 1388 contorales
540 1310 596 1390 viri
621 1327 773 1390 Christum
797 1331 991 1408 abnegantis;
1026 1335 1165 1398 caeterae
1188 1327 1308 1408 puellae

128 1439 199 1492 sunt
220 1437 342 1492 nostrae
364 1430 568 1510 pedissequae
592 1433 743 1504 emtitiae3
774 1434 853 1494 servi
876 1433 927 1491 isti
950 1437 1021 1492 sunt
1042 1432 1137 1491 nostri
1160 1430 1306 1503 cunuchi;

127 1532 228 1595 cilicio
253 1552 325 1613 ergo
348 1540 449 1596 vestro
472 1533 581 1595 adesse
603 1535 743 1596 volumus
773 1541 805 1595 et
826 1534 925 1594 Deum
956 1539 1094 1618 nostrum
1123 1533 1178 1594 sub
1209 1551 1308 1595 sacra·

127 1643 230 1700 mento
252 1654 312 1707 una
334 1637 491 1699 vobiscum
507 1636 608 1697 videre
625 1642 656 1697 et
671 1637 797 1698 adorare
815 1638 971 1722 cupimus,
995 1638 1110 1698 utinam
1126 1635 1307 1698 manducare

128 1745 160 1799 et
182 1741 406 1801 communicare
428 1740 550 1800 liceret!
574 1739 628 1800 His
652 1740 740 1801 dictis
764 1739 897 1801 officium
919 1740 1095 1817 incoeptum
1116 1738 1308 1818 perfecimus,

129 1843 244 1902 cunctis
268 1842 448 1914 astantibus,
472 1844 551 1903 inter
574 1860 651 1921 quos
675 1849 760 1904 erant
776 1841 937 1904 Mamaluci
954 1849 985 1903 et
999 1843 1168 1904 Sarraceni.
1198 1841 1306 1903 Officio
1365 1902 1370 1919 ,

127 1942 210 2004 linito
240 1950 273 2004 et
300 1941 405 2004 alienis
434 1946 565 2024 egressis
597 1943 829 2008 deliberavimus
861 1929 991 2025 amplius
1020 1947 1139 2008 occulte
1173 1945 1306 2006 officiare

126 2052 251 2127 propter
278 2046 442 2109 infidelium
472 2053 630 2126 aspectum
659 2047 821 2110 vitandum.
866 2047 960 2111 Nobis
991 2055 1094 2111 autem
1116 2049 1307 2127 congregatis

125 2153 158 2212 in
180 2149 253 2216 loco¹
270 2154 353 2213 venit
374 2150 624 2230 Tanguardinus,
640 2149 749 2212 domus
764 2158 917 2231 patronus,
940 2157 970 2210 et
993 2168 1099 2212 omncs
1121 2167 1178 2211 nos
1198 2167 1304 2210 secum

126 2253 209 2314 duxit
230 2254 261 2314 in
283 2271 370 2314 suam
391 2237 628 2326 habitationem,
654 2260 688 2314 ut
718 2271 786 2314 eam
816 2252 999 2317 videremus.
1044 2251 1145 2313 Primo
1177 2270 1249 2331 ergo
1272 2253 1304 2311 in

125 2373 218 2416 unam
240 2373 390 2417 cameram
411 2359 564 2428 venimus,
595 2371 671 2435 quae
695 2356 785 2434 plena
807 2362 872 2416 erat
894 2357 1078 2416 ornamentis
1102 2372 1249 2432 equorum
1274 2359 1305 2413 et

127 2455 287 2516 mulorum.
331 2455 375 2516 lbi
398 2456 570 2534 pendebant
592 2459 686 2518 sellae
702 2457 818 2534 plures,
842 2455 992 2517 obductae
1007 2457 1127 2517 laminis
1143 2457 1303 2534 argenteis,

129 2539 295 2630 deauratis,
319 2575 389 2619 cum
404 2559 583 2620 scansilibus
599 2566 630 2620 et
644 2561 755 2637 strepis
774 2559 924 2637 argenteis
940 2563 971 2618 et
986 2557 1104 2618 antelac
1122 2564 1153 2637 et
1166 2556 1303 2635 postelae

129 2665 160 2720 et
183 2658 336 2732 subtelae,
362 2678 397 2720 ac
419 2660 505 2722 irena
527 2650 558 2722 et
580 2663 710 2741 capistra
733 2679 802 2722 cum
825 2658 939 2739 capulis
964 2679 1032 2721 cum
1050 2661 1199 2743 argenteis
1213 2658 1303 2727 bullis

128 2768 233 2825 ornata
255 2769 355 2837 erant,
377 2765 456 2825 sicut
478 2764 611 2843 strapbia
633 2764 779 2825 nobilium
806 2763 1006 2852 dominorum.

212 2864 258 2929 Ab
280 2866 337 2927 hac
352 2884 471 2929 camera
487 2869 662 2930 intravimus
678 2867 766 2928 aliam
784 2884 953 2939 cameram,
974 2867 1080 2944 inqua
1099 2865 1196 2926 stabat
1211 2881 1303 2927 cavea

126 2985 234 3048 magna
257 2975 288 3029 et
309 2971 339 3029 in
362 2987 399 3031 ea
421 2987 511 3031 saeva
532 2970 642 3043 bestia,
666 2972 696 3031 in
720 2973 885 3048 quantitate
916 2969 1033 3048 vulpis,
1066 2970 1169 3030 colore
1200 2973 1303 3030 tamen

127 3073 199 3151 lupo
222 3073 349 3133 similior
371 3080 402 3134 et
423 3073 561 3135 breviora
583 3075 697 3136 habens
721 3090 808 3134 crura
829 3080 861 3134 et
882 3072 993 3134 faciem
1024 3077 1110 3152 quasi
1142 3083 1240 3137 cattus
1272 3083 1302 3138 et
1372 3082 1381 3094 '

126 3173 237 3236 dicitur
257 3177 355 3236 bestia
376 3174 427 3236 illa
450 3176 584 3248 Sawcta,
606 3176 723 3255 luitque
739 3176 889 3238 loemella
921 3175 1004 3238 lianc
1024 3177 1155 3240 bestiam
1170 3179 1303 3241 ostendit

126 3277 214 3338 nobis
247 3278 307 3349 vir,
335 3277 456 3350 dicens,
490 3278 572 3357 quod
605 3278 642 3339 de
673 3296 709 3339 ca
741 3280 866 3357 baberet
894 3281 976 3341 omni
999 3282 1127 3358 septima
1150 3250 1315 3354 ducatum,

127 3382 197 3457 quia
219 3389 340 3458 gereret
362 3379 511 3458 quandam
533 3383 697 3460 pretiosam
719 3385 889 3454 materiam,
920 3384 1010 3461 quam
1038 3384 1165 3462 singulis
1187 3383 1301 3446 hebdo-

126 3481 263 3543 madibus
287 3484 315 3543 ei
338 3481 527 3557 detraheret,
551 3490 582 3545 et
606 3503 674 3546 mox
690 3486 747 3546 alia
763 3490 983 3546 succresceret
1028 3485 1211 3565 Rogavimus
1228 3505 1301 3566 ergo

125 3586 237 3658 virum,
260 3591 294 3646 ut
315 3586 397 3647 illam
418 3588 582 3665 practicam
597 3587 681 3649 nobis
697 3587 881 3648 ostenderet.
911 3585 1039 3666 Accepit
1055 3605 1128 3666 ergo
1143 3588 1301 3660 bacellum,

126 3705 197 3748 cnm
220 3705 280 3766 quo
302 3689 429 3749 bestiam
451 3692 578 3768 pupugit
601 3696 632 3750 et
654 3693 786 3763 vexavit,
820 3706 948 3767 eamque
972 3707 1096 3770 currere
1117 3698 1148 3774 et
1169 3692 1301 3753 fremere

125 3789 205 3851 iecit
220 3792 251 3851 in
274 3808 382 3862 cavea,
406 3789 577 3869 diligentius
601 3793 777 3863 observans,
800 3799 834 3854 ut
856 3793 1005 3853 currentis
1023 3791 1148 3853 caudam
1163 3795 1194 3853 in
1210 3811 1300 3855 cursu

125 3910 181 3973 per
204 3910 327 3956 caveam
349 3893 572 3974 dependentem
594 3894 844 3974 apprehenderet.
891 3894 957 3967 Qua
980 3895 1197 3974 comprehensa
1213 3897 1301 3956 traxit

125 3997 256 4060 bestiam
286 4015 355 4059 cum
386 3996 480 4058 cauda
511 3997 549 4058 ad
574 3999 722 4078 parietem
749 4016 860 4061 caveae
896 4005 927 4060 et
951 3998 1058 4076 jussit,
1088 4003 1122 4058 ut
1150 3998 1229 4058 servi
1254 3999 1301 4058 sui

125 4100 254 4162 bestiam
276 4100 394 4162 fortiter
416 4107 556 4162 tenerent
579 4119 648 4162 cum
671 4101 787 4162 elevata
818 4101 912 4163 cauda
936 4109 967 4163 et
990 4118 1062 4185 cum.
1081 4099 1299 4179 posterioribus

126 4203 269 4284 pedibus,
301 4214 377 4284 quos
402 4206 493 4265 etiam
516 4210 598 4265 extra
622 4220 745 4265 caveam
776 4209 924 4266 extractos
954 4204 1096 4333 tenebant
1125 4204 1183 4272 ita,
1218 4199 1302 4279 quod
