2874 4770
262 338 409 399 velimus
430 351 488 394 nos
510 330 547 390 ab
568 330 670 390 Airica
692 330 724 389 iu
745 327 850 389 Asiam
878 335 910 387 et
931 324 1073 386 ilbodum
1106 323 1290 402 appulimus.
1330 325 1437 397 Quau

264 448 366 503 antem
389 440 431 500 ibi
454 435 544 496 inerit
567 435 710 497 violentia
731 441 764 494 et
785 435 910 512 agonia,
932 431 1029 492 oculis
1051 431 1267 509 perspeximus
1291 448 1362 489 cum
1384 439 1431 491 stu

263 567 338 631 pore
369 553 401 606 et
433 543 642 604 ammiratione
673 548 705 600 et
727 558 788 600 non
812 539 878 599 sine
911 539 1027 616 piarum
1049 534 1265 594 lachrimarum
1289 533 1429 594 allusion

263 654 437 716 invenimus
467 650 549 709 enim
577 664 633 725 per
660 646 821 705 circuitum
853 643 935 703 urbis
963 648 1063 701 totum
1091 657 1235 717 campum
1260 638 1437 702 delassata

263 757 466 821 subterraneis
488 749 667 813 habitaculis
689 756 721 808 et
743 747 929 808 diverticulis
964 745 1132 824 repletum,
1167 752 1200 804 et
1221 747 1320 804 mirae
1343 745 1432 805 buma

263 881 320 926 nae
348 860 514 922 industriae
540 855 582 916 ibi
604 869 696 933 opera
729 851 868 912 vidimus.
910 848 975 910 Sed
999 855 1030 910 et
1052 867 1179 927 corpora
1202 847 1337 909 bumana
1359 849 1429 910 iubu

264 975 342 1030 mata
364 965 406 1025 ibi
428 961 522 1023 multa
544 958 631 1020 vaide
653 959 834 1027 invenimus,
857 962 891 1015 et
912 971 1054 1033 campum
1072 953 1206 1013 humano
1228 955 1429 1032 sanguinein

263 1073 379 1134 fectum
413 1074 444 1127 et
476 1065 570 1125 muita
592 1063 726 1123 membra
755 1062 890 1122 abscissa
920 1059 1058 1139 dispersa
1078 1058 1211 1120 vidimus
1234 1059 1269 1117 in
1291 1059 1431 1118 littorea

264 1179 293 1237 in
317 1181 398 1234 terra
420 1177 452 1230 ct
475 1168 601 1228 multam
625 1167 801 1245 congeriem
824 1164 1065 1244 sepuicbromm3
1087 1181 1158 1222 nam
1173 1162 1346 1222 obsidionis
1368 1171 1428 1222 tem

262 1296 336 1360 pore
352 1275 536 1342 ceciderunt,
559 1278 593 1331 ut
616 1270 733 1339 dicitur,
756 1286 867 1329 nove-m
884 1267 977 1328 miliia
991 1266 1176 1336 lurcorum,
1199 1274 1231 1325 et
1255 1263 1418 1326 milliaXX

264 1383 436 1444 vulneratos
459 1384 489 1436 et
513 1374 665 1435 mutilatus
688 1372 885 1435 abduxerunt.
909 1372 1046 1433 Vidimus
1069 1372 1160 1432 etiam
1182 1370 1380 1451 deturpatam
1402 1370 1430 1430 ia

262 1489 341 1548 ciem
363 1481 583 1562 pulcherrimae
607 1479 755 1548 civitatis,
773 1481 814 1537 ita
837 1485 871 1537 ut
892 1479 1001 1555 prioris
1023 1477 1104 1536 urbis
1119 1475 1214 1536 facies
1229 1479 1355 1554 penitus
1378 1492 1431 1554 per

262 1591 323 1653 dita
346 1606 415 1649 csse
437 1585 591 1653 videatur,
614 1585 692 1644 muri
715 1585 796 1643 enim
820 1585 1001 1642 crassissimi
1024 1588 1056 1641 ct
1076 1588 1176 1641 turres
1199 1581 1352 1652 altissimi,
1376 1599 1428 1660 pro

262 1692 430 1774 pugnacula
458 1696 489 1750 et
510 1688 702 1748 dominorum
735 1687 845 1766 palatia
869 1694 1022 1764 tamquam
1045 1688 1184 1764 gigantea
1200 1685 1353 1746 cadavera
1376 1705 1421 1764 p·

261 1808 352 1861 strata
381 1796 531 1874 jacebant.
577 1794 642 1853 Nec
665 1796 788 1854 mirum!
812 1792 924 1870 injecta
954 1794 1036 1851 enim
1058 1791 1160 1870 (164
1175 1786 1220 1868 a)
1242 1791 1371 1851 fuemnt
1392 1808 1429 1869 pe

261 1902 377 1963 Tarcos
401 1903 457 1961 tria
480 1899 572 1959 millia
596 1901 760 1977 quingenta
782 1916 852 1958 saxa
874 1897 1104 1958 bombardarum
1129 1895 1311 1974 sphaerica,
1334 1896 1437 1974 quibu

262 2005 390 2066 vidimus
414 2019 595 2081 conspersas
617 2002 746 2081 plateas,
769 2001 825 2063 sed
847 2009 879 2062 et
901 2019 994 2080 snper
1014 2017 1118 2061 muros
1142 2007 1173 2061 ct
1194 2002 1225 2061 in
1249 2000 1378 2061 fossatis
1399 2003 1427 2062 iu

260 2082 348 2188 genia
369 2107 545 2169 bellantium
569 2107 714 2167 mirabilia
737 2109 956 2185 perspeximus.

345 2211 438 2274 Porro
461 2212 501 2272 ibi
523 2213 655 2273 victores
677 2211 861 2276 laetissimos
879 2212 1064 2281 invenimus,
1088 2209 1261 2271 laborantes
1286 2215 1320 2273 in
1342 2215 1428 2275 ruina

260 2336 327 2378 rum
360 2317 529 2378 remotIone
564 2322 594 2376 ct
627 2334 783 2382 murorum
817 2334 852 2377 ac
882 2317 1011 2376 turrium
1042 2332 1187 2375 novarum
1224 2321 1431 2379 exstructione

198 2479 208 2495 ,
261 2423 358 2501 ριίιιιο
381 2429 483 2483 tamen
499 2427 598 2481 turres
613 2421 869 2492 molendinarum,
893 2438 970 2498 quos
993 2437 1099 2480 omnes
1116 2419 1297 2496 dejecerant
1319 2422 1429 2482 inimic'

259 2529 377 2606 erigere
400 2526 574 2604 satagebant
598 2546 653 2606 pro
677 2527 843 2606 quotidiani
866 2529 952 2606 panis
975 2544 1041 2587 usn.
1086 2525 1119 2585 ln
1141 2527 1192 2586 illa
1215 2528 1348 2589 civitatis
1372 2547 1427 2608 pur

259 2635 378 2713 gatione
398 2638 429 2692 et
451 2633 695 2694 reaedificatione
710 2633 839 2694 vidimus
851 2632 976 2704 Turcos,
1001 2630 1199 2710 compedibus
1224 2629 1425 2693 terreis-vinc

259 2744 322 2809 tos,
342 2742 462 2814 portare
479 2754 548 2797 saxa
564 2735 601 2795 ad
618 2739 710 2807 muri,
735 2755 826 2814 quem
841 2735 1065 2807 destruxerant,
1088 2735 1347 2798 reformationem.
1380 2739 1431 2798 Se·

258 2847 289 2900 et
312 2840 520 2899 sanctissimus
543 2856 597 2915 pro
621 2845 694 2897 tune
717 2856 803 2918 papa,
827 2841 927 2902 Sixtus
943 2839 1003 2912 IV„
1026 2841 1173 2901 sollicitus
1196 2858 1323 2901 manum
1344 2860 1435 2922 appo-

257 2945 317 3002 suit
339 2940 376 3001 ad
398 2940 477 3000 itlius
501 2941 583 3000 urbis
610 2939 883 3004 reaedificationem
906 2951 937 3004 et
959 2963 1013 3024 per
1029 2943 1173 3005 mundum
1197 2949 1338 3007 maximis
1363 2949 1435 3009 datis

256 3044 449 3121 indulgentiis
482 3052 607 3105 cunctos
641 3045 746 3106 fideles
779 3049 816 3109 ad
849 3050 907 3109 hoc
938 3051 1062 3111 induxit.
1107 3050 1143 3110 Et
1175 3053 1244 3128 quia
1266 3051 1377 3115 Judaei
1407 3060 1436 3114 ct

258 3149 380 3221 Graeci,
404 3151 455 3227 qui
477 3152 553 3211 intra
576 3152 682 3211 urbem
707 3159 844 3232 tempore
868 3155 1031 3216 obsidionis
1054 3157 1166 3217 inventi
1190 3155 1328 3228 fuerant,
1363 3158 1434 3218 lide·

256 3253 370 3314 tissime
399 3255 605 3318 laboraverant
640 3274 734 3335 seque
768 3259 910 3319 audacius
945 3259 982 3321 ad
1005 3263 1109 3321 mortis
1132 3261 1267 3339 pericula
1289 3260 1435 3323 dederant

256 3375 310 3436 pcr
333 3359 414 3420 urbis
438 3359 662 3432 defensionem,
686 3360 810 3422 indulsit
832 3361 916 3422 idem
939 3381 1032 3442 papa,
1060 3370 1093 3424 ut
1108 3362 1228 3423 ludaeis
1252 3383 1331 3426 nova
1354 3365 1433 3426 aedi·

255 3458 395 3524 flcarctnr
409 3482 574 3545 synagoga,
599 3464 776 3543 dispensans
799 3468 829 3526 in
844 3464 969 3543 -juribus
993 3474 1024 3526 et
1046 3468 1161 3546 legibus
1185 3468 1242 3529 hoc
1265 3470 1433 3529 vetantibus

256 3564 310 3622 sub
334 3583 431 3642 poena
454 3566 478 3627 L
501 3570 659 3641 librarum,
695 3576 727 3630 ut
751 3577 834 3649 patet
858 3569 891 3631 C.·
916 3573 947 3630 ti.
972 3571 1032 3631 inii.
1057 3579 1088 3632 et
1112 3571 1144 3631 C.
1168 3571 1276 3633 Judaei
1300 3573 1339 3633 de
1362 3575 1433 3634 civi-

255 3672 316 3726 tate
341 3675 400 3728 etc.
438 3669 483 3730 De
507 3670 629 3733 iudaeis
653 3679 682 3733 ct
707 3673 818 3734 ibidem
843 3675 875 3735 C.
900 3674 1061 3735 consuluit.
1091 3675 1167 3753 lpsis
1190 3684 1222 3737 et
1237 3675 1362 3737 Graecis
1385 3693 1432 3737 se·

254 3767 386 3828 cundum
409 3787 515 3831 eorum
537 3776 627 3835 ritum
648 3775 740 3853 jussit
762 3778 827 3839 fieri
851 3778 1021 3841 ecclesiam.

342 3872 418 3961 Cam
441 3889 514 3950 ergo
539 3876 642 3939 civitas
662 3877 726 3954 jam
749 3881 939 3943 reaedificata
962 3891 1071 3955 staret,
1095 3882 1215 3945 occulto
1239 3885 1297 3947 Dei
1316 3886 1432 3964 jndicio

254 3975 335 4037 aliud
348 3975 529 4037 turbativum
545 3977 668 4039 llbodiis
684 3979 809 4055 accidit,
832 3986 995 4064 improvise
1012 3989 1091 4049 enim
1107 3994 1170 4049 tota
1187 3990 1284 4050 insula
1299 3998 1432 4052 tremere

255 4080 355 4157 coepit
377 4084 409 4138 at
432 4084 513 4139 tanto
529 4086 612 4141 motu
642 4080 825 4160 agitabatur,
848 4094 881 4148 ut
895 4094 1014 4163 turres,
1037 4105 1112 4170 quas
1129 4087 1220 4159 Tarei
1237 4095 1432 4173 reliquerant,

257 4179 470 4262 dejicerentur,
487 4189 518 4244 et
531 4183 617 4257 mod,
633 4185 740 4264 quibus
757 4204 830 4266 prae
845 4192 1043 4281 crassitudine
1054 4206 1167 4253 nocere
1183 4212 1244 4257 non
1260 4206 1431 4279 potuerant,
