2902 4710
670 130 736 205 Adi

116 311 149 373 in
171 309 296 372 modum
317 309 453 372 dentium
476 309 609 372 distincti
633 310 850 372 cacuminibus.
895 312 959 374 Hos
981 313 1088 392 vulgus
1110 317 1215 375 noster
1236 329 1301 375 no·.

118 419 213 479 minat
235 423 354 478 montes
376 419 505 488 nivium,
529 435 581 488 eo,
605 414 688 495 quod
711 432 833 495 semper
856 434 963 479 eorum
977 420 1107 480 vertices
1129 421 1198 479 nive
1222 435 1292 478 carr·

118 519 225 591 deant,
248 522 327 581 sicut
349 522 510 582 orientales
533 526 653 581 montes
681 521 750 581 nive
767 520 931 582 candentes
953 524 1108 583 nominant
1131 522 1293 594 Caucasus,

119 624 189 701 quia
210 624 312 701 lingua
335 641 440 685 eorum
464 604 577 685 candor
599 623 707 685 dicitur
723 623 887 686 Caucasus.
917 624 1111 704 Quapropter
1133 625 1224 704 aliqui
1240 642 1294 687 eos

118 744 177 786 nna
193 723 286 804 Alpes
309 725 365 787 sed
379 724 470 791 Albas
487 731 651 800 nominant,
676 735 799 808 propter
815 728 996 791 albedinem.
1027 729 1171 802 Quamvis
1194 736 1296 790 autem

119 830 219 889 omnia
242 835 382 891 montana
403 831 455 892 illa
476 831 615 893 dicantur
635 829 746 912 Alpes,
778 833 889 912 singuli
911 840 1013 895 tamen
1037 837 1155 893 montes
1178 833 1296 912 singula

119 933 230 993 babent
251 934 374 995 nomina
395 935 503 996 incolis
532 942 621 1007 nota;
656 935 836 1016 ut-quidam
867 936 944 999 altus
975 943 1007 997 et
1037 935 1179 1015 abruptus
1208 954 1295 998 mons

119 1035 227 1098 dicitur
241 1035 399 1110 Wctrach,
422 1056 460 1100 eo
484 1039 564 1117 quod
587 1039 763 1102 fulminibus
786 1041 966 1119 saepissime
988 1038 1167 1110 infestetur,
1192 1046 1223 1100 et
1246 1056 1296 1101 aa·

121 1139 190 1200 dem
214 1142 328 1202 ratione
351 1160 420 1222 pars
444 1147 593 1207 montium
614 1147 694 1206 inter
715 1127 891 1206 Armeniam
913 1150 944 1206 et
960 1143 1135 1206 Hiberniam
1157 1142 1298 1215 dicuntur

119 1245 151 1304 in
174 1245 438 1326 orientaliliogua
459 1248 675 1311 Acroceraunii
699 1255 824 1328 propter
838 1248 997 1309 fulminum
1011 1246 1186 1326 frequentes
1211 1265 1298 1309 casus

119 1347 150 1407 in
173 1364 237 1408 eos.
282 1349 349 1410 Non
371 1352 470 1413 solum
494 1358 595 1413 autem
610 1353 704 1431 Alpes
719 1353 821 1414 vestiti
836 1352 952 1413 nivibus
976 1330 1047 1412 sunt
1069 1352 1147 1422 albi,
1171 1352 1225 1413 sed
1249 1352 1298 1413 alil

120 1449 278 1512 adustione
302 1454 375 1514 solis
399 1454 551 1524 decalvati,
562 1455 759 1517 candentibus
773 1456 898 1534 rupibus
914 1472 931 1515 a
946 1454 1036 1539 longe
1053 1454 1193 1517 videntur
1207 1456 1297 1517 nivei.
1353 1505 1362 1524 .

120 1552 205 1614 Sicut
220 1561 321 1617 autem
336 1575 394 1618 non
409 1559 527 1630 subito,
551 1557 606 1619 sed
622 1560 717 1620 multo
743 1565 879 1636 tempore
902 1559 975 1618 lacti
998 1565 1069 1620 sunt
1091 1566 1227 1631 montes,
1253 1561 1299 1621 sic

117 1655 181 1733 jam
203 1675 263 1721 non
287 1658 403 1733 subito,
436 1660 492 1722 sed
515 1662 659 1741 paulatim
688 1661 870 1724 decrescunt
900 1668 932 1723 et
961 1659 1112 1735 detluunt,
1145 1670 1176 1724 et
1198 1681 1299 1743 rupes,

121 1776 199 1837 quae
222 1762 304 1823 mille
329 1766 413 1825 annis
437 1767 567 1827 minatae
590 1773 660 1826 sunt
682 1767 812 1836 ruinam,
835 1767 1077 1839 continuerunt,
1108 1768 1187 1827 sicut
1209 1784 1299 1848 eape-

119 1866 252 1938 riuntur,
276 1868 327 1946 qui
350 1885 442 1948 saepe
459 1867 551 1948 Alpes
573 1876 745 1940 transeunt,
770 1872 865 1950 magis
889 1876 991 1932 autem
1013 1871 1066 1949 qui
1088 1871 1298 1944 immorantur3

121 1985 191 2029 nam
214 1987 307 2050 saepe
329 1975 469 2036 noctibus
499 1993 535 2036 er
563 1990 636 2037 casu
666 1977 829 2036 minacium
858 1977 979 2055 rupium
1010 1980 1113 2036 tantus
1145 1976 1299 2055 strepitus,

120 2090 223 2134 rumor
254 2081 286 2136 et
309 2080 505 2168 percrepatio
527 2081 661 2149 insonat,
691 2084 725 2140 ut
747 2085 870 2158 putetur
892 2079 1022 2141 mundus
1046 2082 1171 2143 moveri.
1218 2076 1299 2140 vidi-

121 2196 189 2239 mus
213 2180 294 2239 enim
317 2182 349 2241 in
371 2182 497 2244 vallibus
516 2180 619 2258 jacere
643 2182 772 2262 grandes
796 2188 950 2262 patrarum
973 2185 1088 2256 moles,
1112 2191 1145 2263 ei
1165 2185 1195 2245 in
1219 2184 1300 2244 altis-

121 2282 213 2343 simis.
229 2286 434 2346 cacuminibus
449 2303 541 2347 vacua
556 2286 621 2346 loca
646 2294 677 2346 et
692 2288 911 2357 concavitates,
936 2305 972 2348 cr
989 2289 1097 2365 quibus
1114 2286 1301 2349 deciderunt.

210 2383 354 2458 Quamvis
378 2394 478 2451 autem
500 2391 560 2468 ipsi
590 2396 709 2451 montes
733 2391 793 2450 sint
816 2389 974 2451 horribiles
1001 2398 1031 2451 et
1053 2391 1142 2469 rigidi
1165 2389 1234 2468 gelu
1256 2390 1302 2449 ni-

122 2491 205 2552 vium
238 2496 289 2554 aut
321 2490 427 2553 ardore
451 2493 542 2564 solis,
576 2499 607 2554 et
629 2511 725 2573 usque
748 2494 780 2553 in
801 2495 899 2555 nubes
922 2512 976 2555 sua
1000 2494 1157 2556 altitudine
1180 2499 1302 2573 proten·

124 2596 246 2668 dantur,
270 2599 354 2676 ipsae
377 2603 478 2659 tamen
503 2597 594 2660 valles
617 2590 673 2658 sub
697 2585 745 2658 eis
763 2604 834 2659 suni
857 2615 1002 2659 amoenae
1026 2594 1099 2678 (b),
1132 2597 1248 2659 fertiles
1271 2603 1302 2659 et

124 2701 258 2760 omnium
282 2701 583 2763 mundideliciarum
606 2701 808 2773 abundantes,
832 2703 910 2763 sicut
932 2702 1101 2780 paradisus.
1139 2700 1182 2763 lbi
1204 2700 1301 2761 bomi-

123 2822 178 2866 nes
202 2811 233 2865 et
251 2804 389 2883 jumenta
411 2808 441 2866 in
464 2809 592 2869 maxima
614 2807 748 2868 habitant
780 2806 988 2878 multitudine,
1024 2811 1055 2866 et
1085 2807 1187 2866 omnia
1217 2805 1304 2884 quasi

123 2910 245 2970 metalla
269 2910 307 2972 de
329 2909 456 2989 Alpibus
480 2910 677 2982 effodiuntur,
703 2906 830 2971 maxime
856 2916 1025 2988 argentum.

209 3014 242 3075 ln
265 3017 356 3075 tantis
380 3015 496 3076 deliciis
519 3016 623 3077 vivunt
644 3016 675 3074 in
698 3016 849 3075 montanis
872 3014 1031 3087 homines,
1055 3017 1150 3077 etita
1173 3012 1303 3076 mundus

123 3119 164 3180 ibi
188 3118 292 3190 lloret,
317 3136 352 3181 ac
374 3121 400 3180 si
422 3118 541 3192 Venus,
564 3118 702 3181 Bacchus
719 3118 874 3198 Ceresque
897 3119 936 3180 ibi
959 3121 1171 3199 principarent.
1209 3117 1303 3177 Num·

125 3239 214 3301 quam
236 3222 288 3283 ille
305 3223 460 3295 crederet,
484 3225 535 3302 qui
551 3224 671 3303 alonge
688 3224 802 3302 aspicit·
814 3221 925 3301 Alpes,
949 3229 1011 3284 tam
1027 3222 1190 3284 deliciosos
1205 3222 1303 3282 virere

124 3324 278 3405 paradisos
302 3326 357 3386 sub
379 3329 536 3406 perpetuis
569 3318 686 3390 nivibus
718 3333 749 3388 et
771 3329 802 3386 in
826 3327 978 3387 montibus
1003 3334 1127 3388 aeterna
1150 3326 1250 3385 hieme
1274 3329 1305 3383 et

124 3430 221 3509 glacie
244 3430 424 3490 irresolubili
447 3431 676 3508 rigescentibus.
723 3429 800 3491 Tana·
829 3429 981 3490 borribilis
1009 3435 1056 3488 est
1080 3429 1161 3487 enim
1183 3425 1305 3504 Alpium

125 3537 282 3613 aspectus,
305 3538 339 3592 ut
360 3533 531 3611 procedens
555 3542 659 3595 contra
683 3550 749 3605 eas,
772 3534 830 3593 nisi
854 3537 996 3612 expertus
1023 3532 1076 3602 sit,
1109 3535 1252 3608 pavescat
1273 3536 1306 3589 et

125 3643 237 3701 intrare
261 3634 411 3698 formidet.
455 3635 585 3717 Magnae
609 3637 746 3717 proiecto
770 3635 914 3698 audaciae
936 3635 992 3696 luit
1014 3633 1160 3696 Hannibal
1175 3632 1304 3705 Poenus,

126 3743 314 3823 quiprimus
338 3741 447 3803 dicitur
461 3742 556 3821 Alpes
579 3741 691 3802 iecisse
712 3742 847 3820 peruias,
871 3757 946 3820 quas
960 3757 1051 3801 nemo
1070 3756 1213 3817 umquam
1236 3754 1305 3800 cum

126 3847 261 3911 exercito
285 3846 457 3917 transierat,
489 3848 557 3925 ipse
579 3846 660 3905 enim
682 3845 725 3906 ita
748 3846 855 3906 itinera
878 3850 909 3906 ct
931 3845 999 3905 loca
1021 3844 1171 3923 lapidosa,
1201 3849 1305 3904 strues

127 3950 330 4014 comburendo
355 3956 385 4012 et
408 3956 528 4011 acetum
545 3948 751 4023 infundendo,
780 3948 940 4028 patelccit,
971 3955 1006 4008 ut
1028 3947 1208 4027 elephantus
1230 3962 1304 4007 one·

10 4100 14 4108 .
128 4062 209 4117 ratus
231 4058 276 4117 ire
299 4061 419 4135 posset,
454 4072 524 4115 curn
556 4059 644 4116 autea
671 4057 719 4116 vix
748 4070 827 4114 unus
850 4051 941 4113 horno
965 4053 1064 4130 quiret
1086 4067 1204 4130 repere.
1249 4048 1323 4109 Hic‘

128 4155 273 4221 Hannibal
304 4165 435 4237 quantae
458 4157 643 4220 tortitudinis
676 4163 708 4221 et
729 4155 873 4220 audaciae
904 4156 1011 4228 luerit,
1043 4160 1128 4235 patet
1148 4155 1180 4216 la
1201 4152 1304 4215 multis
