2874 4770
180 208 229 281 δ’..
268 220 330 283 &nse

696 291 723 364 θ
771 393 774 396 .

125 471 234 550 quibus
258 475 306 531 est
327 475 486 549 respectus
508 468 600 550 longe·
620 472 742 548 lateque
757 485 813 549 per
825 466 996 548 Aegyptum
1011 471 1042 527 ct
1056 471 1120 526 tota
1134 462 1301 525 amoenitas

98 574 268 652 ,naturalis
298 587 358 635 non
388 568 551 634 artificiads
574 550 674 657 cdl-,in
697 572 764 632 loco
786 575 861 642 isto,
892 570 973 650 quod
1003 571 1113 631 mirum
1145 573 1192 629 est
1221 563 1304 645 apud·

126 695 191 748 mc,
223 676 305 755 quod
326 694 386 737 non
408 650 683 761 numcflfur-»inidr
705 676 859 754 paradisos
887 679 1066 745 terrestres,
1099 673 1152 752 qui
1182 687 1235 732 sex
1264 668 1300 729 ab

127 781 278 841 autoribus
301 785 468 858 ponuntur,
492 762 572 840 sicut
593 778 717 857 palpbit.
761 779 840 840 lluic
867 777 968 840 domui
990 762 1214 836 adhaerei²fons
1229 772 1301 834 beass

83 877 85 882 ’
126 885 260 944 tissinrae
284 882 415 960 Virginis
439 878 569 952 Mariae,
599 881 637 942 de
660 878 747 958 cujus
777 887 844 949 ortu
877 886 909 939 et
930 882 1039 942 virtute
1062 895 1141 938 nunc
1163 876 1300 937 inferam.

126 985 237 1045 Dicunt
259 987 340 1046 enim
363 985 521 1055 historiae,
551 984 667 1045 fontem
696 984 777 1045 bunc
809 1001 871 1044 non
892 1000 1014 1061 semper
1036 983 1076 1042 ibi
1104 980 1214 1051 fuisse,
1246 977 1302 1039 sed

126 1089 307 1149 miraculose
329 1088 467 1165 erupisse
491 1088 589 1149 subito
614 1086 679 1168 (⁷7
695 1083 749 1167 a).
794 1087 874 1148 Dum
903 1088 984 1147 enim
1012 1083 1126 1163 Joseph
1146 1082 1303 1160 Virginem

128 1188 256 1251 Mariam
281 1209 350 1250 cum
374 1208 467 1269 puero
491 1188 563 1251 Jesu
587 1190 625 1252 dc
653 1199 733 1251 terra
755 1190 849 1252 lsrael
876 1189 995 1267 fugiens
1017 1205 1073 1267 per
1094 1187 1249 1248 desertum
1271 1185 1303 1244 in

126 1296 177 1354 siti
201 1300 232 1354 et
254 1292 376 1355 defectu
400 1295 530 1354 maximo
561 1311 658 1372 usque
686 1294 745 1354 buc
770 1295 805 1354 *in
828 1292 961 1353 Busirim
988 1292 1136 1362 venisset,
1150 1321 1153 1379 ζ
1167 1288 1304 1353 transivit

126 1395 240 1475 Joseph
263 1395 301 1457 de
324 1396 415 1457 domo
438 1395 476 1458 ad
498 1396 639 1467 domum,
664 1413 759 1474 aquae
782 1400 887 1474 potum
909 1395 1064 1473 postulans
1088 1411 1142 1472 pro
1164 1376 1304 1481 pu'cfijaet

126 1499 275 1578 Virgine,
290 1499 345 1561 sed
366 1518 456 1561 nemo
479 1500 523 1560 illi
545 1498 650 1570 dabat,
674 1499 821 1559 habebant
843 1501 989 1559 tamenin
1004 1497 1142 1558 domibus
1159 1486 1304 1574 aquilium
1389 1548 1393 1555 .

129 1605 263 1681 copiam,
287 1605 356 1680 quia
373 1604 459 1664 Nilus
473 1620 533 1664 non
550 1604 640 1681 longe
654 1602 696 1662 ibi
712 1599 858 1670 decurrit,
882 1617 974 1678 aquo
986 1599 1071 1677 juxta
1085 1600 1304 1680 Aegyptiorum

126 1724 244 1766 morem
276 1716 384 1784 aquam
413 1709 444 1767 in
472 1708 622 1785 amphoris
644 1711 678 1800 et
700 1701 812 1784 hydriis
844 1702 1013 1764 afferebant
1038 1702 1303 1779 etpescrvabant..

128 1808 266 1887 Cumque
279 1807 402 1887 Joseph
433 1826 545 1870 vacuus
574 1809 668 1868 tristis
697 1804 851 1877 rediisset,
882 1806 974 1884 Virgo
1005 1774 1181 1885 undidem
1208 1822 1304 1884 puero
1337 1853 1340 1859 .

128 1911 256 1972 sollicita
281 1912 393 1973 orabat.
439 1912 481 1972 Ea
505 1908 606 1972 autem
621 1915 742 1981 orante,
766 1927 856 1981 ecce,
879 1909 916 1970 ad
932 1910 1009 1970 latus
1026 1910 1173 1988 gloriosae
1189 1906 1303 1968 Mariae

127 2015 258 2095 Virginis
274 2016 340 2077 fons
357 2018 441 2077 vivus
459 2002 578 2095 erupit,
603 2014 640 2074 de
657 2032 716 2092 quo
733 2013 826 2092 Virgo
841 2010 935 2074 Maria
955 2030 1049 2092 puero
1066 2016 1097 2073 et
1112 2011 1168 2072 sibi
1184 2027 1301 2088 aquarn,

126 2118 206 2179 haud
229 2119 351 2181 dubium
374 2121 581 2190 sanissimam,
604 2118 705 2178 bausit
727 2124 758 2178 et
779 2115 892 2195 Joseph
917 2133 953 2177 ex
976 2134 1012 2177 ea
1035 2117 1144 2176 sumsit
1162 2113 1198 2175 ad
1213 2131 1304 2174 usum

128 2223 263 2284 ciborum
286 2225 488 2303 parandorum
511 2239 584 2283 suae
608 2239 712 2282 sacrae
734 2219 905 2283 familiolae.
951 2218 1169 2303 Domum-cibo
1185 2223 1216 2277 et
1230 2221 1303 2294 potu

127 2333 227 2386 surnto
251 2327 342 2405 Virgo
367 2329 496 2406 gloriosa
511 2344 640 2404 puerum
655 2325 697 2384 ihi
711 2323 861 2384 balneavit
876 2328 906 2382 et
921 2323 1125 2383 involumenta
1141 2318 1207 2396 ejus
1223 2318 1303 2378 lavit.

126 2427 240 2490 Mansit
262 2437 363 2491 autem
379 2431 420 2488 ibi
435 2431 577 2507 perennis
595 2444 689 2504 aquae
706 2424 820 2496 fluxus;
845 2443 914 2485 nam
937 2430 1006 2485 ante
1023 2422 1183 2485 adventum
1198 2422 1304 2482 beatae

127 2528 242 2592 Mariae
266 2548 343 2608 aqua
365 2529 416 2590 illa
439 2530 493 2590 sub
516 2532 575 2589 isto
599 2530 666 2589 loco
689 2545 744 2607 per
766 2532 932 2587 cataractas
955 2530 1053 2587 terrae
1077 2542 1199 2585 cursum
1214 2539 1305 2582 suum

127 2633 247 2706 habuit,
271 2624 302 2694 in
325 2633 454 2694 adventu
478 2638 579 2693 autern
602 2630 668 2708 ejus
692 2630 729 2691 ad
752 2632 920 2691 orationem
942 2646 1028 2690 suam
1050 2634 1130 2689 terra
1145 2627 1306 2705 inspissata

126 2736 182 2796 fuit
216 2744 246 2797 et
275 2737 365 2797 finem
400 2742 566 2797 cataractae
589 2735 678 2807 fecit;
713 2751 770 2794 nec
802 2733 878 2793 ultra
908 2730 1074 2812 procedere
1109 2731 1216 2800 valuit,
1248 2745 1306 2790 nec

127 2848 251 2919 propter
276 2857 369 2918 aquas
392 2846 557 2917 sequentes
581 2836 784 2899 retrocedere.
829 2834 916 2897 Unde
940 2840 1064 2913 repente
1087 2840 1198 2894 terram
1215 2833 1305 2921 rupit,

127 2946 331 3026 et--emanavit
353 2943 530 3020 fontemque
554 2944 696 3020 perennis
720 2959 816 3020 aquae
831 2940 913 3003 fecit.
958 2938 1053 2999 Porro
1068 2954 1146 3018 aqua
1161 2938 1304 2998 emanans

126 3046 305 3107 decurrebat
327 3048 357 3106 in
380 3047 549 3124 proximum
572 3046 627 3104 sub
650 3045 717 3106 loco
742 3063 859 3124 agrum,
880 3050 914 3110 ,et
934 3048 1063 3120 quantae
1078 3041 1203 3111 virtutis·
1212 3045 1305 3110 essct,

126 3149 175 3209 vel
198 3141 347 3228 quantam
361 3152 503 3209 virtutem
527 3150 712 3226 accepisset,
738 3149 773 3209 ab
797 3166 851 3220 eo,
876 3148 972 3226 quiin
988 3136 1305 3222 eabatneatdtt‘p‘rtmo

126 3250 236 3322 fuerat,
269 3250 396 3311 effectus
431 3252 618 3328 subsequens
642 3250 782 3312 ostendit.
829 3251 937 3311 Statim
965 3251 1046 3309 enirn
1076 3251 1106 3308 in
1137 3250 1204 3325 ipso
1235 3264 1305 3325 agro

126 3353 273 3432 pullulare
298 3359 464 3431 coeperunt
487 3355 619 3431 cespites
642 3353 767 3414 balsami
792 3359 822 3414 et
843 3356 874 3413 in
898 3354 1018 3412 arbusta
1039 3331 1150 3428 usque
1166 3348 1305 3428 profece-

128 3466 214 3530 runt,
237 3465 270 3519 ut
293 3458 415 3537 patebit.
461 3455 548 3518 Unde
571 3458 648 3517 bene
671 3462 772 3537 potest
795 3456 855 3516 dici
874 3455 941 3516 fons
964 3455 1121 3516 bortorum
1143 3458 1173 3511 et
1196 3457 1305 3530 puteus

127 3579 273 3640 aquarum
296 3562 491 3630 viventium,
512 3577 589 3638 quae
613 3558 709 3620 fluunt
731 3543 863 3638 impetu,
887 3576 947 3619 non
970 3556 1008 3618 de
1032 3555 1160 3626 Libano,
1190 3554 1245 3615 sed
1267 3554 1305 3615 de

127 3663 286 3743 profundo.

213 3765 337 3826 Praeter
360 3766 418 3824 hoc
442 3770 556 3854 autern,
580 3766 661 3844 quod
683 3765 751 3826 fons
774 3766 884 3827 dicitur
898 3765 1004 3824 beatae
1020 3762 1169 3840 Virginis,
1193 3779 1209 3821 a
1229 3779 1304 3821 non·

128 3869 219 3930 nullis
242 3862 503 3929 norninatur'fons
527 3869 619 3940 solis,
653 3871 722 3946 quia
752 3869 835 3947 regio
858 3867 908 3927 illa
931 3867 1117 3927 balaamitica
1139 3863 1307 3925 secundum

125 3972 292 4033 Avicenam
315 3973 486 4031 nominatur
509 3972 614 4031 oculus
639 3973 729 4043 solis,
763 3977 794 4031 et
823 3968 890 4030 fons
919 3969 970 4029 ille
999 3975 1047 4029 est
1077 3970 1162 4046 quasi
1184 3967 1308 4028 lacrima

127 4076 206 4136 oculi
228 4076 328 4134 solis·
358 4073 485 4152 lnsuper
505 4056 626 4150 judaica
649 4074 788 4153 perfidia,
821 4089 944 4150 semper
975 4071 1084 4132 rodens
1117 4060 1307 4131 beatissimae

126 4178 257 4256 Virginis
288 4178 430 4255 gloriam,
465 4176 545 4237 hunc
574 4176 689 4238 fontem
711 4178 855 4238 ¹nominat
881 4175 996 4235 fontem
1021 4172 1150 4253 loseph.
1197 4174 1308 4234 Dicunt

129 4283 228 4350 enim,
252 4280 334 4360 quod
361 4282 392 4340 in
413 4279 466 4341 illo
488 4280 555 4341 loco
571 4278 684 4359 Joseph
707 4280 875 4341 occurrerit
897 4280 975 4356 patri
997 4295 1053 4338 suo
1068 4275 1160 4337 Jacob
1174 4276 1307 4338 venienti
