2874 4770
666 179 731 251 108

109 363 176 438 ipse
199 360 270 420 milri
294 361 441 438 pepercit.
488 357 658 422 Constituto
680 368 781 422 autem
795 362 908 423 vicario
924 360 1041 438 recepit
1057 354 1288 435 Tanguardinus

110 464 265 525 licentiam
289 464 413 525 anobis
439 470 467 523 et
491 463 527 523 ad
550 466 669 543 propria
693 482 833 524 reversus
858 470 903 524 est
924 481 993 523 cum
1010 463 1088 532 suis;
1113 478 1168 519 nos
1183 466 1285 520 autem

111 566 148 628 ad
179 570 329 647 proximas
361 569 504 645 coquinas
537 568 774 628 sarracenorum
805 568 953 626 currimus
983 572 1012 625 ct
1044 567 1127 627 cibos
1158 566 1288 624 emimus

110 676 142 735 et
163 687 290 730 coenam
314 673 343 728 in
366 673 433 730 nari
456 671 592 730 fecimus.
638 669 807 730 Facta'est
837 677 938 729 autem
969 669 1097 729 obscura
1121 685 1179 727 nox
1201 674 1287 726 ante·

110 789 199 850 quam
221 772 436 833 recederemus
461 791 476 833 a
499 780 599 850 portu.
644 772 786 833 Sedimus
816 790 888 850 ergo
920 773 950 830 in
982 775 1049 833 navi
1083 790 1152 831 cum
1175 771 1289 830 laetitia

109 891 165 953 pro
188 892 241 944 eo,
275 875 357 954 quod
381 877 471 937 salvis
495 877 613 937 cutibus
644 876 683 936 de
714 876 766 937 illo
801 877 984 937 excoriatore
1016 878 1184 944 evasimus,
1217 875 1288 934 licet

115 976 261 1041 allevietis
286 981 456 1060 marsupiis.

604 1285 787 1356 Recessus.

196 1484 348 1547 Vicesima
372 1483 435 1555 die,
458 1487 488 1544 in
512 1492 601 1545 nocte
625 1484 834 1563 praecedenti,
857 1500 931 1543 nave
955 1483 1052 1544 soluta
1076 1500 1092 1543 a
1115 1488 1203 1559 portu
1226 1481 1287 1542 Nili

109 1588 228 1651 Cairino
244 1589 443 1659 recessimus,
466 1595 590 1649 ventum
614 1597 714 1655 autem
740 1590 921 1649 contrarium
944 1586 1102 1646 habuimus
1125 1587 1181 1655 ita,
1205 1585 1286 1663 quod

108 1699 237 1772 quatuor
259 1699 368 1753 nautae
391 1694 487 1752 nostri
510 1691 608 1754 Mauri
639 1695 730 1754 remis
761 1710 869 1753 navem
901 1692 1020 1750 trahere
1051 1706 1179 1749 necesse
1210 1696 1283 1749 erat.

107 1793 200 1856 Porro
223 1795 335 1855 multae
359 1813 449 1856 naves
471 1798 643 1857 aromaticis
660 1796 820 1874 speciebus
836 1814 891 1855 nos
907 1793 1110 1872 sequebantur
1126 1799 1157 1851 et
1172 1792 1285 1852 multae

107 1899 264 1977 praeibant
287 1905 318 1957 et
341 1915 437 1976 aequo
462 1899 633 1960 dillortunio
658 1900 734 1958 sicut
759 1906 789 1958 et
821 1917 876 1958 nos
909 1905 1015 1957 contra
1043 1903 1166 1955 ventum
1195 1912 1284 1955 cona·

107 2002 232 2071 bantur,
267 2000 321 2062 sed
344 2001 427 2062 tarda
451 2009 516 2062 erat
537 2002 686 2079 navigatio
710 2008 812 2061 nostra
835 2007 864 2061 et
889 2001 1038 2071 taediosa,
1070 2001 1190 2059 navium
1212 2017 1285 2059 vero

109 2103 147 2165 de
170 2105 244 2164 mari
267 2104 497 2165 ascendentium
520 2111 623 2165 contra
648 2121 756 2182 aquam
779 2109 842 2163 erat
866 2123 883 2164 e
907 2104 1057 2163 contrario
1075 2104 1284 2164 velocissimus

109 2225 215 2269 cursus
240 2214 270 2268 et
293 2210 378 2287 quasi
402 2210 541 2270 volabant
565 2208 657 2269 ductu
681 2208 817 2269 velorum
842 2203 898 2287 (h)
922 2208 1033 2285 pariter
1066 2212 1096 2266 et
1126 2223 1283 2284 equorum.

107 2306 183 2373 Nam
215 2313 294 2373 sicut
326 2329 381 2390 per
403 2312 543 2375 Rhenum
573 2330 693 2372 sursum
724 2311 857 2396 trahunt.
876 2327 968 2372 naves
993 2327 1009 2369 a
1033 2309 1157 2378 Colonia
1188 2311 1284 2387 equis,

108 2416 153 2475 sic
175 2413 212 2476 de
236 2417 312 2476 mari
334 2413 535 2476 Alexandrino
559 2434 612 2494 per
634 2416 734 2477 Nilum
759 2432 879 2475 sursum
911 2414 1070 2474 trahuntur
1101 2415 1132 2473 in
1155 2412 1283 2491 Rabylo-

106 2521 196 2581 niam.
242 2518 334 2580 Porro
364 2521 400 2579 ab
431 2527 557 2599 utraque
588 2527 672 2598 parte
702 2518 834 2579 fluminis
866 2518 1075 2578 delectabilem
1100 2524 1131 2578 et
1153 2518 1285 2578 fertilem

106 2623 265 2684 habuimus
287 2631 398 2684 terram
423 2642 492 2683 eum
524 2624 625 2684 multis
655 2622 775 2685 villulis.
822 2623 897 2683 Sunt
929 2630 1030 2681 autem
1059 2620 1166 2682 domus
1196 2622 1283 2682 villu-

107 2726 203 2787 larum
228 2743 333 2786 0mnes
357 2729 436 2786 sicut
459 2728 566 2788 clibani
589 2727 762 2788 testudinati
782 2726 849 2786 ‘luto
870 2724 944 2795 Nili,
969 2724 1051 2802 quod
1073 2732 1160 2786 tenax
1184 2733 1231 2786 est.
1254 2731 1285 2785 et

108 2837 211 2908 aptum
234 2829 270 2888 ad
294 2829 428 2890 aedilicia
451 2834 643 2891 rusticorum.
689 2830 895 2891 Aestimabam
918 2831 1038 2907 primo,
1069 2828 1149 2906 quod
1178 2848 1283 2890 omnes

77 2937 84 2950 “
108 2930 216 3000 domus
240 2940 344 2993 essent
366 2951 475 3010 parvae
492 2935 667 3004 moscheae,
693 2937 761 3012 quia
776 2934 922 3012 pulchrae
938 2951 1030 3011 opere
1047 2940 1198 2994 camerato
1214 2941 1285 2994 sunt

108 3034 214 3096 iactae.
262 3035 347 3096 Juxta
370 3037 457 3096 villas
482 3046 567 3098 erant
590 3040 797 3100 amoenissimi
820 3038 917 3108 horti,
941 3040 1019 3117 agri,
1049 3037 1201 3109 viridaria,
1228 3056 1282 3115 po-

108 3138 215 3208 maria,
239 3139 269 3198 in
294 3141 400 3216 quibus
425 3142 599 3214 canamelli,
625 3142 735 3219 dactyli
759 3148 789 3200 et
812 3159 951 3219 quaeque
975 3141 1073 3201 dulcia
1096 3142 1281 3202 crescebant.

107 3241 221 3302 Verum
244 3241 319 3301 haec
342 3245 508 3305 amoenitas
532 3263 592 3305 non
615 3252 679 3306 erat
702 3243 851 3322 undique,
876 3244 929 3304 sed
954 3246 1104 3315 salumin
1119 3245 1208 3315 locis,
1232 3247 1282 3322 qui

106 3343 166 3405 Nili
190 3346 274 3422 aquis
298 3347 412 3424 irrigari
436 3355 589 3426 poterant,
614 3355 734 3409 caetera
759 3351 839 3408 enim
863 3349 928 3408 loca
951 3351 1061 3428 irrigua
1083 3356 1169 3408 erant
1191 3347 1281 3418 arida,

108 3463 249 3519 arenosa,
275 3449 402 3521 sterilia,
426 3431 505 3512 sicut
522 3452 685 3512 desertum.
732 3449 827 3513 Lento
846 3459 944 3514 autem
961 3452 1053 3531 gradu
1077 3454 1281 3530 processimus

106 3550 158 3613 illa
180 3557 241 3613 tota
266 3552 329 3623 die,
355 3572 410 3614 nec
434 3562 516 3616 extra
540 3558 642 3616 emissi
665 3555 795 3626 luimus,
830 3572 867 3615 ea
890 3562 1005 3627 autem,
1040 3556 1170 3634 quaein
1195 3554 1281 3615 Caino

107 3671 291 3726 emeramus,
316 3656 561 3719 manducavimus
585 3660 676 3719 etde
701 3675 776 3735 aqua
799 3660 877 3719 sacri
896 3656 1027 3718 fluminis
1042 3659 1180 3732 bibimus,
1205 3675 1281 3736 quae

105 3762 207 3818 tamen
232 3767 296 3817 erat
319 3759 434 3821 turbida
459 3768 489 3822 et
512 3759 629 3838 tepida,
654 3761 808 3821 deiecerat
830 3763 912 3821 enim
935 3764 1036 3822 vinum
1060 3763 1096 3822 de
1113 3763 1228 3823 utribus
1251 3772 1282 3825 et

106 3878 175 3923 eum
198 3861 371 3922 Sarraceois
395 3879 502 3940 aquam
525 3863 628 3922 bibere
652 3863 839 3936 studuimus;
873 3866 938 3924 sine
971 3867 1089 3925 timore¹
1103 3872 1205 3926 tamen
1228 3869 1279 3928 ali-

105 3961 192 4040 cujus
215 3964 386 4025 iniectionis
410 3965 447 4025 de
472 3982 547 4043 aqua
571 3964 702 4027 fluminis
726 3967 855 4027 bibimus
880 3969 1027 4038 scientes,
1051 3985 1119 4029 eam
1142 3986 1178 4030 cx
1195 3988 1280 4049 para-

104 4064 171 4126 diso
195 4069 356 4128 sanissimo
381 4067 542 4146 profluere.
590 4069 640 4129 Sic
664 4088 735 4148 ergo
759 4070 839 4131 diem
862 4071 947 4131 illum
970 4089 1040 4131 cum
1062 4071 1162 4132 taedio
1186 4072 1279 4132 dedu·

105 4169 217 4242 ximus,
249 4173 319 4249 quia
351 4169 432 4231 lente
462 4163 676 4234 descendimus
700 4180 731 4235 et
753 4160 961 4235 somnolentos
984 4183 1090 4238 nautas
1113 4175 1280 4248 babuimus,
