2874 4770
717 157 784 229 tut

195 402 199 409 ,
295 404 304 419 ,
337 337 370 397 in
390 333 588 396 lateranensi
610 336 741 398 ecdesia
771 336 952 407 celebrarit,
983 337 1100 396 ratione
1133 341 1239 395 contra
1263 335 1343 395 Con·

165 352 333 505 mrim
354 443 502 501 minorem
525 442 634 503 exulat

251 541 337 607 lianc
359 563 434 624 ergo
456 548 609 606 civitatem
631 548 784 624 egregarn
799 544 891 605 Turci
914 551 1062 622 ceperunt
1084 545 1153 603 loco
1175 544 1284 603 Cretae
1299 545 1346 603 in-

167 647 261 709 sulae.
305 647 450 720 Qnsmris
471 659 573 710 autem
594 651 694 710 insula
716 650 807 710 Creta
828 653 869 709 sit
891 651 1014 726 optima,
1037 655 1107 707 suut
1130 655 1233 706 tamen
1255 649 1287 705 in
1311 663 1347 706 ea

168 750 316 830 quaedam
346 752 434 813 rilde
460 753 658 814 detestabilia.
707 753 842 814 Primum
877 761 924 813 est
953 751 1151 813 immunditia.
1196 750 1348 810 immundi

169 858 251 917 enim
273 863 378 916 tenent
403 856 546 917 eandum
568 859 724 916 ciuitatem
745 859 776 916 in
799 865 935 928 tartum,
969 854 1050 934 quod
1076 854 1276 914 abominabile
1300 860 1350 915 est

168 956 286 1030 ridere';
302 977 423 1020 omnem
439 978 570 1039 namque
585 960 744 1021 domorum
758 960 978 1021 immunditiam
989 960 1147 1021 ellundunt
1162 961 1193 1018 iu
1208 960 1349 1036 publicos

167 1065 267 1134 vicos,
300 1072 370 1124 ante
399 1062 493 1124 aedes
519 1065 648 1125 bumana
671 1066 761 1145 (1¹11
776 1063 821 1143 a)
851 1073 1005 1135 stercora,
1039 1082 1101 1124 non
1129 1065 1211 1122 enirn
1235 1062 1350 1123 habeut

169 1170 202 1230 iu
224 1168 364 1231 domibus
386 1170 520 1238 cloacas,
548 1168 606 1230 sed
635 1178 740 1248 egesta
771 1173 803 1230 in
830 1172 907 1231 ollas
929 1169 1090 1248 projiciunt
1121 1171 1152 1228 in
1181 1168 1349 1247 publicum,

170 1275 249 1335 sicut
271 1272 417 1334 caderem
440 1273 632 1345 aninssnm,
667 1291 759 1335 canes
780 1283 918 1334 mortuos
940 1282 970 1333 et
997 1279 1110 1343 cattos,
1133 1279 1164 1332 et
1182 1290 1349 1359 quaecum-

171 1394 231 1457 que
258 1379 291 1457 in
321 1376 460 1438 domibus
489 1395 550 1439 nou
582 1385 711 1456 possunt
734 1381 904 1445 sustinere,
935 1396 992 1457 per
1022 1377 1187 1436 fenestram
1210 1379 1242 1436 iu
1266 1379 1350 1438 ricus

171 1481 332 1562 projiciunt
355 1489 425 1542 ante
441 1500 511 1543 suas
527 1482 619 1553 iores,
642 1500 700 1543 nec
723 1489 771 1542 est
793 1487 846 1559 qui
862 1481 1011 1560 deportet,
1034 1489 1064 1540 et
1080 1483 1141 1540 uisi
1155 1498 1212 1540 suo
1228 1481 1349 1540 terrore

170 1587 273 1647 statim
285 1585 478 1647 humiditates
500 1594 691 1647 consumeret
707 1584 796 1664 [sol],
817 1603 909 1646 nemo
924 1593 1030 1664 posset
1039 1585 1170 1645 tolerare
1184 1584 1347 1645 foetorem.

170 1687 257 1750 Adeo
272 1697 375 1751 autem
390 1698 598 1770 augmentatae
613 1697 684 1749 suut
701 1688 924 1759 immunditiae,
948 1688 1028 1766 quod
1042 1696 1123 1757 terra¹
1138 1707 1232 1766 super
1246 1696 1350 1767 postes

171 1792 332 1855 inferiores
354 1795 500 1854 ostiomm
530 1795 679 1866 excreuit,
709 1796 750 1854 ita
773 1792 856 1871 quod
873 1792 938 1870 jam
959 1795 991 1853 in
1018 1792 1126 1854 domos
1149 1800 1197 1852 est
1218 1793 1349 1854 descen-

173 1914 226 1957 sus
248 1914 304 1975 per
325 1895 401 1958 dnos
420 1883 471 1960 'rel
494 1904 557 1958 tres
579 1897 704 1976 gradus,
727 1901 759 1958 in
782 1915 857 1976 quas
878 1897 1047 1958 secundum
1069 1896 1197 1957 aedificii
1219 1896 1350 1976 disposi-

173 2002 287 2061 tionem
316 2000 374 2060 tuit
403 2016 549 2062 ascensus
580 2020 636 2081 per
657 1988 741 2063 dnos
756 2004 805 2063 rel
827 2009 890 2063 tres
914 2000 1034 2080 gradus.
1079 2001 1223 2062 caussam
1249 2009 1351 2063 autem

172 2101 252 2166 illius
275 2105 409 2165 incuriae
431 2107 604 2167 sciscitatus
627 2123 645 2186 a
667 2105 797 2184 quodum
820 2105 959 2166 Cretensi
990 2101 1064 2177 milii
1091 2105 1172 2166 iacto
1202 2104 1352 2177 familiari,

175 2210 227 2289 qui
250 2208 324 2284 dixit
346 2210 433 2282 mihi,
466 2209 550 2289 quod
579 2218 649 2272 ente
673 2211 1010 2288 constantinopolitane,
1034 2212 1118 2270 urbis
1147 2209 1352 2292 perditionem

174 2315 257 2376 omni
280 2317 448 2403 septimana
478 2317 661 2394 purgabatur
689 2317 792 2376 civitas
820 2333 876 2393 per
903 2329 1050 2393 personas
1082 2312 1260 2391 deputatas,
1294 2314 1352 2374 sed

175 2420 285 2482 emissa
307 2419 381 2479 urbe
396 2427 457 2480 tarn
472 2419 626 2499 ordinatae
643 2420 766 2498 politice
782 2419 944 2479 Cretenses
966 2424 998 2479 et
1020 2417 1095 2478 aliae
1111 2409 1351 2479 Christianorum

176 2525 312 2584 civitates
348 2521 546 2603 desperantes
584 2523 707 2604 politiae
740 2522 878 2585 ordinem
908 2522 1122 2592 deseruerunt,
1156 2521 1352 2600 providentes

176 2629 275 2689 solum
298 2628 436 2689 dumibus
459 2631 539 2698 suis,
563 2626 601 2687 de
623 2627 752 2706 publicis
776 2634 804 2687 et
823 2627 1033 2687 communibus
1049 2626 1138 2686 rebus
1162 2644 1224 2686 non
1245 2644 1353 2687 curan-

176 2737 239 2804 tes,
275 2750 309 2791 ac
332 2733 357 2792 si
384 2731 447 2808 jam
469 2734 500 2792 iu
522 2732 638 2793 Turcos
669 2730 867 2792 transferendi
899 2738 1011 2790 essent.
1056 2729 1122 2798 Alia
1145 2730 1354 2791 immunditiae

177 2853 283 2897 caussa
307 2844 369 2909 cst,
402 2839 471 2915 quia
495 2837 603 2898 Veneti
635 2838 743 2898 tributa
775 2839 897 2915 exigunt
924 2848 1034 2913 magna
1068 2852 1126 2894 nec
1155 2832 1194 2893 de
1224 2835 1354 2894 civitatis

177 2939 282 3000 ordine
306 2947 337 3001 et
359 2941 462 3020 politia
485 2949 590 3002 curant
612 2946 643 3003 iu
667 2943 730 3012 his,
765 2940 819 3001 sed
843 2958 951 3018 magno
982 2938 1081 2999 studio
1110 2941 1289 3009 observant,
1322 2946 1356 2998 ut

177 3045 287 3122 tributa
308 3045 438 3106 solvant
456 3053 487 3108 et
510 3046 590 3125 quod
624 3067 683 3108 uon
707 3048 961 3125 conspirationem
983 3043 1109 3114 iaciaut;
1138 3042 1210 3103 ideo
1233 3060 1356 3120 semper

178 3149 269 3229 aliqui
293 3151 392 3229 magni
422 3150 460 3210 de
484 3158 588 3211 senatu
613 3151 798 3211 Venetorum
831 3150 872 3210 ibi
901 3155 972 3209 sunt
994 3131 1137 3209 officiales
1160 3148 1272 3218 annui,
1303 3147 1355 3224 qui

177 3272 237 3314 nou
262 3261 366 3314 curant
388 3253 426 3314 dc
450 3255 671 3333 pulchritudine
691 3257 835 3315 vicorum.
868 3251 970 3313 Tertia
993 3271 1099 3313 caussa
1121 3253 1201 3313 illius
1224 3254 1355 3313 immuu-

178 3358 269 3422 ditiae
292 3360 420 3420 sumitur
443 3377 479 3420 ex
502 3362 655 3421 communi
671 3361 829 3440 proverbio
847 3358 926 3439 apud
948 3374 1021 3430 noa,
1045 3377 1105 3437 quo
1122 3358 1240 3430 dicitur,
1264 3375 1355 3418 omne

178 3464 289 3541 pingue
313 3469 360 3523 est
380 3464 583 3538 immundum
607 3472 652 3526 et:
678 3465 727 3526 ubi
751 3481 826 3543 opes
850 3463 891 3524 ibi
914 3462 1036 3534 sordes;
1061 3468 1106 3522 ct:
1131 3463 1180 3523 ubi
1202 3460 1356 3539 pinguedo

177 3564 218 3624 ibi
234 3564 377 3654 putredo.
408 3568 462 3629 Est
483 3575 585 3630 autern
609 3567 719 3647 Gaudia
743 3567 860 3646 farrago
884 3563 1074 3645 pinguedinis
1100 3556 1356 3625 ct'abuudantine

179 3676 491 3747 omnium-bonorum,
515 3676 622 3753 quibus
638 3674 771 3735 huruuua
796 3673 855 3733 vita
880 3676 1081 3741 sustentatur,
1106 3668 1174 3729 ideo
1189 3668 1355 3730 immunda.

284 3778 457 3839 Secundum
473 3776 651 3840 detestabile
675 3782 737 3845 est,
761 3773 843 3854 quod
866 3791 935 3834 cum
959 3775 997 3833 sit
1020 3775 1051 3832 iu
1069 3773 1168 3833 medio
1184 3773 1299 3843 muudi,
1323 3779 1357 3833 ut

178 3897 269 3962 supra
286 3881 400 3943 dictum
416 3887 472 3947 est.
496 3878 652 3941 confluunt
667 3882 704 3942 ad
720 3898 787 3941 earu
810 3879 894 3940 multi
911 3879 1045 3949 cottidie,
1069 3885 1215 3938 ettamen
1242 3879 1273 3936 in
1294 3883 1357 3937 tota

180 3987 252 4049 urbe
276 4001 335 4047 non
358 3989 428 4045 sunt
451 3984 549 4060 alique
572 3983 702 4061 hospitia
724 3986 850 4046 honesta
878 4002 936 4046 nec
969 4002 1024 4063 pro
1055 3980 1273 4042 mercatoribus
1296 3999 1356 4043 nec

179 4109 235 4174 pro
259 4089 435 4171 peregrinis,
458 4102 516 4146 uec
539 4103 593 4164 pro
611 4084 718 4149 lurcis
734 4087 792 4151 nec
814 4108 869 4169 pro
885 4089 1070 4159 sarracenis,
1095 4085 1150 4147 sed
1172 4103 1280 4145 omues
1303 4104 1356 4146 co·

179 4201 290 4280 guntur
312 4190 395 4257 adire
419 4189 741 4275 lupanariashonesu,
755 4201 788 4256 et
803 4193 959 4272 religiosi,
983 4199 1015 4255 ct
1036 4192 1078 4253 ibi
1100 4200 1155 4270 pro
1178 4192 1357 4252 vitae-suae
