2874 4770
696 174 759 245 179

143 363 195 407 cos
218 352 423 409 mercatorum
444 364 543 426 paene
566 346 687 410 deserta
709 356 780 424 est,
795 367 854 413 noc
874 352 908 413 in
928 351 1068 416 domibus
1089 352 1188 417 adbuc
1209 355 1317 417 sunti-

141 449 199 511 bus
221 457 293 511 sunt
314 451 506 513 habitatores.

230 554 314 615 llaec
345 558 448 618 civitas
479 574 496 616 a
527 563 667 635 tempore
691 557 723 618 S.
745 555 841 620 Marci
869 561 1085 639 evangelistae,
1116 564 1167 641 qni
1197 563 1314 642 primus

142 660 183 720 ibi
205 658 261 720 fnit
285 662 461 740 episcopus,
486 661 638 739 usquead
661 668 796 740 tempus,
821 681 881 742 quo
905 681 972 724 earn
996 665 1132 727 detinent
1146 666 1314 740 sarraceni,

140 763 197 824 fuit
226 765 352 843 abyssus
382 768 516 828 virorum
549 773 724 827 sanctorum
754 766 863 828 litteris
900 774 932 828 et
959 769 1093 830 moribus
1125 771 1314 849 pollentium,

139 867 176 928 de
210 868 318 947 quibus
356 877 463 948 postea
491 887 587 950 pauca
618 869 766 932 dicentur.
814 871 899 932 Sicut
931 878 1033 932 autern
1055 871 1111 933 fuit
1133 873 1314 951 principium

139 971 361 1049 quodammodo
385 973 555 1053 religionis,
586 976 630 1035 sic
659 982 691 1035 et
714 976 896 1055 principium
925 976 982 1038 fuit
1010 975 1080 1036 fidei
1111 975 1314 1048 desolationis,

138 1082 282 1155 regnante
305 1079 387 1138 enim
409 1085 440 1138 et
463 1080 618 1141 saeviente
633 1077 831 1141 Machomcto
854 1087 920 1141 orta
943 1087 991 1141 est
1013 1078 1123 1140 seditio
1140 1080 1172 1139 in
1185 1077 1314 1139 Alexan·

136 1179 201 1240 dria
221 1183 301 1243 inter
325 1183 406 1244 cives
430 1188 462 1244 et
484 1200 609 1260 graecos
628 1190 830 1256 mercatores,
855 1192 959 1245 contra
987 1200 1065 1263 quos
1088 1185 1170 1244 cives
1185 1181 1314 1242 Alexan·

138 1284 214 1345 driui
236 1283 455 1348 invocaverunt
474 1284 659 1350 Machameti
684 1287 882 1364 adjutorium,
906 1290 958 1367 qui
981 1305 1036 1351 eos
1060 1285 1217 1347 aGraecis
1240 1286 1315 1347 libe·

138 1391 212 1449 ravit
235 1407 370 1468 suaeque
394 1389 508 1451 ditione
531 1390 678 1463 subdidit,
708 1397 738 1452 et
761 1392 871 1453 Christi
898 1392 990 1453 tidem
1018 1390 1120 1450 intulit
1142 1386 1315 1470 (abstulit‘l)

139 1491 216 1551 Nam
239 1493 409 1570 patriarcha
431 1490 667 1565 Alexandrinus,
690 1495 870 1566 Dioscorus,
894 1497 1010 1574 primns
1032 1494 1089 1555 luit
1110 1496 1191 1555 inter
1214 1492 1314 1554 ecclc·

141 1597 279 1656 siasticos
303 1596 474 1673 praelatos,
509 1599 561 1676 qui
579 1590 774 1660 Machametc
797 1602 951 1660 consensit
979 1616 1074 1677 seque
1098 1598 1314 1676 spurcissimae

138 1697 198 1777 legi
223 1699 354 1762 subdidit
382 1706 414 1760 et
435 1707 531 1761 totam
552 1699 721 1782 Aegyptum
744 1708 774 1763 et
800 1702 1034 1780 patriarchatum
1059 1707 1158 1761 toturn
1173 1699 1312 1778 perdidit,

140 1820 157 1862 a
181 1820 241 1879 qno
266 1802 340 1862 aliae
364 1801 467 1863 mundi
490 1810 590 1882 partes
614 1812 683 1866 sunt
704 1805 843 1867 iniectae.
890 1805 935 1867 De
965 1805 1073 1884 quibus
1097 1796 1181 1864 esset
1203 1804 1311 1882 longus

138 1912 299 1978 tractatus,
332 1906 358 1966 si
390 1909 456 1985 quis
490 1907 528 1969 de
558 1910 605 1970 his
636 1902 748 1988 scripta
777 1926 898 1981 narrare
927 1909 1028 1972 vellet.
1072 1907 1108 1969 Et
1132 1914 1249 1968 tanturn
1271 1905 1310 1968 de

135 2011 324 2075 Alexandria.

132 2261 330 2353 Descriptio
373 2261 432 2333 rel
475 2261 750 2353 circumscriptio
785 2261 939 2351 regionis
973 2261 1150 2351 Aegypti,
1192 2265 1229 2333 et
1264 2260 1309 2332 dc

133 2383 351 2456 mirabilibus
379 2379 471 2471 ejus,
515 2381 559 2452 de
586 2384 731 2491 ritibus,
759 2383 903 2470 scholis,
931 2383 1084 2456 scientiis
1111 2383 1161 2455 ibi
1186 2384 1307 2456 inven-

382 2505 444 2594 tis,
473 2504 518 2578 de
547 2504 680 2594 duplici
705 2503 888 2595 Aegypto,
917 2508 953 2578 et
979 2505 1065 2577 eliis.

220 2726 390 2806 Aegyptus,
423 2727 508 2804 regio
532 2722 743 2797 celeberrima,
776 2723 929 2793 codicibus
951 2726 1183 2804 parificantium,
1208 2723 1305 2804 philo·

131 2830 326 2910 sophantium
344 2838 374 2892 et
394 2829 660 2909 theologisautium
678 2829 856 2905 saepissime
871 2831 996 2902 inserta,
1020 2832 1174 2890 nominata
1194 2836 1225 2889 et
1239 2827 1306 2908 plu·

130 2936 241 2996 rituum
265 2935 473 2997 commendata
497 2933 637 3016 (Hermes
661 2929 893 3012 Trismegistns,
925 2929 1107 3012 Aegyptius,
1142 2931 1180 2994 ud
1199 2931 1306 2994 Ascle·

129 3039 235 3117 pium,
259 3037 331 3100 dicit
355 3056 424 3100 esse
446 3038 612 3116 imaginem
635 3034 712 3096 coeli
741 3042 772 3095 et
793 3029 1023 3101 translationem
1044 3038 1197 3109 omnium,
1227 3053 1305 3115 quae

130 3147 275 3219 geruntur
296 3142 328 3200 in
352 3141 456 3213 coelo,
480 3147 514 3200 nt
535 3140 722 3221 Augustinus
746 3122 786 3203 de
807 3145 929 3205 civitate
943 3143 1000 3202 Dei
1013 3139 1104 3202 Libro
1116 3137 1189 3200 vill.
1209 3139 1242 3200 C.
1250 3135 1303 3204 23.

129 3242 230 3324 habet)
264 3265 345 3306 nunc
377 3247 446 3307 loco
469 3246 576 3307 ultimo
599 3247 866 3307 transmarinarum
891 3249 1050 3326 regionum
1077 3245 1160 3307 venit
1189 3242 1303 3304 descri-

127 3347 236 3409 benda.
283 3347 426 3422 Quamvis
459 3351 541 3431 enim
572 3367 608 3412 er
630 3368 722 3429 snpra
745 3350 833 3412 dictis
868 3351 906 3412 de
928 3350 996 3411 Nilo
1019 3355 1050 3412 et
1072 3347 1111 3408 de
1136 3346 1305 3407 civitatibus

128 3453 201 3512 satis
224 3456 327 3529 pateat
350 3452 477 3530 qualitas
499 3453 569 3515 illus
584 3456 736 3532 regionis,
759 3461 862 3517 tamen
876 3455 907 3514 in
927 3452 1061 3533 generali
1076 3450 1175 3528 aliqua
1189 3449 1304 3510 omissa

126 3555 170 3616 ibi
192 3559 353 3635 ponentur.
672 3532 675 3543 ¹

215 3657 322 3736 ltaque
345 3661 428 3738 regio
452 3660 502 3724 illa
523 3665 622 3743 primo
646 3664 802 3726 dicebatur
816 3662 930 3735 Abrea,
952 3661 1031 3722 forte
1053 3665 1179 3739 propter
1201 3658 1302 3736 singu·

125 3762 309 3823 larissimam
336 3765 414 3825 aeris
442 3765 524 3827 illius
546 3770 760 3838 serenitatem
792 3783 885 3844 saepe
915 3768 998 3828 enim
1027 3766 1069 3826 ibi
1092 3769 1172 3826 astra
1200 3762 1304 3823 lucent

126 3885 187 3930 nec
210 3868 393 3945 obteguntur
414 3870 543 3931 nubibus
575 3888 634 3930 nec
661 3870 897 3933 obtenebrantur
917 3870 1037 3933 nebulis
1058 3887 1117 3932 nec
1143 3865 1303 3928 obfuscan-

127 3973 177 4029 tur
209 3969 369 4048 vaporibns
400 3977 452 4033 aut
483 3972 593 4052 pluviis
628 3969 679 4034 aut
707 3973 842 4044 nivibus,
880 3971 937 4033 sed
963 3976 1112 4051 perpetua
1138 3968 1303 4030 serenitate

129 4072 183 4132 atr
205 4073 306 4135 rutilat
335 4063 368 4136 vct
389 4076 531 4138 micantia
553 4073 652 4138 sidera
674 4093 798 4156 semper
821 4081 1003 4148 cemnntnr,
1034 4079 1066 4135 et
1087 4077 1212 4152 propter
1235 4087 1303 4133 eam

131 4191 257 4241 causam
277 4176 381 4245 dicum
401 4179 537 4249 studium
558 4180 741 4263 astrologiae
763 4178 806 4242 ibi
830 4195 900 4241 esse
922 4179 1022 4258 primo
1042 4177 1209 4265 inuentum.
1245 4172 1303 4238 Se·

1008 4284 1070 4342 12⁸
