2874 4770
679 160 746 234 128

125 338 246 412 tribuit,
279 343 359 418 post,
376 336 605 400 inundationem
628 338 734 402 solutis
757 339 886 403 cumulis
909 338 987 404 redit
1008 342 1039 404 iu
1062 344 1182 430 dueum
1204 363 1309 419 suum,

117 443 167 509 ad
188 461 270 506 marc
294 428 441 506 currens,
474 445 508 506 Si
530 450 632 506 autem
655 446 723 527 quis
751 444 884 508 solveret
914 431 1052 509 cumulos
1083 454 1153 510 aute
1184 453 1309 530 tempus

31 533 34 536 ’
124 545 177 611 rel
198 548 277 608 ostia
298 546 469 610 obstrueret
492 548 528 610 ad
551 565 642 611 suum
664 549 825 628 placitum,
856 551 1007 611 caristiam
1028 549 1205 624 induceret;
1238 551 1309 627 ideo

126 653 293 733 imperator
324 653 425 734 legem
458 655 578 725 statuit,
612 659 645 714 ut
678 652 805 715 babetur
832 655 864 714 in
888 652 999 715 Codice
1022 651 1056 713 L.
1080 651 1150 722 tx:
1176 654 1222 716 De
1247 655 1309 716 Nili

123 738 285 837 aggeribus
308 775 370 818 non
393 754 585 836 rumpendis,
619 755 715 836 quod,
751 759 935 836 quicumque
968 754 1142 833 hujusmodi
1171 775 1307 837 aggeres

121 860 186 923 Nili
208 868 379 941 rumperet,
403 863 435 923 in
457 864 525 942 ipso
548 862 615 923 loco
638 859 768 924 llammis
790 865 875 924 exuri
889 862 994 926 debet
1019 862 1057 923 Et
1073 863 1210 941 quamuis
1226 880 1308 924 unus

127 980 225 1029 mnus
245 965 373 1029 fertilior
394 973 425 1029 et
447 966 568 1029 uberior
589 967 628 1027 sit
654 965 729 1038 alio,
752 984 918 1046 numquam
931 974 1033 1029 tameo
1052 968 1175 1048 penitus
1191 965 1308 1027 sterilis

123 1069 262 1132 redditur
282 1069 454 1151 Aegyptus,
488 1070 544 1132 sed
566 1089 704 1152 semper,
736 1072 762 1132 si
784 1089 845 1132 non
869 1071 1071 1134 abundantem
1093 1077 1198 1133 tamea
1220 1068 1307 1131 sulii·

128 1175 261 1236 cientem
282 1173 414 1236 fructum
429 1173 528 1254 reddit
542 1180 623 1236 terra
636 1175 783 1250 beneflcio
798 1174 999 1237 indesinentis
1015 1176 1090 1248 Nili,
1115 1177 1167 1254 qui
1182 1190 1309 1253 semper

127 1277 211 1352 buit,
234 1258 370 1359 quamvis
393 1297 454 1341 non
476 1296 599 1360 semper
621 1279 788 1358 aequaliter
810 1278 915 1340 effluat
937 1286 969 1341 et
991 1280 1132 1351 inundet,
1163 1295 1236 1339 nam
1260 1279 1307 1338 ia·

127 1383 249 1446 nudatio
272 1380 339 1460 ejus
360 1382 393 1443 llt
416 1398 432 1442 a
454 1381 590 1468 inferiori
611 1384 729 1462 regioni
752 1389 783 1444 et
805 1401 821 1444 a
843 1382 1010 1464 superiori:
1035 1385 1071 1446 ab
1086 1383 1222 1445 inleriori
1238 1382 1307 1458 qui·

46 1488 49 1496 ’
129 1486 214 1560 dem,
243 1486 315 1548 dum
346 1488 425 1548 ostia
456 1486 584 1548 cumulis
616 1505 724 1554 arenae
758 1487 937 1550 clauduntur
970 1495 1001 1550 et
1034 1486 1106 1549 llatu
1136 1485 1308 1565 aquilonari

130 1607 225 1670 aquae
247 1607 368 1650 sursum
391 1588 559 1667 pelluntur,
582 1597 615 1652 ut
637 1589 751 1653 dictum
774 1597 837 1664 est;
861 1592 1042 1671 asuperiori
1058 1597 1160 1657 autem
1176 1588 1306 1668 regione

128 1700 256 1774 augetur
277 1693 367 1759 Nilus.
386 1693 423 1753 ab
447 1694 569 1755 aestivis
591 1695 753 1766 imbribus,
786 1693 905 1773 quaudo
928 1697 1067 1774 superior
1088 1692 1252 1772 Aethiopia
1269 1693 1309 1773 iu

126 1799 242 1861 ultimis
264 1798 417 1860 montibus
445 1796 581 1869 diluitur,
615 1797 761 1858 imbribus
795 1804 896 1863 autem
928 1799 1116 1860 cessantibus
1150 1801 1252 1856 cessat
1276 1801 1309 1856 et

127 1903 194 1981 ipsa
216 1900 382 1963 inundatio.
428 1900 505 1981 Quoia
538 1907 639 1963 autem
669 1907 828 1963 ventorum
859 1900 949 1963 llatus
981 1910 1012 1964 et
1041 1901 1181 1963 imbrium
1214 1916 1309 1960 casus

127 2021 190 2066 non
213 2003 378 2083 aequaliter
400 2005 526 2083 singulis
549 2005 634 2066 annis
655 2004 744 2076 fiunt,
768 2007 812 2066 sic
834 2023 892 2066 nec
907 2005 973 2067 Nili
990 2004 1146 2067 inundatio
1170 2001 1310 2079 aequalis

128 2125 250 2187 semper
273 2114 331 2169 est.
375 2108 408 2176 Si
431 2115 533 2170 autern
555 2109 678 2169 omuino
693 2126 755 2169 non
770 2108 946 2182 inundaret,
970 2109 1067 2172 adbuc
1083 2110 1224 2170 homines
1240 2113 1309 2168 arte

127 2219 255 2292 possent
275 2231 330 2294 per
352 2212 519 2282 fossatoras
542 2216 634 2291 aquas
657 2231 712 2292 per
735 2231 823 2292 agros
847 2212 998 2287 dividere,
1033 2215 1112 2275 sicut
1143 2213 1174 2273 in
1197 2210 1308 2271 hortos

126 2335 184 2397 per
205 2323 303 2378 totum
318 2334 438 2380 annum
444 2319 685 2381 transmittuntur
700 2321 787 2380 etita
802 2323 882 2391 term
897 2315 947 2379 illa
962 2335 1086 2397 semper
1100 2314 1159 2377 lert
1173 2313 1305 2397 fructus.

127 2419 285 2484 luundatio
307 2428 409 2484 tamen
432 2423 576 2486 mirabilis
598 2431 756 2504 supportat
778 2423 917 2492 homines
940 2438 957 2482 a
979 2420 1117 2480 maximis
1139 2398 1307 2480 laboribus.

129 2524 256 2588 Occulta
280 2534 380 2589 autem
402 2527 608 2590 inundationis
631 2528 804 2607 hujusmodi
828 2545 919 2590 causa
942 2528 1054 2613 multos
1079 2525 1215 2587 dubitare
1239 2530 1309 2586 turn

128 2630 325 2716 philosophos
353 2638 419 2692 tum
447 2632 606 2692 historicos
636 2649 671 2692 ac
705 2633 786 2694 varia
808 2633 922 2694 sentire
945 2630 1092 2713 compulit
1114 2635 1145 2690 et
1168 2628 1307 2691 diversas

132 2720 359 2814 assignaverunt
380 2734 661 2809 rationestdiversi,
685 2732 722 2802 de
741 2732 849 2811 quibus
865 2725 978 2796 diserte
995 2735 1127 2813 loquitur
1142 2732 1307 2807 Diodorus,

131 2839 355 2916 antiquissimus
377 2834 651 2917 historiographus,
674 2830 763 2894 Libe·
780 2832 807 2896 1.
833 2853 898 2916 cap.
922 2839 959 2901 tl.
982 2837 1033 2899 lol.
1060 2834 1130 2902 116.

216 2939 301 3002 Sicut
332 2938 371 3000 de
399 2940 514 3017 origine
535 2938 595 2999 Nili
625 2942 749 3015 propter
778 2937 837 3000 loci
870 2943 1020 3003 inscitiam
1051 2942 1162 3004 diversi
1185 2940 1307 3003 diversa

129 3041 251 3114 dicunt,
283 3043 382 3104 sicet
405 3040 442 3103 de
466 3042 565 3102 causis
598 3041 778 3101 incrementi
803 3041 870 3120 eJus
894 3043 1012 3107 divcma
1041 3051 1088 3106 est
1120 3042 1207 3108 valde
1231 3063 1305 3123 pru·

129 3144 253 3206 dentum
275 3145 393 3224 positio.
437 3141 622 3222 Eupolemus
646 3141 767 3222 quidam
789 3128 1002 3226 philosophus,
1030 3151 1082 3227 qui
1102 3144 1201 3227 Moysi
1224 3145 1306 3208 lacta

128 3251 160 3310 lu
173 3246 312 3327 Aegypto
329 3251 429 3308 narrat
442 3251 474 3307 et
488 3245 617 3328 Aegypti
632 3247 735 3328 plagas
750 3252 865 3323 recitat,
888 3249 968 3322 dicit,
986 3251 1067 3330 quod
1078 3258 1148 3312 ante
1162 3246 1305 3329 Moysem

129 3353 215 3416 Nilus
239 3352 373 3431 aequalis
396 3369 519 3431 semper
541 3359 625 3426 erat,
657 3353 712 3415 sed
736 3373 805 3416 cum
826 3353 940 3417 Pharao
964 3355 1108 3435 populum
1130 3353 1187 3414 Dei
1208 3352 1304 3414 nollet

130 3456 300 3530 dimittere,
335 3458 486 3537 percussit
507 3455 631 3538 Moyses
665 3457 778 3521 llumeu
812 3466 843 3521 et
864 3466 981 3522 tantum
1013 3457 1163 3520 abundare
1191 3459 1303 3537 coepit,

129 3567 164 3624 ut
177 3562 331 3641 Aegyptus
354 3578 451 3640 paene
474 3568 671 3645 mergeretur.
716 3562 752 3625 Et
775 3582 895 3627 rursum
919 3569 1023 3626 orante
1037 3559 1145 3641 Moyse
1169 3561 1304 3622 decurrit

131 3682 207 3746 aqua
230 3673 260 3728 et
283 3667 320 3728 ab
344 3683 380 3727 eo
402 3673 540 3747 tempore
563 3683 660 3748 usque
682 3687 777 3741 nunc,
812 3667 931 3747 quando
961 3664 1034 3729 illud
1066 3673 1186 3746 tempus
1209 3667 1301 3737 veuit,

93 3824 96 3830 .
131 3789 191 3851 quo
214 3769 338 3849 Moyses
361 3788 453 3850 aquas
476 3754 641 3850 percussit,
674 3763 831 3834 excrescit.
878 3770 943 3833 Hoc
975 3773 1006 3832 in
1028 3770 1136 3832 Euseb.
1161 3769 1224 3831 Lib.
1248 3766 1299 3828 lX.

131 3894 196 3956 cap.
220 3872 250 3938 4.
296 3873 420 3947 Thales,
451 3894 528 3938 unus
552 3874 589 3936 de
613 3881 731 3954 septem
754 3875 957 3954 sapientibus,
986 3873 1090 3942 tradit,
1121 3873 1300 3954 spirantibus

122 3979 255 4042 ethesiis
277 3977 337 4040 Nili
360 3996 483 4039 cursum
507 3996 523 4038 a
546 3981 623 4040 mari
644 3979 785 4057 reprimi,
818 3997 916 4058 eoque
947 3980 1031 4057 aquis
1055 3979 1299 4040 excrescentibus

130 4080 275 4162 Aegypti,
309 4099 388 4161 quae
418 4080 505 4161 plana
538 4086 586 4142 est
614 4089 645 4142 et
678 4082 799 4145 humilis
821 4085 922 4162 regio,
952 4081 1179 4147 inundationem
1202 4084 1299 4161 sequi.

122 4186 216 4254 diam
237 4203 329 4251 cause
351 4194 385 4251 ut
403 4185 479 4250 ausa
508 4186 594 4277 argui
622 4192 724 4268 potest
752 4205 790 4252 ex
820 4204 874 4261 eo,
907 4183 990 4264 quod
1009 4183 1152 4250 ilauthus
1174 4186 1300 4251 ethesiis
