2874 4770
687 145 732 217 db

122 317 204 382 lilxit
226 335 299 399 ergo
320 319 427 392 nobis,
450 323 583 402 primum
604 321 662 385 sibi
684 339 754 384 esse
775 321 963 402 impossibile
977 326 1109 402 propter
1122 322 1306 384 tenuitatem
1385 285 1388 319 ⁷

123 437 198 485 suae
220 423 418 494 substantiae;
442 425 611 487 secuudum
633 425 836 494 intolerabile;
859 425 983 485 tertium
1002 423 1160 485 horribile.
1208 423 1305 504 lrnpe·

123 525 268 585 travimus
292 531 394 587 autern
417 529 445 588 ei
468 529 638 590 libertatem
652 546 668 589 a
683 525 910 606 Tanguardino,
933 532 967 588 ut
982 532 1143 594 catenatus
1159 527 1305 589 incedere

125 631 232 708 posset
260 628 292 688 in
320 630 402 689 curia
431 637 462 690 et
490 630 580 708 aliqui
613 629 723 691 milites
757 631 917 708 pecuniam
949 631 1007 691 sibi
1037 631 1305 709 participaverunt

125 745 185 810 qua
206 746 241 789 se
263 729 400 791 redemit.
445 732 531 794 lluuc
546 739 654 813 postea
674 732 803 794 liberum
817 734 848 792 in
863 729 1043 793 Alexandria
1059 730 1306 794 deambulantem

124 829 263 894 vidimus.
308 832 425 895 Deinde
457 837 489 897 in
520 836 611 897 alium
643 852 798 896 carcerem
830 836 984 906 venimus,
1022 836 1054 897 in
1085 853 1146 914 quo
1182 834 1307 896 sedebat

127 933 248 1013 quidam
270 939 492 1000 moestissimus
502 937 640 1015 juvenis,
664 956 719 1017 per
735 939 836 998 omnia
851 936 942 999 modo
958 939 1152 1000 sarracenico
1168 940 1306 1010 vestitus,

127 1038 179 1118 qui
199 1036 290 1100 fidem
313 1038 437 1117 quidem
459 1040 570 1101 Christi
592 1041 794 1118 abnegaverat
809 1047 840 1102 et
854 1041 1118 1103 circumcisionem
1132 1048 1306 1119 acceperat,

126 1140 183 1205 sed
205 1140 242 1202 ad
263 1143 483 1220 poenitentiam
504 1159 669 1205 conversus
692 1143 729 1204 ad
752 1140 996 1222 Tanguardinum
1018 1140 1157 1220 confugit
1180 1147 1212 1202 et
1227 1141 1307 1221 apud

126 1263 198 1311 eum
220 1244 415 1308 absconditus
438 1247 548 1306 mansit
569 1246 719 1317 inclusus,
743 1263 903 1328 quousque
924 1247 992 1307 sine
1014 1251 1087 1306 nota
1108 1250 1233 1323 pateret
1251 1245 1306 1305 sibi

127 1347 295 1412 descensus
323 1351 354 1410 iu
380 1346 606 1421 Alexandriam,
641 1366 658 1409 a
690 1366 748 1427 qua
784 1350 815 1409 in
843 1347 1041 1420 Cataloniam,
1082 1345 1165 1408 uude
1197 1347 1306 1417 iuerat,

127 1468 263 1515 remeare
285 1459 390 1530 posset
418 1469 474 1531 per
503 1469 596 1513 mare.
642 1450 802 1523 Quendam
829 1451 921 1512 alium
947 1449 1093 1527 juvenem
1122 1451 1305 1519 invenimus,

128 1554 167 1618 de
191 1554 314 1626 Genua,
345 1557 396 1632 qui
417 1553 606 1616 Mamalucus
634 1553 732 1615 lactus
760 1553 859 1615 luerat
882 1559 914 1614 et
936 1570 1005 1614 cum
1027 1550 1246 1632 Tanguardino
1270 1551 1306 1612 de

66 1664 67 1667 ’
128 1656 227 1718 reditu
251 1663 409 1718 tractatum
431 1658 543 1719 habuit.
588 1641 645 1718 llic
668 1673 737 1717 oum
759 1643 885 1718 vidisset
903 1673 975 1726 nos,
997 1657 1135 1734 prorupit
1148 1657 1182 1714 in
1197 1654 1305 1716 lachri-

128 1778 193 1822 mas
216 1758 437 1839 praelaetitia,
464 1759 571 1821 videns
603 1762 736 1839 signatos
767 1777 823 1819 nos
848 1775 918 1819 esse
941 1775 1049 1831 cruce,
1080 1764 1112 1817 et
1141 1773 1306 1819 accurrens

127 1865 160 1926 in
182 1865 336 1943 amplexus
358 1871 477 1925 nostros
510 1863 620 1925 cecidit
648 1871 680 1925 et
710 1879 817 1924 cruces
850 1861 1101 1924 vestimentorum
1128 1867 1307 1922 nostrorum

130 1966 360 2030 deosculabatur
382 1973 413 2028 et
436 1969 552 2047 magnis
575 1966 735 2046 gemitibus
759 1964 796 2027 ad
829 1971 931 2044 partes
962 1961 1096 2024 fidelium
1125 1962 1306 2042 adspirabat,

131 2071 245 2149 optime
267 2076 369 2129 autem
391 2069 516 2130 latinum
538 2071 622 2149 loqui
644 2071 742 2140 novit,
771 2085 841 2129 cum
864 2082 923 2145 quo
946 2082 1039 2144 saepe
1060 2064 1189 2146 posthac
1212 2066 1306 2127 collo·

132 2174 285 2234 cntionem
306 2172 396 2234 habui
418 2177 449 2232 et
471 2172 565 2234 multa
587 2174 623 2234 ab
647 2190 684 2233 eo
708 2170 799 2233 didici
821 2170 860 2231 de
883 2172 944 2232 vita
966 2168 1220 2241 Sarraceuorum,
1242 2167 1306 2230 Ma·

131 2276 319 2338 malucorum
342 2283 373 2337 et
394 2276 450 2336 sub
472 2275 540 2354 lege
555 2274 741 2338 Macbometi
763 2273 953 2352 degentium,
976 2271 1015 2332 de
1038 2273 1146 2351 quibus
1171 2272 1307 2333 enormia

131 2385 162 2442 et
182 2381 361 2451 inhumana,
384 2397 461 2460 quac
485 2398 546 2441 non
568 2380 641 2442 lieet
662 2379 776 2439 homini
799 2377 895 2455 loqui,
920 2374 1029 2437 audivi.

217 2482 290 2545 Post
312 2486 369 2545 boc
392 2485 508 2562 egressi
538 2500 643 2544 sumus
665 2483 697 2542 in
720 2483 835 2541 curiam
857 2485 889 2540 et
909 2477 950 2539 ibi
972 2476 1102 2539 vidimus
1123 2494 1220 2537 unum
1244 2494 1308 2537 sae·

130 2589 289 2650 vissimum
310 2584 502 2664 leopardum,
537 2591 643 2646 catena
665 2582 831 2661 alligatum,
867 2581 905 2642 ad
934 2598 1026 2659 quem
1057 2597 1130 2641 suus
1162 2581 1309 2663 magister

132 2691 215 2752 solus
238 2689 385 2750 accedere
408 2705 498 2749 ausus
521 2687 593 2759 luit,
616 2705 686 2748 cum
708 2687 816 2747 baculo
839 2692 958 2756 tamen,
988 2701 1058 2762 cum
1080 2683 1169 2743 minis
1185 2687 1225 2751 ‚et
1248 2683 1307 2743 cla·

132 2793 276 2853 moribus.
320 2793 374 2852 Est
398 2794 481 2851 enim
503 2790 664 2870 leopardus
679 2791 776 2852 bestia
793 2791 987 2860 saevissima,
1011 2787 1049 2848 de
1063 2786 1161 2848 leonis
1178 2790 1209 2846 et
1223 2784 1309 2864 pardi

133 2893 281 2956 adulterio
304 2901 388 2965 nata,
413 2893 547 2954 colorem
568 2893 682 2954 habens
706 2896 823 2955 varium
845 2899 878 2954 ut
900 2891 1010 2971 pardus
1036 2895 1067 2951 et
1082 2894 1189 2969 caput,
1212 2888 1309 2951 cauda

133 3015 206 3062 vero
229 2995 408 3075 etpedibus
431 2997 512 3058 leoni
535 2996 730 3085 assimulatum
755 3002 803 3056 est
825 2996 898 3056 alias
921 3011 1085 3074 praeceps,
1109 2994 1214 3054 sitiens
1239 3009 1307 3053 san·

135 3101 257 3180 guinem
280 3105 311 3160 et
332 3101 429 3161 bestia
450 3095 530 3173 iera,
560 3118 637 3180 quae
660 3100 784 3179 quidem
806 3098 964 3179 aliquando
987 3097 1218 3166 domesticatu,
1254 3092 1310 3155 sed

135 3220 299 3281 numquam
322 3203 521 3282 adplenum,
551 3211 585 3265 ut
607 3221 680 3266 suae
704 3202 887 3264 crudelitatis
910 3203 1133 3263 obliviscatur·
1156 3198 1310 3259 Domesti-

135 3313 221 3369 eatur
243 3314 344 3368 autem
367 3307 405 3369 ad
427 3310 626 3369 venationem.
671 3304 776 3385 ltaque
799 3323 869 3367 cum
892 3304 929 3365 ad
943 3302 1086 3384 praedam
1099 3303 1131 3361 in
1147 3300 1310 3362 venatione

136 3410 255 3472 ducitur
278 3417 308 3472 et
331 3410 495 3482 relaxatur,
519 3418 591 3472 tune
614 3409 765 3481 saltando,
789 3427 851 3470 non
875 3406 1037 3478 currendo,
1061 3401 1205 3484 praedam
1226 3403 1310 3462 inse-

137 3515 250 3593 quitur,
284 3517 422 3593 quamsi
446 3522 551 3594 quarto
575 3516 623 3577 vel
646 3517 751 3594 quinto
774 3513 852 3573 saltu
875 3527 983 3589 capere
1007 3508 1194 3587 nequiverit,
1223 3504 1310 3583 ¹iero·

136 3619 212 3678 citer
235 3618 328 3678 iratus
350 3619 485 3679 subsistit
508 3624 538 3679 et
560 3620 618 3678 nisi
640 3619 743 3678 statim
765 3621 892 3678 venator
913 3614 1024 3674 furenti
1036 3613 1165 3673 bestiam
1180 3610 1313 3687 aliquam

137 3720 289 3791 obtulerit,
324 3719 410 3797 cujus
440 3719 585 3799 sanguiue
617 3721 768 3798 placetur,
800 3736 870 3779 mor
891 3720 923 3777 in
944 3719 1045 3796 ipsum
1065 3719 1241 3778 venatorem
1263 3711 1313 3773 vel

136 3823 168 3882 in
192 3823 339 3899 quoslibet
363 3826 464 3887 obvios
487 3826 587 3895 irruit,
617 3836 675 3884 nec
697 3828 800 3901 potest
821 3821 933 3899 placari
955 3820 1014 3880 nisi
1037 3817 1194 3895 sanguine.
1238 3813 1312 3875 ldeo

136 3930 296 3987 venatores
318 3945 440 4006 semper
462 3946 568 3990 secum
590 3930 705 3989 ducunt
728 3943 853 4003 agnum,
883 3940 974 4000 quem
1005 3923 1037 3981 in
1059 3919 1118 3979 boe
1141 3934 1214 3978 casu
1235 3919 1313 3980 irato

137 4028 332 4091 lacerandum
353 4031 488 4102 tradunt,
510 4037 544 4091 ut
566 4031 710 4108 placetur.
742 4025 864 4105 Ungues
880 4026 971 4086 habet
985 4024 1194 4092 acutissimos,
1218 4039 1312 4083 vene·

138 4150 248 4206 nosos,
272 4135 409 4196 similiter
432 4139 461 4194 et
481 4131 589 4193 dentes
606 4127 769 4192 diabolicos
784 4130 919 4191 habetet
934 4145 996 4188 nou
1010 4133 1128 4188 tantum
1142 4124 1315 4204 periculum
