2874 4770
692 269 737 339 27

126 453 226 512 estin
247 450 383 510 laesione
406 451 438 508 et
458 447 682 519 vulneratione,
717 451 862 525 quantum
883 450 932 506 est
952 444 984 503 in
1006 439 1220 502 intorioatione
1244 426 1301 515 (b)

125 553 235 615 veneni
258 546 340 627 ejus,
363 549 453 610 habet
476 550 558 608 enirn
580 548 688 610 dentes
710 555 875 610 venenatos
899 552 930 607 et
951 546 1026 615 hoo,
1059 540 1139 621 quod
1173 537 1299 608 mordet,

127 661 248 735 praeter
269 654 377 715 vulnus
401 653 552 712 intoxicat.
570 661 573 666 ’
598 651 661 712 Hae
683 653 799 713 bestiae
823 652 980 730 eapluntur
998 646 1083 724 juxta
1107 642 1248 704 Cabirum
1270 641 1303 700 et

126 756 337 818 Alexandriam
371 760 401 815 et
434 753 521 815 datur
554 772 633 815 unus
659 753 780 831 juvenis
812 772 866 834 pro
889 771 949 814 uno
972 750 1091 811 ducato.
1138 744 1303 822 Capiuntur

127 867 227 921 autem
249 878 319 920 oum
340 858 479 918 humanis
503 857 705 928 stereoribus;
740 858 830 917 habet
863 857 943 917 enim
974 850 1120 932 quasdam
1148 844 1301 909 naturales

125 962 328 1032 infirmitates,
362 961 470 1038 quibus
503 960 575 1021 dum
604 977 637 1020 se
670 965 827 1037 gravatum
858 959 962 1028 sentit,
992 961 1109 1015 stereus
1136 952 1302 1012 humanum

126 1065 258 1144 quaerit,
294 1061 426 1123 comedit
448 1069 479 1123 et
502 1063 694 1124 convalescit.
741 1060 938 1141 Suspendunt
971 1074 1043 1136 ergo
1064 1059 1226 1116 venatores
1248 1067 1302 1114 vas

127 1185 197 1228 oum
230 1167 412 1227 stereoribus
440 1168 472 1226 in
505 1167 595 1226 altam
626 1163 777 1235 arborem,
812 1181 902 1242 quarn
936 1162 1008 1222 dum
1037 1158 1135 1220 bestia
1157 1153 1302 1226 aseendit,

125 1269 207 1330 illioo
231 1287 248 1329 a
270 1257 461 1331 venatoribus
495 1271 621 1347 eapitur.
673 1265 829 1326 Recitatur
857 1267 888 1327 in
917 1264 1065 1325 Chronioa
1095 1265 1217 1337 martyr.
1246 1256 1302 1318 sub

127 1373 268 1433 Heinrioo
292 1373 392 1432 tertio.
437 1370 517 1430 Dum
545 1368 707 1448 leopardus
737 1369 891 1429 bominem
912 1367 1063 1436 vulnerat,
1095 1370 1167 1424 tuno
1189 1360 1305 1421 infinita

127 1474 287 1536 multitudo
311 1474 443 1534 murium
464 1474 606 1544 accurrit,
640 1476 671 1531 et
702 1489 793 1551 super
815 1473 915 1551 ipsum
937 1470 1087 1547 mingunt,
1117 1465 1215 1526 donee
1237 1479 1303 1522 mo·

127 1579 233 1648 riatur,
257 1594 313 1636 neo
336 1580 438 1654 potest
460 1577 579 1655 protegi
601 1592 619 1636 a
641 1577 800 1665 muribus3
831 1573 961 1634 Dolosus
984 1575 1033 1630 est
1053 1566 1230 1648 leopardus,
1252 1566 1303 1635 ite,

127 1685 160 1740 ut
182 1681 273 1740 etiarn
295 1680 418 1739 leonem
441 1678 510 1738 dolo
531 1680 645 1738 vineat:
679 1678 756 1739 fodit
786 1681 865 1740 enim
897 1675 954 1734 sibi
984 1689 1110 1752 speoum
1138 1671 1304 1730 interram

128 1800 198 1843 oum
221 1778 337 1843 duobus
365 1780 577 1852 foraminibus,
607 1783 650 1842 ita
678 1781 760 1860 quod
790 1799 845 1861 per
874 1794 969 1839 unum
996 1775 1131 1835 foramen
1159 1773 1250 1832 intrat
1272 1773 1304 1829 et

131 1903 187 1964 per
209 1887 335 1946 alterurn
358 1885 432 1953 exit,
457 1889 488 1944 et
510 1885 569 1943 ista
590 1883 735 1945 foramina
758 1884 817 1945 late
841 1889 872 1944 et
894 1882 1028 1960 patentia
1049 1878 1135 1949 feeit,
1158 1878 1188 1936 in
1203 1872 1304 1936 medio

128 1994 228 2049 autem
251 1990 350 2067 ipsum
374 2004 499 2065 specum
522 1988 662 2048 strictum
690 1986 770 2047 lacit.
815 1985 894 2046 Dum
925 1989 1026 2045 autern
1057 1981 1106 2042 leo
1135 1982 1236 2058 ipsum
1257 1980 1304 2039 in·

131 2093 285 2169 sequitur,
309 2091 403 2164 ourrit¹
425 2091 456 2149 in
479 2106 621 2168 speoum,
653 2105 744 2167 quern
768 2087 815 2148 leo
839 2090 989 2167 sequitur,
1019 2087 1110 2145 etiam
1132 2081 1305 2144 intromittit

128 2210 161 2254 se
185 2198 230 2265 et,
254 2193 326 2254 dum
349 2195 380 2254 in
403 2192 538 2254 medium
558 2194 690 2262 venerit,
713 2210 769 2270 per
791 2193 928 2254 strictum
950 2194 994 2252 ire
1018 2207 1078 2250 uon
1099 2191 1214 2268 potest,
1249 2181 1305 2243 sed

129 2303 233 2375 eaptus
257 2302 379 2357 tenetur
394 2302 425 2356 et
439 2295 614 2373 leopardus,
641 2296 692 2373 qui
714 2297 797 2374 prius
813 2314 868 2374 per
883 2292 1144 2362 loramenevasit,
1168 2291 1304 2364 relngre·

128 2398 207 2458 ditur
228 2417 284 2478 per
306 2397 404 2470 aliud,
423 2400 571 2477 ¹seque'ns
602 2398 723 2458 leonem
746 2401 778 2459 in
808 2401 912 2459 strioto
943 2397 1129 2458 laborantem
1152 2397 1183 2451 et
1204 2393 1304 2471 ipsum

129 2519 146 2560 a
168 2508 255 2578 tergo
278 2501 386 2573 laniat,
408 2501 543 2573 mordet,
566 2501 681 2562 lacerat
702 2509 734 2562 et
754 2501 876 2562 oooidit.

216 2602 332 2664 Deinde
356 2602 437 2689 duxit
459 2622 514 2665 nos
529 2606 568 2664 iu
592 2604 730 2666 atriolum
761 2611 897 2683 septum,
932 2605 963 2662 in
993 2620 1052 2680 quo
1083 2597 1211 2659 vidimus
1240 2600 1303 2655 tres

129 2706 314 2766 struthiones
331 2694 477 2787 gra‘ndes,
501 2725 578 2786 quos
593 2709 715 2787 capiunt
730 2709 758 2768 ln
775 2707 911 2777 deserto,
928 2722 1057 2784 quorum
1073 2718 1164 2780 saepe
1178 2699 1306 2776 vestigia

126 2808 254 2871 vidimus
277 2810 309 2869 in
332 2827 445 2871 eremo.
491 2810 544 2870 Est
565 2795 667 2871 autern
690 2811 817 2871 struthio
833 2811 894 2870 avis
909 2825 1005 2888 paene
1019 2791 1168 2876 bestialis,
1192 2801 1304 2881 grande

127 2913 239 2974 babens
264 2929 389 2992 eorpus,
418 2929 515 2992 paene
545 2912 583 2972 ed
612 2912 850 2990 magnitudinem
882 2913 976 2984 asini,
1011 2918 1044 2972 ut
1071 2910 1143 2972 dioit
1164 2907 1302 2968 Vineent.

126 3018 158 3076 iu
181 3015 312 3094 Speoulo
335 3015 438 3077 Netur.
483 3014 526 3076 lta
555 3033 680 3095 magnos
707 3023 808 3077 tamen
836 3033 893 3077 nos
912 2994 984 3076 ¹non
1012 3014 1155 3082 vidimus,
1187 3009 1242 3070 sed
1270 3012 1305 3068 ut

128 3135 213 3180 oves.
258 3117 355 3180 Habet
377 3135 509 3198 pennas,
532 3118 587 3179 sed
609 3137 773 3198 numquam
796 3121 840 3180 eis
863 3121 957 3179 utitur
979 3119 1017 3179 ad
1038 3115 1214 3185 volandum,
1242 3111 1303 3172 alas

126 3220 216 3281 habet
239 3227 348 3282 tenues
372 3228 403 3283 et
426 3221 543 3300 plumas
566 3225 645 3282 siout
659 3222 774 3293 lanam,
798 3225 829 3282 in
845 3221 944 3282 eundo
960 3221 1022 3282 alas
1038 3221 1140 3298 erigit,
1165 3216 1303 3292 adeoque

126 3325 157 3384 in
180 3330 260 3384 terre
283 3310 391 3397 currit,
422 3331 456 3384 ut
478 3343 573 3403 equos
597 3323 752 3385 eeleritate
776 3323 962 3404 praecedat,
985 3341 1059 3402 quos
1085 3324 1176 3384 etiarn
1198 3333 1303 3397 prose·

127 3427 229 3504 quitur
252 3428 283 3486 e‘t
305 3426 403 3506 luget,
435 3444 492 3487 neo
516 3444 568 3487 eos
592 3427 693 3488 videre
723 3418 828 3507 potest
855 3432 979 3506 propter
1006 3426 1172 3488 naturalem
1204 3421 1302 3482 inimi·

128 3530 238 3589 citiam.
265 3547 268 3551 ·
284 3528 381 3591 Habet
397 3531 523 3608 ungulas
537 3530 685 3602 bisulcas,
710 3529 747 3590 ad
762 3528 1062 3608 comprehendendos
1078 3527 1203 3607 lapides,
1226 3540 1303 3603 quos

127 3632 238 3690 emittit
261 3633 291 3690 in
314 3631 384 3710 luga
407 3640 509 3693 eontra
532 3636 737 3710 insequentes.
785 3632 992 3693 Gelidissimae
1014 3637 1138 3693 naturae
1162 3637 1223 3700 est,
1252 3629 1303 3697 ita,

126 3739 161 3792 ut
179 3732 303 3794 terrum
333 3733 473 3794 comedat
502 3740 533 3795 et
563 3736 692 3814 digerat,
725 3735 869 3797 oalveseit
898 3738 989 3795 etiam
1021 3737 1077 3804 ita,
1110 3740 1142 3792 ut
1172 3731 1305 3792 totaliter

124 3835 225 3896 nudus
248 3837 311 3909 fiat,
334 3837 389 3897 sed
411 3838 500 3899 habet
522 3839 635 3918 pellem
657 3838 847 3899 durissimam
870 3845 974 3915 eontra
989 3838 1092 3916 frigus.
1124 3835 1203 3895 Dum
1222 3833 1305 3895 venit

125 3943 264 4016 tempus,
288 3945 322 3999 ut
345 3958 400 4000 ova
422 3942 536 4018 pariat,
557 3941 593 4002 ad
618 3940 720 4001 stellas
744 3940 878 4019 plejades
903 3941 1008 4001 ooulos
1031 3941 1124 4008 levat,
1149 3954 1206 3997 neo
1226 3939 1304 4005 ovat,

128 4040 186 4099 nisi
208 4041 292 4118 ipsos
315 4040 429 4113 rideat,
462 4059 517 4102 ova
549 4048 650 4102 autem
672 4045 702 4102 in
726 4042 829 4103 sabulo
855 4042 1010 4104 abscondit
1040 4046 1071 4101 et
1101 4057 1206 4101 eorum
1229 4036 1303 4097 obli·

129 4144 253 4216 risoitur
274 4145 305 4203 in
328 4161 433 4213 arena,
466 4144 540 4204 solis
570 4152 669 4205 autem
692 4146 792 4206 oelore
815 4147 1014 4216 excubantum
1048 4146 1178 4224 egressis
1203 4148 1304 4203 autern

130 4246 282 4324 pullioulis
306 4265 376 4306 oum
397 4245 505 4327 gaudio
528 4253 625 4307 mater
647 4265 700 4308 eos
722 4249 849 4327 suseipit
873 4255 903 4310 et
926 4268 1003 4328 quos
1032 4250 1064 4308 in
1087 4264 1144 4308 ovo
1168 4248 1304 4304 oontem-
