2874 4770
729 106 821 238 sss

168 345 330 408 Christiani
353 346 507 425 simplices
531 362 590 406 non
613 343 765 404 modicam
786 343 1006 406 vacillationem
1022 351 1053 406 et
1072 346 1294 407 titubationem
1311 347 1357 407 in·

168 455 339 518 curremnt3
378 448 433 509 sed
470 449 565 509 bonus
601 447 787 508 Christianus
830 452 1001 508 sanctorum
1037 447 1117 509 dicta
1151 450 1357 511 considerans

167 553 267 632 potius
291 569 326 611 er
348 551 428 612 facto
452 552 639 631 phantastico
661 551 693 611 in
716 548 774 610 tide
797 548 950 610 solidatur.
984 548 1114 611 Sanctus
1137 553 1224 612 enim
1247 550 1355 632 Augu·

167 654 264 714 stiuus
287 652 325 713 de
348 655 468 715 civitate
490 653 547 714 Dei
569 651 648 713 Libr.
664 649 730 712 xib
752 651 785 712 G.
804 648 854 715 19.
879 651 916 712 de
940 653 1035 730 signis
1050 660 1081 713 et
1096 654 1248 734 pmdigiis
1267 675 1353 717 men-

168 756 290 818 dacibus
313 756 455 835 loquens,
485 755 572 816 dicit:
605 753 693 828 Quod
715 754 800 832 signa
824 762 856 816 et
878 753 1014 834 prodigia
1036 754 1155 823 duobus
1180 759 1284 820 modis
1309 759 1352 820 di·

168 866 277 921 cuntur
288 860 460 932 mendacia;
476 877 536 920 uno
547 855 645 927 modo,
662 858 732 934 quia
744 855 936 936 decipiuntur
948 875 1058 918 sensus
1068 859 1226 922 hominum
1238 863 1352 924 virtute

167 970 199 1024 et
221 970 284 1024 arte
308 963 470 1035 diabolica,
500 969 534 1021 ut
558 959 697 1021 credatur
720 959 798 1031 heri,
828 958 910 1038 quod
942 961 1122 1022 inveritate
1145 980 1208 1024 nou
1231 963 1283 1035 ht,
1318 970 1352 1024 ut

168 1072 239 1127 sunt
261 1066 477 1144 phantasmata.
523 1059 664 1123 Secundo
679 1061 785 1133 modo,
809 1063 878 1139 quia
893 1062 1015 1122 trahunt
1031 1062 1193 1126 credentes
1209 1065 1250 1127 ad
1265 1084 1349 1126 men·

168 1169 306 1240 dacium,
330 1175 363 1228 ut
385 1166 504 1226 scilicet
525 1164 648 1226 credant
669 1165 733 1225 tieri
749 1165 860 1225 virtute
876 1162 991 1233 divina,
1015 1165 1096 1242 quod
1111 1165 1251 1228 diabolus
1268 1167 1350 1239 fecit,

167 1272 216 1336 vel
241 1278 274 1332 ut
297 1269 420 1331 credant
443 1269 498 1329 sibi
522 1267 587 1328 fieri
617 1283 671 1345 pro
705 1266 820 1336 salute,
852 1265 932 1343 quod
961 1266 999 1329 ad
1027 1266 1254 1331 damnationem
1284 1271 1350 1332 fieri

168 1383 295 1438 constat.
341 1375 386 1434 De
418 1374 464 1434 his
495 1371 562 1434 vide
593 1370 669 1431 inira
700 1370 751 1430 iol.
785 1367 850 1434 224
880 1370 909 1430 b.
961 1369 1030 1432 lstis
1061 1373 1198 1451 profecto
1229 1373 1348 1435 duobus

167 1479 281 1550 modis,
304 1495 393 1538 nemo
409 1477 549 1554 ambiget,
564 1473 701 1534 diabotus
718 1475 838 1550 signum
853 1479 1041 1552 praetactum
1056 1482 1206 1555 operatur.
1248 1475 1348 1536 Primo

168 1582 249 1640 enim
272 1597 396 1658 corpora
420 1578 470 1638 itta
492 1582 619 1655 snrgunt
642 1582 705 1636 arte
722 1575 881 1646 diabolica,
905 1593 941 1637 uc
955 1577 981 1636 si
998 1577 1108 1656 aliquis
1121 1580 1200 1640 vitae
1218 1581 1346 1658 spiritns

167 1684 199 1743 in
221 1685 264 1743 eis
289 1689 385 1754 esset,
416 1699 485 1743 cum
516 1687 618 1740 tamen
648 1679 721 1739 nihil
751 1680 829 1739 vitae
861 1680 900 1739 sit
921 1680 980 1751 ibi,
1011 1681 1090 1742 sicut
1113 1689 1177 1742 arte
1199 1680 1348 1743 diabotica

168 1785 327 1847 defunctus
350 1786 480 1863 agitabat
502 1790 592 1862 capnt
614 1781 652 1842 ad
674 1781 806 1842 Simonis
829 1778 911 1860 Magi
941 1784 1175 1857 incantationes,
1207 1792 1241 1846 et
1263 1786 1348 1848 vide-

166 1889 253 1950 batur
275 1889 394 1958 vivere,
419 1888 470 1964 qui
493 1893 594 1946 tamen
616 1903 677 1945 non
700 1886 827 1947 vivebat.
875 1885 1016 1947 Secundo
1039 1890 1135 1966 magis
1159 1890 1283 1967 proprie
1302 1897 1349 1950 est

166 1993 199 2052 in
221 1990 279 2050 hoc
299 1989 379 2050 tacto
402 1990 536 2068 operatio
559 1987 704 2059 Satanae;
727 1985 761 2047 fit
782 1987 863 2047 enirn
888 1989 919 2048 in
942 1991 1068 2052 veritate
1091 1996 1122 2051 et
1143 1993 1270 2052 reatiter
1283 1994 1349 2070 sig-

167 2112 257 2165 num,
281 2091 362 2172 qnod
384 2091 582 2172 corpora‘itla
605 2094 757 2169 erigantur
798 2095 830 2152 in
862 2093 1046 2172 sepulchris,
1080 2092 1348 2172 sed=operatione

167 2197 313 2269 Satanae,
346 2203 380 2256 ut
411 2194 590 2256 deludantur
613 2197 785 2267 sarraceni,
820 2195 978 2257 credentes
1011 2194 1110 2257 divina
1133 2196 1246 2256 virtute
1269 2197 1347 2269 heri,

168 2300 249 2381 quod
271 2300 406 2362 diabolus
428 2299 514 2370 facit,
539 2306 570 2360 et
592 2299 673 2378 quod
695 2300 851 2361 firmentur
871 2301 903 2359 iu
925 2315 980 2359 sua
1004 2296 1178 2361 infidelitate
1203 2297 1243 2358 ad
1259 2298 1348 2360 dam·

167 2405 328 2465 nationem.
374 2401 557 2464 Modernum
580 2405 661 2464 enim
683 2410 802 2481 tempus
827 2409 874 2462 est
896 2399 985 2472 iilud,
1012 2400 1051 2470 de
1075 2418 1133 2478 quo
1148 2399 1264 2462 dictum
1280 2409 1348 2462 est:

166 2512 238 2568 tnnc
266 2507 399 2568 solvetur
420 2506 561 2576 Satanas,
593 2507 663 2584 quia
695 2523 848 2583 nunquam
871 2511 984 2566 tantam
1008 2509 1191 2583 potestatem
1229 2506 1350 2584 accepit

167 2609 198 2669 in
232 2608 386 2679 homines,
418 2616 563 2685 quantum
595 2627 674 2669 nunc
704 2609 803 2668 habet.
849 2607 1019 2686 Acceperat
1048 2608 1120 2668 oiim
1151 2611 1348 2686 potestatem,

168 2711 249 2792 quod
271 2714 373 2789 ignem
396 2709 435 2770 de
459 2711 544 2770 coelo
569 2710 677 2772 cadere
700 2713 791 2783 tecit,
814 2718 846 2771 et
868 2729 928 2772 uno
950 2713 1066 2790 impetu
1088 2716 1183 2773 totam
1205 2693 1347 2773 substan·

167 2815 240 2874 tiam
262 2812 342 2873 beati
367 2811 422 2872 Job
446 2813 608 2886 absumsit,
632 2821 662 2874 et
684 2816 770 2875 turbo
795 2813 860 2891 ejus
883 2831 977 2893 opere
999 2815 1116 2876 irruens
1133 2813 1261 2892 domum,
1276 2833 1348 2898 cum

167 2915 236 2976 filiis
260 2914 399 2994 perdidit.
445 2915 506 2976 Sed
539 2918 570 2976 in
599 2920 769 2979 novissimis
800 2916 985 3085 diebus&
1008 2915 1121 2993 majora
1142 2916 1251 2989 iactet,
1277 2901 1348 2994 quia

168 3016 242 3077 dicit
262 3015 442 3100 Apostolus:
464 3019 607 3080 immittet
629 3021 686 3080 illis
703 3021 785 3081 Deus
802 3002 908 3098 operat
933 3081 936 3087 ,
981 3021 1146 3090 memoris,
1168 3026 1205 3078 ut
1220 3018 1348 3080 credant

168 3120 334 3182 mendacio.
363 3120 464 3180 ‘Deus
488 3123 569 3181 enirn
599 3124 757 3194 immittet,
794 3125 863 3200 quia
894 3122 1034 3182 dominus
1063 3120 1215 3184 diabolum
1243 3120 1347 3186 tacere

167 3225 324 3304 permittet
345 3227 402 3284 ista
421 3222 504 3299 justo
524 3223 657 3300 J'ndicio,
681 3227 816 3303 quamvis
840 3225 891 3286 iile
914 3225 1004 3286 iaciat
1026 3225 1128 3302 iniq'uo
1150 3224 1347 3304 malignoque

167 3329 306 3398 consilio,
329 3334 363 3388 ut
382 3327 558 3405 judicentur
580 3345 701 3398 omnes,
726 3329 777 3406 qui
800 3347 861 3389 non
885 3328 1012 3389 credunt
1027 3329 1160 3398 veritati3
1184 3332 1347 3390 nonenim

165 3432 266 3493 veniet
289 3431 327 3491 ad
348 3433 432 3492 vivos
456 3436 486 3490 et
511 3437 646 3491 mortuos
666 3429 848 3507 judicandos
874 3431 1029 3503 Christus,
1057 3433 1115 3492 nisi
1137 3428 1220 3510 prius
1234 3435 1348 3511 ueniat

167 3534 205 3595 ad
235 3532 425 3595 seducendos
449 3534 480 3592 in
509 3535 608 3593 omnia
636 3540 772 3594 mortuos
803 3531 1024 3605 Antichristus,
1059 3535 1111 3612 qui
1141 3540 1190 3593 est
1218 3532 1345 3596 Macho-

165 3641 283 3709 metus,
319 3636 406 3714 cujus
439 3637 610 3715 praesentia
639 3639 697 3697 erit
730 3636 898 3698 secundum
928 3638 1137 3717 operationem
1160 3619 1292 3700 Satanae
1314 3641 1355 3701 iu·

167 3741 250 3829 omni
272 3741 382 3801 virtute
405 3740 499 3817 signis
523 3745 554 3799 et
576 3739 722 3818 prodigiis
744 3740 909 3813 mendacii,
944 3748 974 3801 et
1007 3743 1037 3800 in
1060 3740 1143 3798 omni
1166 3738 1347 3802 seductione

165 3840 230 3912 his,
261 3831 312 3919 qui
347 3848 482 3921 pereunt.
530 3840 607 3913 Quia
637 3844 718 3903 enim
745 3842 930 3905 Machometi
965 3845 1013 3904 lex
1044 3842 1254 3903 irrationabilis
1288 3852 1346 3918 est,

165 3960 222 4023 per
243 3943 406 4007 taliaiatui
430 3947 460 4005 in
484 3962 519 4006 ea
543 3943 717 4005 solidantur.
763 3946 816 4006 Est
839 3952 940 4031 autem
959 3945 1009 4007 illa
1025 3950 1213 4007 mortuorum
1228 3951 1346 4008 erectio

164 4043 260 4123 figura
274 4049 505 4108 resurrectionis
523 4051 646 4118 eorum,
671 4048 826 4124 eriguntur
848 4050 947 4119 enim,
973 4056 1004 4109 et
1026 4056 1127 4133 tamen
1150 4050 1261 4110 mortui
1277 4068 1344 4112 ma-

165 4152 254 4210 nent:
284 4149 330 4211 sic
345 4156 505 4229 resurgent
519 4147 657 4227 quidem,
680 4147 736 4210 sed
750 4167 811 4212 non
827 4151 972 4213 advitam
987 4158 1151 4215 aeternam.
1182 4150 1219 4212 Et
1235 4135 1346 4230 quales
