2902 4710
700 103 744 174 85

134 276 206 339 lsnl.
237 273 396 350 Quaelibet
414 282 516 338 autem
530 277 675 340 moschea
692 279 782 341 babet
798 298 891 342 unum
907 281 1002 360 Soqui
1018 287 1050 344 et
1065 282 1168 362 plures
1183 281 1309 353 Vecten,

134 380 307 450 secundum
330 380 494 442 moscheae
517 382 750 442 solemnitatem.

221 482 317 545 Porro
338 484 498 560 occupatio
521 483 713 544 sacerdotum
742 503 802 544 non
833 492 881 546 est
909 475 990 547 circa
1018 504 1121 547 curam
1144 487 1311 553 animarum

134 585 167 669 iu
189 585 339 653 audientia
362 585 587 646 confessionum
608 593 640 647 et
663 589 881 648 ministratione
903 597 1161 652 sacramentorum
1184 598 1216 650 et
1237 591 1309 651 visi·

134 691 249 753 tatione
278 691 466 752 intirmorum
497 689 546 750 vel
575 688 731 767 sepultura
761 696 962 762 mortuorum,
994 708 1051 751 nec
1073 692 1184 753 babent
1207 711 1310 754 curam

136 787 192 873 (b)
207 793 333 853 multam
355 793 393 853 de
416 792 568 854 moscheis
592 810 662 852 cum
685 792 819 871 reliquiis
843 800 873 853 et
895 795 1079 870 paramentis
1102 800 1133 852 et
1155 813 1311 857 sacrorum

134 913 273 958 vasorum
296 906 328 958 et
351 898 504 966 altarium,
535 895 574 955 de
608 896 716 973 quibus
738 896 879 956 omnibus
901 895 975 956 nihil
997 895 1124 956 habetur
1146 896 1226 975 apud
1247 916 1310 969 eos,

135 1015 198 1061 nec
216 1006 344 1079 possunt
365 999 458 1077 pollui
482 1015 588 1059 eorum
611 1000 739 1078 templa,
762 1017 820 1058 nee
842 998 969 1076 perdere
988 1001 1196 1070 sanctitatem,
1220 1017 1311 1078 quam

134 1119 195 1163 non
217 1108 413 1180 acceperunt,
438 1103 517 1163 sieut
539 1118 597 1160 nee
612 1100 787 1161 sacerdotes
803 1101 924 1160 ordines
940 1100 1056 1179 aliquos
1072 1119 1174 1163 saeros
1190 1103 1310 1175 habent,

134 1201 191 1264 sed
212 1205 410 1264 committitur
433 1205 477 1264 eis
501 1220 571 1264 cura
588 1203 814 1276 moschearum‚
839 1206 891 1282 qui
906 1204 1058 1265 doctiores
1074 1212 1103 1265 et
1120 1206 1309 1267 honestiores

133 1311 311 1385 reputantur
333 1313 365 1365 et
386 1306 436 1366 illa
459 1308 634 1366 commissio
658 1313 776 1386 spectat
799 1307 837 1368 ad
852 1314 1012 1387 patronum
1027 1308 1199 1369 moscbeae.
1235 1308 1328 1368 an··

133 1409 193 1475 lam
215 1410 297 1468 enim
320 1407 522 1469 differentiam
545 1408 720 1469 sacerdotes
753 1427 859 1470 comm
881 1428 898 1470 a
922 1412 1074 1470 communi
1106 1411 1218 1489 populo
1253 1427 1310 1470 uec

133 1512 282 1574 ecclesiae
298 1530 404 1573 eorum
419 1530 436 1572 a
451 1511 589 1573 domibus
613 1514 821 1575 communibus
844 1513 964 1574 habent.
1011 1512 1189 1574 Orationum
1202 1529 1309 1573 nume-

132 1633 200 1678 rum
222 1621 369 1679 statutum
392 1616 530 1675 omnibus
554 1616 633 1675 sicut
656 1616 705 1675 alii
728 1616 881 1695 complent
912 1618 1005 1677 etiam
1040 1616 1218 1688 laborando;
1250 1635 1309 1677 aon

133 1725 240 1780 vacant
262 1708 522 1787 meditationibus,
545 1736 603 1778 nec
627 1718 727 1780 studio
751 1721 937 1791 litterarum,
961 1719 1016 1779 sed
1039 1720 1146 1781 solatio
1162 1721 1263 1781 uxoris
1277 1726 1310 1781 et

133 1818 262 1881 illiorum
277 1826 308 1880 et
324 1822 492 1882 eommunis
508 1821 655 1895 familiae,
674 1822 883 1899 jumentorum
899 1838 1019 1900 quoque
1036 1827 1067 1881 et
1083 1824 1312 1898 possessionum
1390 1826 1394 1833 '

133 1923 330 1992 mercantias,
353 1924 470 1991 usuris,
493 1926 702 1985 venationibus
734 1932 765 1985 et
791 1923 979 2001 hujusmodi,
1003 1925 1082 1984 sieut
1102 1923 1170 1995 alii,
1195 1931 1309 1987 vacant

221 2021 363 2085 Officium
385 2024 479 2104 Sequi
503 2034 567 2099 est,
600 2029 629 2087 in
663 2028 807 2089 rnoschea
841 2030 933 2088 sextis
967 2026 1050 2087 ieriis
1082 2027 1257 2105 praedicare
1280 2035 1312 2088 et

134 2127 262 2188 consilia
285 2131 482 2206 poscentibus
506 2129 588 2191 dare.
635 2130 776 2192 Officium
799 2139 900 2192 autem
916 2131 1030 2192 Vecten
1047 2136 1107 2200 est,
1131 2132 1162 2190 in
1178 2129 1309 2190 turribus

133 2228 287 2308 lampades
303 2231 480 2303 accendero,
504 2236 534 2293 in
558 2234 701 2295 moschea
716 2241 747 2295 et
762 2235 846 2295 boris
870 2235 988 2293 statutis
1005 2231 1226 2310 professionem
1241 2231 1311 2292 tldei

88 2386 92 2390 .
133 2348 240 2392 eorum
269 2333 300 2392 in
334 2332 464 2393 turribus
496 2337 692 2413 proclamare.
738 2336 878 2398 Officium
910 2352 982 2398 vero
1015 2332 1162 2411 Alhages,
1197 2335 1248 2412 qui
1278 2339 1310 2395 et

132 2434 225 2498 Nelea
250 2435 319 2514 Ogli
342 2443 373 2497 et
396 2437 576 2498 Czalnuttar
600 2445 632 2499 et
654 2441 755 2500 multis
778 2440 843 2500 aliis
865 2438 1036 2499 nominibus
1068 2443 1228 2507 vocantur,
1259 2453 1308 2498 se·

134 2537 265 2601 cundum
280 2538 482 2601 differentiam
499 2546 594 2600 status
610 2559 715 2602 eorum
730 2549 786 2614 est,
810 2544 968 2602 circumire
984 2542 1113 2619 patriam
1127 2546 1158 2599 et
1173 2538 1311 2617 exempla

133 2646 166 2701 et
185 2643 276 2704 verba
307 2643 477 2704 hominibus
509 2645 656 2722 praehere
688 2662 802 2723 eosque
837 2647 866 2704 in
899 2661 1001 2704 amore
1027 2644 1103 2722 legis
1125 2640 1310 2703 blachometi

133 2743 272 2806 solidare.
318 2745 383 2807 lloc
406 2753 508 2817 autem
536 2745 714 2809 lactentibus
747 2748 827 2808 lavet
861 2747 997 2808 diabolus
1029 2747 1171 2826 operibus
1204 2762 1310 2805 eorum

133 2850 326 2927 permittente
348 2849 413 2910 Deo
436 2853 466 2910 in
496 2851 720 2912 damnationem
747 2848 930 2920 infidelium,
962 2857 993 2910 et
1024 2852 1056 2909 in
1085 2848 1310 2910 tribulationem

133 2969 169 3013 ac
191 2954 389 3014 tentationem
411 2955 555 3018 fidelium.
601 2955 678 3039 Nam
701 2973 757 3033 per
780 2972 833 3014 eos
854 2952 987 3015 inaudita
1010 2959 1041 3013 et
1065 2951 1249 3012 admirabilia
1274 2968 1309 3010 ac

133 3054 371 3134 supernaturalia
401 3059 486 3136 signa
515 3061 605 3131 fiunt,
639 3059 738 3137 qualia
759 3059 790 3118 in
815 3057 1044 3119 christianismo
1066 3071 1209 3132 nmquam
1231 3053 1311 3113 taeta

133 3156 277 3234 legimus,
301 3163 442 3238 tantaque
464 3163 599 3239 potentia
622 3161 732 3221 diaboli
755 3167 802 3220 est
824 3162 854 3219 in
878 3161 940 3229 eis,
972 3164 1006 3218 ut
1028 3156 1188 3217 videantur
1209 3156 1309 3233 potius

133 3256 245 3319 diaboli
266 3261 426 3334 incarnati,
450 3280 541 3341 quam
555 3264 704 3324 homines.
749 3262 785 3321 Et
800 3260 838 3322 de
854 3261 901 3320 his
917 3257 1086 3330 mendosis,
1109 3259 1195 3319 vanis
1211 3257 1309 3318 falsis·

133 3344 193 3440 que
215 3364 310 3441 signis
333 3367 423 3426 etiam
447 3365 506 3427 diui
529 3383 621 3444 supra
643 3364 694 3425 iol.
714 3360 764 3427 91.
790 3381 806 3422 a
830 3369 861 3423 et
884 3361 1089 3443 praecedenti.
1134 3361 1181 3423 Ad
1197 3365 1310 3423 tantam

133 3482 262 3545 namque
293 3467 512 3546 perlectionem
542 3468 723 3546 patientiae,
756 3465 804 3527 vel
834 3467 935 3543 potius
966 3464 1185 3535 delectionem,
1217 3463 1309 3539 aliqui

133 3584 238 3629 eorum
255 3571 451 3650 perveniunt,
466 3576 500 3629 ut
515 3569 770 3648 percussionibus,
785 3567 1039 3647 punctationibus,
1056 3565 1309 3627 stimulationibus

136 3689 205 3734 cum
227 3672 334 3734 terreis
364 3673 511 3744 stimulis,
546 3671 745 3733 incisionibus
776 3687 845 3729 oum
880 3668 1059 3739 cultellulis,
1092 3668 1309 3739 adustionibus,

133 3778 233 3847 minus
256 3782 448 3846 moveantur,
479 3793 569 3854 quam
592 3774 667 3850 lapis
689 3771 884 3842 insensibilis,
908 3777 938 3831 et
960 3769 1004 3830 illi
1026 3773 1201 3850 patientiam
1223 3789 1310 3833 suam

133 3881 273 3943 venalem
295 3883 429 3960 portant,
464 3897 592 3959 eamque
616 3879 755 3939 omnibus
778 3874 962 3960 probandam
986 3882 1146 3953 exponunt.
1191 3873 1250 3936 tiit
1273 3892 1309 3936 ex

135 3985 179 4044 eis
202 4000 342 4063 magnam
363 3985 536 4064 praeierunt
560 3984 701 4044 virtutem
723 3980 935 4052 abstinentiae,
951 3996 1087 4057 ‹qucrum
1107 3979 1200 4058 aliqui
1218 3980 1307 4040 raris-

134 4090 210 4156 sime
225 4088 391 4151 comeduut
406 4093 457 4149 aut
472 4086 586 4149 bibunt.
615 4083 716 4163 Aliqui
732 4091 848 4154 autem,
873 4082 954 4161 quod
976 4081 1078 4145 auditu
1092 4083 1235 4144 horribile
1251 4087 1307 4153 est,
