<?xml version="1.0" encoding="UTF-8"?>
<!DOCTYPE html PUBLIC "-//W3C//DTD XHTML 1.0 Transitional//EN"
    "http://www.w3.org/TR/xhtml1/DTD/xhtml1-transitional.dtd">
<html xmlns="http://www.w3.org/1999/xhtml" xml:lang="en" lang="en">
 <head>
  <title>
</title>
<meta http-equiv="Content-Type" content="text/html;charset=utf-8" />
  <meta name='ocr-system' content='tesseract 3.04.00' />
  <meta name='ocr-capabilities' content='ocr_page ocr_carea ocr_par ocr_line ocrx_word'/>
</head>
<body>
  <div class='ocr_page' id='page_1' title='image "./fratrisfelicisf00fabrgoog_0412.png"; bbox 0 0 2902 4710; ppageno 0'>
   <div class='ocr_carea' id='block_1_1' title="bbox 686 155 761 225">
    <p class='ocr_par' dir='ltr' id='par_1_1' title="bbox 686 155 761 225">
     <span class='ocr_line' id='line_1_1' title="bbox 686 155 761 225; baseline 0 -32"><span class='ocrx_word' id='word_1_1' title='bbox 686 155 761 225; x_wconf 69' lang='lat'><strong>4„</strong></span> 
     </span>
    </p>
   </div>
   <div class='ocr_carea' id='block_1_2' title="bbox 134 327 1312 414">
    <p class='ocr_par' dir='ltr' id='par_1_2' title="bbox 134 327 1312 414">
     <span class='ocr_line' id='line_1_2' title="bbox 134 327 1312 414; baseline -0.003 -18"><span class='ocrx_word' id='word_1_2' title='bbox 134 332 197 396; x_wconf 87' lang='lat' dir='ltr'><strong>Sed</strong></span> <span class='ocrx_word' id='word_1_3' title='bbox 220 339 250 396; x_wconf 91' lang='lat' dir='ltr'><strong>et</strong></span> <span class='ocrx_word' id='word_1_4' title='bbox 272 335 338 414; x_wconf 89' lang='lat' dir='ltr'><strong>ipsa</strong></span> <span class='ocrx_word' id='word_1_5' title='bbox 361 331 532 413; x_wconf 81' lang='lat' dir='ltr'><strong>respublica</strong></span> <span class='ocrx_word' id='word_1_6' title='bbox 565 348 637 392; x_wconf 88' lang='lat' dir='ltr'><strong>suos</strong></span> <span class='ocrx_word' id='word_1_7' title='bbox 673 331 754 392; x_wconf 83' lang='lat' dir='ltr'><strong>cives</strong></span> <span class='ocrx_word' id='word_1_8' title='bbox 777 331 869 393; x_wconf 84' lang='lat' dir='ltr'><strong>etiam</strong></span> <span class='ocrx_word' id='word_1_9' title='bbox 891 329 1029 410; x_wconf 86' lang='lat' dir='ltr'><strong>plebejos</strong></span> <span class='ocrx_word' id='word_1_10' title='bbox 1052 332 1167 412; x_wconf 84' lang='lat' dir='ltr'><strong>magnis</strong></span> <span class='ocrx_word' id='word_1_11' title='bbox 1190 327 1312 393; x_wconf 85' lang='lat' dir='ltr'><strong>liberta·</strong></span> 
     </span>
    </p>
   </div>
   <div class='ocr_carea' id='block_1_3' title="bbox 35 435 1315 514">
    <p class='ocr_par' dir='ltr' id='par_1_3' title="bbox 35 435 1315 514">
     <span class='ocr_line' id='line_1_3' title="bbox 35 435 1315 514; baseline -0.002 -15"><span class='ocrx_word' id='word_1_12' title='bbox 35 435 38 439; x_wconf 78' lang='grc'><strong><em>’</em></strong></span> <span class='ocrx_word' id='word_1_13' title='bbox 133 438 213 499; x_wconf 93' lang='lat' dir='ltr'><strong>tibus</strong></span> <span class='ocrx_word' id='word_1_14' title='bbox 236 442 267 497; x_wconf 90' lang='lat' dir='ltr'><strong>et</strong></span> <span class='ocrx_word' id='word_1_15' title='bbox 289 435 489 514; x_wconf 78' lang='lat' dir='ltr'><strong>singularibus</strong></span> <span class='ocrx_word' id='word_1_16' title='bbox 512 436 751 496; x_wconf 90' lang='lat' dir='ltr'><strong>immunitatibus</strong></span> <span class='ocrx_word' id='word_1_17' title='bbox 769 442 927 497; x_wconf 85' lang='lat' dir='ltr'><strong>conservat</strong></span> <span class='ocrx_word' id='word_1_18' title='bbox 940 442 1100 510; x_wconf 88' lang='lat' dir='ltr'><strong>ettuctur,</strong></span> <span class='ocrx_word' id='word_1_19' title='bbox 1123 438 1184 498; x_wconf 88' lang='lat' dir='ltr'><strong>vim</strong></span> <span class='ocrx_word' id='word_1_20' title='bbox 1202 435 1315 496; x_wconf 89' lang='lat' dir='ltr'><strong>nullam</strong></span> 
     </span>
    </p>
   </div>
   <div class='ocr_carea' id='block_1_4' title="bbox 112 538 1376 4260">
    <p class='ocr_par' dir='ltr' id='par_1_4' title="bbox 132 538 1376 2801">
     <span class='ocr_line' id='line_1_4' title="bbox 135 538 1309 620; baseline -0.003 -17"><span class='ocrx_word' id='word_1_21' title='bbox 135 543 224 603; x_wconf 84' lang='lat' dir='ltr'><strong>alicui</strong></span> <span class='ocrx_word' id='word_1_22' title='bbox 238 542 351 603; x_wconf 81' lang='lat' dir='ltr'><strong>inferre</strong></span> <span class='ocrx_word' id='word_1_23' title='bbox 367 542 559 620; x_wconf 83' lang='lat' dir='ltr'><strong>permittunt,</strong></span> <span class='ocrx_word' id='word_1_24' title='bbox 583 539 682 601; x_wconf 90' lang='lat' dir='ltr'><strong>nullus</strong></span> <span class='ocrx_word' id='word_1_25' title='bbox 700 538 821 600; x_wconf 87' lang='lat' dir='ltr'><strong>alterius</strong></span> <span class='ocrx_word' id='word_1_26' title='bbox 839 556 1001 618; x_wconf 81' lang='lat' dir='ltr'>oppressor</span> <span class='ocrx_word' id='word_1_27' title='bbox 1016 545 1078 610; x_wconf 89' lang='lat' dir='ltr'><strong>est,</strong></span> <span class='ocrx_word' id='word_1_28' title='bbox 1101 539 1202 600; x_wconf 87' lang='lat' dir='ltr'><strong>nullus</strong></span> <span class='ocrx_word' id='word_1_29' title='bbox 1219 539 1309 600; x_wconf 89' lang='lat' dir='ltr'><strong>alieni</strong></span> 
     </span>
     <span class='ocr_line' id='line_1_5' title="bbox 134 625 1314 716; baseline -0.003 -10"><span class='ocrx_word' id='word_1_30' title='bbox 134 645 293 706; x_wconf 68' lang='lat' dir='ltr'>habitaculi</span> <span class='ocrx_word' id='word_1_31' title='bbox 322 647 456 716; x_wconf 84' lang='lat' dir='ltr'><strong>invasor,</strong></span> <span class='ocrx_word' id='word_1_32' title='bbox 492 660 600 704; x_wconf 89' lang='lat' dir='ltr'><strong>secura</strong></span> <span class='ocrx_word' id='word_1_33' title='bbox 635 648 704 703; x_wconf 89' lang='lat' dir='ltr'><strong>sunt</strong></span> <span class='ocrx_word' id='word_1_34' title='bbox 742 644 852 703; x_wconf 91' lang='lat' dir='ltr'><strong>omnia.</strong></span> <span class='ocrx_word' id='word_1_35' title='bbox 903 640 1071 702; x_wconf 85' lang='lat' dir='ltr'><strong>Homicidia</strong></span> <span class='ocrx_word' id='word_1_36' title='bbox 1112 641 1160 704; x_wconf 84' lang='lat' dir='ltr'><strong>vel</strong></span> <span class='ocrx_word' id='word_1_37' title='bbox 1191 625 1314 702; x_wconf 90' lang='lat' dir='ltr'><strong>humani</strong></span> 
     </span>
     <span class='ocr_line' id='line_1_6' title="bbox 135 743 1314 828; baseline -0.005 -19"><span class='ocrx_word' id='word_1_38' title='bbox 135 749 287 828; x_wconf 80' lang='lat' dir='ltr'><strong>sanguinis</strong></span> <span class='ocrx_word' id='word_1_39' title='bbox 320 747 428 810; x_wconf 80' lang='lat' dir='ltr'><strong>allusio</strong></span> <span class='ocrx_word' id='word_1_40' title='bbox 447 753 512 808; x_wconf 34' lang='lat' dir='ltr'><strong>*aut</strong></span> <span class='ocrx_word' id='word_1_41' title='bbox 540 762 705 824; x_wconf 87' lang='lat' dir='ltr'><strong>numquam</strong></span> <span class='ocrx_word' id='word_1_42' title='bbox 739 751 790 806; x_wconf 93' lang='lat' dir='ltr'><strong>aut</strong></span> <span class='ocrx_word' id='word_1_43' title='bbox 820 761 888 805; x_wconf 88' lang='lat' dir='ltr'><strong>raro</strong></span> <span class='ocrx_word' id='word_1_44' title='bbox 918 744 958 804; x_wconf 90' lang='lat' dir='ltr'><strong>ibi</strong></span> <span class='ocrx_word' id='word_1_45' title='bbox 989 743 1149 805; x_wconf 89' lang='lat' dir='ltr'><strong>audiuntur</strong></span> <span class='ocrx_word' id='word_1_46' title='bbox 1178 745 1210 803; x_wconf 93' lang='lat' dir='ltr'><strong>in</strong></span> <span class='ocrx_word' id='word_1_47' title='bbox 1233 749 1314 804; x_wconf 89' lang='lat' dir='ltr'><strong>tanta</strong></span> 
     </span>
     <span class='ocr_line' id='line_1_7' title="bbox 134 846 1321 929; baseline -0.003 -17"><span class='ocrx_word' id='word_1_48' title='bbox 134 852 289 913; x_wconf 92' lang='lat' dir='ltr'><strong>hominum</strong></span> <span class='ocrx_word' id='word_1_49' title='bbox 313 851 519 922; x_wconf 89' lang='lat' dir='ltr'><strong>multitudine,</strong></span> <span class='ocrx_word' id='word_1_50' title='bbox 542 852 641 929; x_wconf 89' lang='lat' dir='ltr'><strong>rigore</strong></span> <span class='ocrx_word' id='word_1_51' title='bbox 661 848 797 926; x_wconf 89' lang='lat' dir='ltr'><strong>justitiae</strong></span> <span class='ocrx_word' id='word_1_52' title='bbox 822 850 993 911; x_wconf 76' lang='lat' dir='ltr'><strong>eodrcente.</strong></span> <span class='ocrx_word' id='word_1_53' title='bbox 1040 847 1072 909; x_wconf 89' lang='lat' dir='ltr'><strong>Si</strong></span> <span class='ocrx_word' id='word_1_54' title='bbox 1095 849 1161 926; x_wconf 91' lang='lat' dir='ltr'><strong>quis</strong></span> <span class='ocrx_word' id='word_1_55' title='bbox 1177 846 1321 909; x_wconf 86' lang='lat' dir='ltr'><strong>Venetus</strong></span> 
     </span>
     <span class='ocr_line' id='line_1_8' title="bbox 133 940 1311 1037; baseline -0.008 -19"><span class='ocrx_word' id='word_1_56' title='bbox 133 959 164 1018; x_wconf 91' lang='lat' dir='ltr'><strong>in</strong></span> <span class='ocrx_word' id='word_1_57' title='bbox 188 940 285 1019; x_wconf 88' lang='lat' dir='ltr'><strong>aliena</strong></span> <span class='ocrx_word' id='word_1_58' title='bbox 307 958 403 1036; x_wconf 91' lang='lat' dir='ltr'><strong>patria</strong></span> <span class='ocrx_word' id='word_1_59' title='bbox 419 962 573 1037; x_wconf 85' lang='lat' dir='ltr'><strong>gravatur,</strong></span> <span class='ocrx_word' id='word_1_60' title='bbox 598 954 718 1016; x_wconf 82' lang='lat' dir='ltr'><strong>adhibet</strong></span> <span class='ocrx_word' id='word_1_61' title='bbox 734 956 799 1015; x_wconf 89' lang='lat' dir='ltr'><strong>sive</strong></span> <span class='ocrx_word' id='word_1_62' title='bbox 814 952 969 1015; x_wconf 90' lang='lat' dir='ltr'><strong>ducalibus</strong></span> <span class='ocrx_word' id='word_1_63' title='bbox 986 952 1125 1031; x_wconf 89' lang='lat' dir='ltr'><strong>seriptis,</strong></span> <span class='ocrx_word' id='word_1_64' title='bbox 1148 951 1212 1011; x_wconf 84' lang='lat' dir='ltr'><strong>sive</strong></span> <span class='ocrx_word' id='word_1_65' title='bbox 1235 967 1311 1010; x_wconf 91' lang='lat' dir='ltr'><strong>nun·</strong></span> 
     </span>
     <span class='ocr_line' id='line_1_9' title="bbox 134 1054 1312 1139; baseline -0.006 -18"><span class='ocrx_word' id='word_1_66' title='bbox 134 1062 182 1121; x_wconf 88' lang='lat' dir='ltr'><strong>tiis</strong></span> <span class='ocrx_word' id='word_1_67' title='bbox 206 1060 349 1139; x_wconf 89' lang='lat' dir='ltr'><strong>publicis,</strong></span> <span class='ocrx_word' id='word_1_68' title='bbox 385 1079 441 1121; x_wconf 87' lang='lat' dir='ltr'><strong>seu</strong></span> <span class='ocrx_word' id='word_1_69' title='bbox 473 1057 687 1137; x_wconf 85' lang='lat' dir='ltr'><strong>repressalium</strong></span> <span class='ocrx_word' id='word_1_70' title='bbox 717 1059 899 1130; x_wconf 90' lang='lat' dir='ltr'><strong>terroribus,</strong></span> <span class='ocrx_word' id='word_1_71' title='bbox 934 1063 967 1118; x_wconf 90' lang='lat' dir='ltr'><strong>ut</strong></span> <span class='ocrx_word' id='word_1_72' title='bbox 999 1073 1108 1116; x_wconf 89' lang='lat' dir='ltr'><strong>eum-a</strong></span> <span class='ocrx_word' id='word_1_73' title='bbox 1138 1054 1312 1133; x_wconf 80' lang='lat' dir='ltr'><strong>gravatione</strong></span> 
     </span>
     <span class='ocr_line' id='line_1_10' title="bbox 134 1157 1313 1242; baseline -0.005 -20"><span class='ocrx_word' id='word_1_74' title='bbox 134 1162 256 1234; x_wconf 89' lang='lat' dir='ltr'><strong>liberet,</strong></span> <span class='ocrx_word' id='word_1_75' title='bbox 289 1163 369 1224; x_wconf 90' lang='lat' dir='ltr'><strong>unde</strong></span> <span class='ocrx_word' id='word_1_76' title='bbox 400 1181 455 1242; x_wconf 91' lang='lat' dir='ltr'><strong>pro</strong></span> <span class='ocrx_word' id='word_1_77' title='bbox 478 1162 667 1224; x_wconf 81' lang='lat' dir='ltr'><strong>redemtione</strong></span> <span class='ocrx_word' id='word_1_78' title='bbox 696 1162 853 1241; x_wconf 85' lang='lat' dir='ltr'><strong>eujusdam</strong></span> <span class='ocrx_word' id='word_1_79' title='bbox 877 1162 950 1224; x_wconf 89' lang='lat' dir='ltr'><strong>civis</strong></span> <span class='ocrx_word' id='word_1_80' title='bbox 979 1162 1026 1222; x_wconf 86' lang='lat' dir='ltr'><strong>sui</strong></span> <span class='ocrx_word' id='word_1_81' title='bbox 1049 1158 1128 1239; x_wconf 90' lang='lat' dir='ltr'><strong>apud</strong></span> <span class='ocrx_word' id='word_1_82' title='bbox 1151 1157 1313 1234; x_wconf 83' lang='lat' dir='ltr'><strong>llslingam,</strong></span> 
     </span>
     <span class='ocr_line' id='line_1_11' title="bbox 134 1259 1312 1351; baseline -0.007 -25"><span class='ocrx_word' id='word_1_83' title='bbox 134 1267 262 1329; x_wconf 87' lang='lat' dir='ltr'><strong>Sueviae</strong></span> <span class='ocrx_word' id='word_1_84' title='bbox 291 1270 411 1340; x_wconf 89' lang='lat' dir='ltr'><strong>urbem,</strong></span> <span class='ocrx_word' id='word_1_85' title='bbox 448 1269 558 1346; x_wconf 85' lang='lat' dir='ltr'><strong>captivi</strong></span> <span class='ocrx_word' id='word_1_86' title='bbox 590 1268 756 1330; x_wconf 82' lang='lat' dir='ltr'><strong>construxit</strong></span> <span class='ocrx_word' id='word_1_87' title='bbox 779 1265 950 1351; x_wconf 83' lang='lat' dir='ltr'><strong>respublica</strong></span> <span class='ocrx_word' id='word_1_88' title='bbox 972 1264 1105 1335; x_wconf 87' lang='lat' dir='ltr'><strong>Veneta,</strong></span> <span class='ocrx_word' id='word_1_89' title='bbox 1138 1270 1172 1323; x_wconf 91' lang='lat' dir='ltr'><strong>ut</strong></span> <span class='ocrx_word' id='word_1_90' title='bbox 1194 1259 1312 1332; x_wconf 90' lang='lat' dir='ltr'><strong>dieitur,</strong></span> 
     </span>
     <span class='ocr_line' id='line_1_12' title="bbox 133 1367 1309 1450; baseline -0.006 -20"><span class='ocrx_word' id='word_1_91' title='bbox 133 1377 258 1450; x_wconf 86' lang='lat' dir='ltr'><strong>pontem</strong></span> <span class='ocrx_word' id='word_1_92' title='bbox 291 1370 376 1432; x_wconf 92' lang='lat' dir='ltr'><strong>illum</strong></span> <span class='ocrx_word' id='word_1_93' title='bbox 407 1370 559 1449; x_wconf 81' lang='lat' dir='ltr'><strong>lapideum</strong></span> <span class='ocrx_word' id='word_1_94' title='bbox 586 1377 707 1431; x_wconf 84' lang='lat' dir='ltr'><strong>arcuato</strong></span> <span class='ocrx_word' id='word_1_95' title='bbox 743 1388 837 1448; x_wconf 88' lang='lat' dir='ltr'><strong>opere</strong></span> <span class='ocrx_word' id='word_1_96' title='bbox 870 1369 984 1430; x_wconf 88' lang='lat' dir='ltr'><strong>iactum</strong></span> <span class='ocrx_word' id='word_1_97' title='bbox 1018 1386 1109 1447; x_wconf 89' lang='lat' dir='ltr'><strong>super</strong></span> <span class='ocrx_word' id='word_1_98' title='bbox 1132 1367 1309 1436; x_wconf 90' lang='lat' dir='ltr'><strong>Neocarum,</strong></span> 
     </span>
     <span class='ocr_line' id='line_1_13' title="bbox 134 1458 1376 1554; baseline -0.006 -18"><span class='ocrx_word' id='word_1_99' title='bbox 134 1478 204 1554; x_wconf 88' lang='lat' dir='ltr'><strong>quia</strong></span> <span class='ocrx_word' id='word_1_100' title='bbox 227 1474 317 1535; x_wconf 86' lang='lat' dir='ltr'><strong>nullis</strong></span> <span class='ocrx_word' id='word_1_101' title='bbox 340 1478 435 1553; x_wconf 90' lang='lat' dir='ltr'><strong>parcit</strong></span> <span class='ocrx_word' id='word_1_102' title='bbox 459 1476 598 1552; x_wconf 82' lang='lat' dir='ltr'><strong>expensis</strong></span> <span class='ocrx_word' id='word_1_103' title='bbox 629 1492 683 1552; x_wconf 93' lang='lat' dir='ltr'><strong>pro</strong></span> <span class='ocrx_word' id='word_1_104' title='bbox 707 1491 831 1535; x_wconf 90' lang='lat' dir='ltr'><strong>suorum</strong></span> <span class='ocrx_word' id='word_1_105' title='bbox 853 1475 964 1535; x_wconf 89' lang='lat' dir='ltr'><strong>civium</strong></span> <span class='ocrx_word' id='word_1_106' title='bbox 988 1473 1102 1543; x_wconf 86' lang='lat' dir='ltr'><strong>salute,</strong></span> <span class='ocrx_word' id='word_1_107' title='bbox 1136 1477 1166 1530; x_wconf 91' lang='lat' dir='ltr'><strong>et</strong></span> <span class='ocrx_word' id='word_1_108' title='bbox 1189 1472 1313 1547; x_wconf 86' lang='lat' dir='ltr'><strong>propter</strong></span> <span class='ocrx_word' id='word_1_109' title='bbox 1374 1458 1376 1464; x_wconf 30' lang='lat'>⁸</span> 
     </span>
     <span class='ocr_line' id='line_1_14' title="bbox 134 1575 1312 1654; baseline -0.003 -15"><span class='ocrx_word' id='word_1_110' title='bbox 134 1580 193 1639; x_wconf 92' lang='lat' dir='ltr'><strong>hoe</strong></span> <span class='ocrx_word' id='word_1_111' title='bbox 209 1575 370 1637; x_wconf 88' lang='lat' dir='ltr'><strong>tardissimi</strong></span> <span class='ocrx_word' id='word_1_112' title='bbox 386 1584 457 1638; x_wconf 91' lang='lat' dir='ltr'><strong>sunt</strong></span> <span class='ocrx_word' id='word_1_113' title='bbox 479 1576 517 1638; x_wconf 93' lang='lat' dir='ltr'><strong>ad</strong></span> <span class='ocrx_word' id='word_1_114' title='bbox 538 1577 617 1638; x_wconf 90' lang='lat' dir='ltr'><strong>bella</strong></span> <span class='ocrx_word' id='word_1_115' title='bbox 640 1577 786 1647; x_wconf 88' lang='lat' dir='ltr'><strong>ineunda,</strong></span> <span class='ocrx_word' id='word_1_116' title='bbox 810 1577 890 1638; x_wconf 89' lang='lat' dir='ltr'><strong>unde</strong></span> <span class='ocrx_word' id='word_1_117' title='bbox 907 1581 1079 1639; x_wconf 83' lang='lat' dir='ltr'><strong>vexationes</strong></span> <span class='ocrx_word' id='word_1_118' title='bbox 1096 1579 1186 1638; x_wconf 87' lang='lat' dir='ltr'><strong>etiam</strong></span> <span class='ocrx_word' id='word_1_119' title='bbox 1199 1575 1312 1654; x_wconf 87' lang='lat' dir='ltr'><strong>injuste</strong></span> 
     </span>
     <span class='ocr_line' id='line_1_15' title="bbox 135 1678 1311 1760; baseline -0.003 -18"><span class='ocrx_word' id='word_1_120' title='bbox 135 1684 179 1742; x_wconf 90' lang='lat' dir='ltr'><strong>eis</strong></span> <span class='ocrx_word' id='word_1_121' title='bbox 203 1681 298 1742; x_wconf 88' lang='lat' dir='ltr'><strong>illatas</strong></span> <span class='ocrx_word' id='word_1_122' title='bbox 322 1681 370 1743; x_wconf 87' lang='lat' dir='ltr'><strong>vel</strong></span> <span class='ocrx_word' id='word_1_123' title='bbox 393 1681 565 1743; x_wconf 81' lang='lat' dir='ltr'><strong>inferendas</strong></span> <span class='ocrx_word' id='word_1_124' title='bbox 588 1683 726 1760; x_wconf 89' lang='lat' dir='ltr'><strong>pecuniis</strong></span> <span class='ocrx_word' id='word_1_125' title='bbox 756 1688 787 1743; x_wconf 91' lang='lat' dir='ltr'><strong>et</strong></span> <span class='ocrx_word' id='word_1_126' title='bbox 808 1681 982 1742; x_wconf 91' lang='lat' dir='ltr'><strong>muneribus</strong></span> <span class='ocrx_word' id='word_1_127' title='bbox 1005 1680 1167 1742; x_wconf 87' lang='lat' dir='ltr'><strong>redimunt.</strong></span> <span class='ocrx_word' id='word_1_128' title='bbox 1212 1678 1311 1757; x_wconf 92' lang='lat' dir='ltr'><strong>lmpe·</strong></span> 
     </span>
     <span class='ocr_line' id='line_1_16' title="bbox 133 1782 1312 1866; baseline -0.001 -21"><span class='ocrx_word' id='word_1_129' title='bbox 133 1792 264 1847; x_wconf 83' lang='lat' dir='ltr'><strong>ratonem</strong></span> <span class='ocrx_word' id='word_1_130' title='bbox 281 1783 485 1847; x_wconf 86' lang='lat' dir='ltr'><strong>Romanorum</strong></span> <span class='ocrx_word' id='word_1_131' title='bbox 509 1786 620 1847; x_wconf 87' lang='lat' dir='ltr'><strong>crebris</strong></span> <span class='ocrx_word' id='word_1_132' title='bbox 644 1786 820 1847; x_wconf 88' lang='lat' dir='ltr'><strong>muneribus</strong></span> <span class='ocrx_word' id='word_1_133' title='bbox 844 1787 972 1866; x_wconf 91' lang='lat' dir='ltr'><strong>placant.</strong></span> <span class='ocrx_word' id='word_1_134' title='bbox 1018 1785 1051 1846; x_wconf 95' lang='lat' dir='ltr'><strong>ln</strong></span> <span class='ocrx_word' id='word_1_135' title='bbox 1074 1783 1198 1865; x_wconf 86' lang='lat' dir='ltr'><strong>proeliis</strong></span> <span class='ocrx_word' id='word_1_136' title='bbox 1222 1782 1312 1844; x_wconf 88' lang='lat' dir='ltr'><strong>auda·</strong></span> 
     </span>
     <span class='ocr_line' id='line_1_17' title="bbox 136 1887 1312 1964; baseline -0.001 -16"><span class='ocrx_word' id='word_1_137' title='bbox 136 1891 248 1951; x_wconf 88' lang='lat' dir='ltr'><strong>eissimi</strong></span> <span class='ocrx_word' id='word_1_138' title='bbox 264 1897 348 1964; x_wconf 93' lang='lat' dir='ltr'><strong>sunt,</strong></span> <span class='ocrx_word' id='word_1_139' title='bbox 365 1890 446 1952; x_wconf 88' lang='lat' dir='ltr'><strong>unde</strong></span> <span class='ocrx_word' id='word_1_140' title='bbox 462 1890 570 1952; x_wconf 88' lang='lat' dir='ltr'><strong>Tureis</strong></span> <span class='ocrx_word' id='word_1_141' title='bbox 587 1897 619 1952; x_wconf 93' lang='lat' dir='ltr'><strong>et</strong></span> <span class='ocrx_word' id='word_1_142' title='bbox 634 1889 757 1952; x_wconf 88' lang='lat' dir='ltr'><strong>Graecis</strong></span> <span class='ocrx_word' id='word_1_143' title='bbox 773 1891 867 1952; x_wconf 89' lang='lat' dir='ltr'><strong>multa</strong></span> <span class='ocrx_word' id='word_1_144' title='bbox 884 1889 1049 1952; x_wconf 90' lang='lat' dir='ltr'><strong>intulerunt</strong></span> <span class='ocrx_word' id='word_1_145' title='bbox 1062 1888 1151 1949; x_wconf 90' lang='lat' dir='ltr'><strong>bella.</strong></span> <span class='ocrx_word' id='word_1_146' title='bbox 1183 1887 1312 1951; x_wconf 82' lang='lat' dir='ltr'><strong>Domum</strong></span> 
     </span>
     <span class='ocr_line' id='line_1_18' title="bbox 134 1983 1312 2075; baseline -0.002 -20"><span class='ocrx_word' id='word_1_147' title='bbox 134 2011 212 2055; x_wconf 97' lang='lat' dir='ltr'><strong>anno</strong></span> <span class='ocrx_word' id='word_1_148' title='bbox 236 1984 357 2056; x_wconf 89' lang='lat' dir='ltr'><strong>Domini</strong></span> <span class='ocrx_word' id='word_1_149' title='bbox 376 1991 459 2058; x_wconf 76' lang='lat'>1472</span> <span class='ocrx_word' id='word_1_150' title='bbox 477 1994 584 2056; x_wconf 86' lang='lat' dir='ltr'><strong>Tureis</strong></span> <span class='ocrx_word' id='word_1_151' title='bbox 607 2015 661 2075; x_wconf 92' lang='lat' dir='ltr'><strong>pro</strong></span> <span class='ocrx_word' id='word_1_152' title='bbox 686 1997 916 2073; x_wconf 85' lang='lat' dir='ltr'><strong>conservatione</strong></span> <span class='ocrx_word' id='word_1_153' title='bbox 939 2013 992 2057; x_wconf 90' lang='lat' dir='ltr'><strong>sua</strong></span> <span class='ocrx_word' id='word_1_154' title='bbox 1018 1983 1222 2056; x_wconf 78' lang='lat' dir='ltr'><strong>confoederati</strong></span> <span class='ocrx_word' id='word_1_155' title='bbox 1245 1992 1312 2074; x_wconf 85' lang='lat' dir='ltr'><strong>iue-</strong></span> 
     </span>
     <span class='ocr_line' id='line_1_19' title="bbox 132 2097 1312 2176; baseline 0 -19"><span class='ocrx_word' id='word_1_156' title='bbox 132 2105 211 2160; x_wconf 83' lang='lat' dir='ltr'><strong>runt.</strong></span> <span class='ocrx_word' id='word_1_157' title='bbox 240 2097 388 2160; x_wconf 82' lang='lat' dir='ltr'><strong>¹loannes</strong></span> <span class='ocrx_word' id='word_1_158' title='bbox 412 2100 492 2160; x_wconf 89' lang='lat' dir='ltr'><strong>enim</strong></span> <span class='ocrx_word' id='word_1_159' title='bbox 515 2097 702 2172; x_wconf 79' lang='lat' dir='ltr'><strong>Maeoniam,</strong></span> <span class='ocrx_word' id='word_1_160' title='bbox 731 2097 781 2164; x_wconf 82' lang='lat'><strong>75.</strong></span> <span class='ocrx_word' id='word_1_161' title='bbox 806 2099 992 2160; x_wconf 87' lang='lat' dir='ltr'><strong>Venetorum</strong></span> <span class='ocrx_word' id='word_1_162' title='bbox 1014 2099 1091 2171; x_wconf 80' lang='lat' dir='ltr'><strong>dux,</strong></span> <span class='ocrx_word' id='word_1_163' title='bbox 1115 2097 1312 2176; x_wconf 83' lang='lat' dir='ltr'><strong>vir-pruden-</strong></span> 
     </span>
     <span class='ocr_line' id='line_1_20' title="bbox 132 2201 1312 2282; baseline -0.003 -19"><span class='ocrx_word' id='word_1_164' title='bbox 132 2205 280 2274; x_wconf 88' lang='lat' dir='ltr'><strong>tissimus,</strong></span> <span class='ocrx_word' id='word_1_165' title='bbox 304 2203 443 2281; x_wconf 88' lang='lat' dir='ltr'><strong>publicae</strong></span> <span class='ocrx_word' id='word_1_166' title='bbox 467 2201 557 2263; x_wconf 89' lang='lat' dir='ltr'><strong>saluti</strong></span> <span class='ocrx_word' id='word_1_167' title='bbox 573 2203 753 2276; x_wconf 87' lang='lat' dir='ltr'><strong>consulens,</strong></span> <span class='ocrx_word' id='word_1_168' title='bbox 778 2221 847 2264; x_wconf 94' lang='lat' dir='ltr'><strong>eum</strong></span> <span class='ocrx_word' id='word_1_169' title='bbox 859 2203 923 2282; x_wconf 92' lang='lat' dir='ltr'><strong>jam</strong></span> <span class='ocrx_word' id='word_1_170' title='bbox 946 2222 1023 2265; x_wconf 88' lang='lat' dir='ltr'><strong>anno</strong></span> <span class='ocrx_word' id='word_1_171' title='bbox 1039 2202 1187 2281; x_wconf 85' lang='lat' dir='ltr'><strong>superiori</strong></span> <span class='ocrx_word' id='word_1_172' title='bbox 1202 2201 1312 2260; x_wconf 83' lang='lat' dir='ltr'><strong>Forum</strong></span> 
     </span>
     <span class='ocr_line' id='line_1_21' title="bbox 133 2296 1311 2385; baseline -0.003 -21"><span class='ocrx_word' id='word_1_173' title='bbox 133 2296 360 2367; x_wconf 65' lang='lat' dir='ltr'><strong>lulium&#39;Turei</strong></span> <span class='ocrx_word' id='word_1_174' title='bbox 388 2306 498 2368; x_wconf 88' lang='lat' dir='ltr'><strong>infesto</strong></span> <span class='ocrx_word' id='word_1_175' title='bbox 528 2308 648 2384; x_wconf 85' lang='lat' dir='ltr'><strong>agmine</strong></span> <span class='ocrx_word' id='word_1_176' title='bbox 677 2309 914 2385; x_wconf 88' lang='lat' dir='ltr'><strong>percurrissent,</strong></span> <span class='ocrx_word' id='word_1_177' title='bbox 947 2309 1061 2367; x_wconf 82' lang='lat' dir='ltr'><strong>veritus</strong></span> <span class='ocrx_word' id='word_1_178' title='bbox 1091 2322 1129 2364; x_wconf 91' lang='lat' dir='ltr'><strong>ne</strong></span> <span class='ocrx_word' id='word_1_179' title='bbox 1162 2305 1254 2363; x_wconf 87' lang='lat' dir='ltr'><strong>etiam</strong></span> <span class='ocrx_word' id='word_1_180' title='bbox 1280 2303 1311 2362; x_wconf 91' lang='lat' dir='ltr'><strong>in</strong></span> 
     </span>
     <span class='ocr_line' id='line_1_22' title="bbox 132 2405 1312 2488; baseline -0.002 -21"><span class='ocrx_word' id='word_1_181' title='bbox 132 2407 245 2469; x_wconf 90' lang='lat' dir='ltr'><strong>ltaliam</strong></span> <span class='ocrx_word' id='word_1_182' title='bbox 267 2408 381 2469; x_wconf 90' lang='lat' dir='ltr'><strong>bellum</strong></span> <span class='ocrx_word' id='word_1_183' title='bbox 411 2410 576 2483; x_wconf 82' lang='lat' dir='ltr'><strong>inferrent,</strong></span> <span class='ocrx_word' id='word_1_184' title='bbox 612 2428 648 2471; x_wconf 89' lang='lat' dir='ltr'><strong>eo</strong></span> <span class='ocrx_word' id='word_1_185' title='bbox 677 2412 826 2482; x_wconf 81' lang='lat' dir='ltr'><strong>maxime,</strong></span> <span class='ocrx_word' id='word_1_186' title='bbox 862 2411 932 2488; x_wconf 90' lang='lat' dir='ltr'><strong>quia</strong></span> <span class='ocrx_word' id='word_1_187' title='bbox 960 2409 1131 2479; x_wconf 86' lang='lat' dir='ltr'><strong>constabat,</strong></span> <span class='ocrx_word' id='word_1_188' title='bbox 1165 2405 1312 2485; x_wconf 89' lang='lat' dir='ltr'><strong>quosdam</strong></span> 
     </span>
     <span class='ocr_line' id='line_1_23' title="bbox 133 2503 1311 2592; baseline -0.003 -18"><span class='ocrx_word' id='word_1_189' title='bbox 133 2511 319 2574; x_wconf 84' lang='lat' dir='ltr'><strong>Christianos</strong></span> <span class='ocrx_word' id='word_1_190' title='bbox 353 2513 506 2592; x_wconf 86' lang='lat' dir='ltr'><strong>principes</strong></span> <span class='ocrx_word' id='word_1_191' title='bbox 535 2513 643 2575; x_wconf 86' lang='lat' dir='ltr'><strong>litteris</strong></span> <span class='ocrx_word' id='word_1_192' title='bbox 674 2521 704 2575; x_wconf 87' lang='lat' dir='ltr'><strong>et</strong></span> <span class='ocrx_word' id='word_1_193' title='bbox 726 2515 848 2575; x_wconf 93' lang='lat' dir='ltr'><strong>nuntiis</strong></span> <span class='ocrx_word' id='word_1_194' title='bbox 881 2515 914 2574; x_wconf 92' lang='lat' dir='ltr'><strong>in</strong></span> <span class='ocrx_word' id='word_1_195' title='bbox 946 2513 1010 2574; x_wconf 90' lang='lat' dir='ltr'><strong>dies</strong></span> <span class='ocrx_word' id='word_1_196' title='bbox 1039 2509 1157 2573; x_wconf 90' lang='lat' dir='ltr'><strong>hostem</strong></span> <span class='ocrx_word' id='word_1_197' title='bbox 1187 2503 1311 2571; x_wconf 87' lang='lat' dir='ltr'><strong>fidei-in</strong></span> 
     </span>
     <span class='ocr_line' id='line_1_24' title="bbox 133 2612 1311 2696; baseline -0.003 -20"><span class='ocrx_word' id='word_1_198' title='bbox 133 2621 272 2677; x_wconf 89' lang='lat' dir='ltr'><strong>senatum</strong></span> <span class='ocrx_word' id='word_1_199' title='bbox 297 2617 465 2689; x_wconf 88' lang='lat' dir='ltr'><strong>concitare,</strong></span> <span class='ocrx_word' id='word_1_200' title='bbox 491 2635 526 2678; x_wconf 84' lang='lat' dir='ltr'><strong>ex</strong></span> <span class='ocrx_word' id='word_1_201' title='bbox 550 2623 671 2678; x_wconf 89' lang='lat' dir='ltr'><strong>senatus</strong></span> <span class='ocrx_word' id='word_1_202' title='bbox 695 2616 833 2679; x_wconf 88' lang='lat' dir='ltr'><strong>consulto</strong></span> <span class='ocrx_word' id='word_1_203' title='bbox 856 2635 962 2696; x_wconf 92' lang='lat' dir='ltr'><strong>pacem</strong></span> <span class='ocrx_word' id='word_1_204' title='bbox 986 2615 1191 2680; x_wconf 89' lang='lat' dir='ltr'><strong>aMahometo</strong></span> <span class='ocrx_word' id='word_1_205' title='bbox 1211 2612 1311 2676; x_wconf 88' lang='lat' dir='ltr'><strong>Tureo</strong></span> 
     </span>
     <span class='ocr_line' id='line_1_25' title="bbox 135 2715 1282 2801; baseline 0.001 -20"><span class='ocrx_word' id='word_1_206' title='bbox 135 2738 243 2800; x_wconf 86' lang='lat' dir='ltr'><strong>magno</strong></span> <span class='ocrx_word' id='word_1_207' title='bbox 264 2721 382 2799; x_wconf 83' lang='lat' dir='ltr'><strong>&#39;magnis</strong></span> <span class='ocrx_word' id='word_1_208' title='bbox 406 2718 631 2782; x_wconf 86' lang='lat' dir='ltr'><strong>difficultatibus</strong></span> <span class='ocrx_word' id='word_1_209' title='bbox 654 2720 777 2782; x_wconf 88' lang='lat' dir='ltr'><strong>tandem</strong></span> <span class='ocrx_word' id='word_1_210' title='bbox 799 2723 979 2801; x_wconf 85' lang='lat' dir='ltr'><strong>impetravit.</strong></span> <span class='ocrx_word' id='word_1_211' title='bbox 1276 2715 1282 2721; x_wconf 72' lang='grc'><em>’</em></span> 
     </span>
    </p>

    <p class='ocr_par' dir='ltr' id='par_1_5' title="bbox 112 2822 1310 3735">
     <span class='ocr_line' id='line_1_26' title="bbox 218 2822 1307 2905; baseline 0.001 -21"><span class='ocrx_word' id='word_1_212' title='bbox 218 2822 307 2885; x_wconf 83' lang='lat' dir='ltr'><strong>Cives</strong></span> <span class='ocrx_word' id='word_1_213' title='bbox 322 2823 521 2895; x_wconf 88' lang='lat' dir='ltr'><strong>honorabiles,</strong></span> <span class='ocrx_word' id='word_1_214' title='bbox 546 2830 575 2885; x_wconf 91' lang='lat' dir='ltr'><strong>at</strong></span> <span class='ocrx_word' id='word_1_215' title='bbox 591 2823 701 2886; x_wconf 86' lang='lat' dir='ltr'><strong>divitiis</strong></span> <span class='ocrx_word' id='word_1_216' title='bbox 717 2831 834 2898; x_wconf 87' lang='lat' dir='ltr'><strong>tenues,</strong></span> <span class='ocrx_word' id='word_1_217' title='bbox 857 2827 963 2905; x_wconf 89' lang='lat' dir='ltr'><strong>oifieiis</strong></span> <span class='ocrx_word' id='word_1_218' title='bbox 979 2826 1028 2888; x_wconf 84' lang='lat' dir='ltr'><strong>vel</strong></span> <span class='ocrx_word' id='word_1_219' title='bbox 1051 2825 1181 2886; x_wconf 89' lang='lat' dir='ltr'><strong>relanrie</strong></span> <span class='ocrx_word' id='word_1_220' title='bbox 1207 2825 1307 2903; x_wconf 87' lang='lat' dir='ltr'><strong>provi·</strong></span> 
     </span>
     <span class='ocr_line' id='line_1_27' title="bbox 131 2925 1310 3011; baseline 0.001 -24"><span class='ocrx_word' id='word_1_221' title='bbox 131 2928 217 2988; x_wconf 87' lang='lat' dir='ltr'><strong>sione</strong></span> <span class='ocrx_word' id='word_1_222' title='bbox 249 2927 405 2990; x_wconf 79' lang='lat' dir='ltr'><strong>sublevare</strong></span> <span class='ocrx_word' id='word_1_223' title='bbox 425 2925 553 2989; x_wconf 85' lang='lat' dir='ltr'><strong>curant.</strong></span> <span class='ocrx_word' id='word_1_224' title='bbox 605 2926 809 2990; x_wconf 82' lang='lat' dir='ltr'><strong>Advenientcs</strong></span> <span class='ocrx_word' id='word_1_225' title='bbox 841 2930 959 3009; x_wconf 88' lang='lat' dir='ltr'><strong>profugi</strong></span> <span class='ocrx_word' id='word_1_226' title='bbox 983 2926 1038 3011; x_wconf 80' lang='lat' dir='ltr'><strong>(b)</strong></span> <span class='ocrx_word' id='word_1_227' title='bbox 1070 2947 1089 2990; x_wconf 94' lang='lat' dir='ltr'><strong>a</strong></span> <span class='ocrx_word' id='word_1_228' title='bbox 1119 2945 1310 3007; x_wconf 89' lang='lat' dir='ltr'><strong>quocumque</strong></span> 
     </span>
     <span class='ocr_line' id='line_1_28' title="bbox 130 3029 1309 3112; baseline 0.006 -22"><span class='ocrx_word' id='word_1_229' title='bbox 130 3029 199 3091; x_wconf 92' lang='lat' dir='ltr'><strong>loeo</strong></span> <span class='ocrx_word' id='word_1_230' title='bbox 223 3029 302 3109; x_wconf 91' lang='lat' dir='ltr'><strong>apud</strong></span> <span class='ocrx_word' id='word_1_231' title='bbox 326 3049 379 3092; x_wconf 93' lang='lat' dir='ltr'><strong>eos</strong></span> <span class='ocrx_word' id='word_1_232' title='bbox 402 3038 467 3094; x_wconf 88' lang='lat' dir='ltr'><strong>tute</strong></span> <span class='ocrx_word' id='word_1_233' title='bbox 490 3040 663 3106; x_wconf 84' lang='lat' dir='ltr'><strong>servantur,</strong></span> <span class='ocrx_word' id='word_1_234' title='bbox 696 3033 901 3112; x_wconf 89' lang='lat' dir='ltr'><strong>adjustitiam</strong></span> <span class='ocrx_word' id='word_1_235' title='bbox 923 3037 1023 3099; x_wconf 92' lang='lat' dir='ltr'><strong>nullus</strong></span> <span class='ocrx_word' id='word_1_236' title='bbox 1047 3037 1085 3098; x_wconf 89' lang='lat' dir='ltr'><strong>de</strong></span> <span class='ocrx_word' id='word_1_237' title='bbox 1108 3037 1165 3098; x_wconf 92' lang='lat' dir='ltr'><strong>hae</strong></span> <span class='ocrx_word' id='word_1_238' title='bbox 1188 3037 1309 3097; x_wconf 86' lang='lat' dir='ltr'><strong>civitate</strong></span> 
     </span>
     <span class='ocr_line' id='line_1_29' title="bbox 130 3131 1308 3220; baseline 0.004 -25"><span class='ocrx_word' id='word_1_239' title='bbox 130 3141 218 3196; x_wconf 91' lang='lat' dir='ltr'><strong>natus</strong></span> <span class='ocrx_word' id='word_1_240' title='bbox 241 3142 297 3196; x_wconf 90' lang='lat' dir='ltr'><strong>est·</strong></span> <span class='ocrx_word' id='word_1_241' title='bbox 311 3131 434 3198; x_wconf 89' lang='lat' dir='ltr'><strong>alterius</strong></span> <span class='ocrx_word' id='word_1_242' title='bbox 458 3155 580 3212; x_wconf 83' lang='lat' dir='ltr'><strong>serpus,</strong></span> <span class='ocrx_word' id='word_1_243' title='bbox 613 3156 671 3199; x_wconf 90' lang='lat' dir='ltr'><strong>nce</strong></span> <span class='ocrx_word' id='word_1_244' title='bbox 694 3141 785 3200; x_wconf 90' lang='lat' dir='ltr'><strong>etiam</strong></span> <span class='ocrx_word' id='word_1_245' title='bbox 809 3143 996 3203; x_wconf 86' lang='lat' dir='ltr'><strong>mercenario</strong></span> <span class='ocrx_word' id='word_1_246' title='bbox 1019 3147 1108 3220; x_wconf 93' lang='lat' dir='ltr'><strong>paeto</strong></span> <span class='ocrx_word' id='word_1_247' title='bbox 1132 3139 1308 3217; x_wconf 90' lang='lat' dir='ltr'><strong>conductus,</strong></span> 
     </span>
     <span class='ocr_line' id='line_1_30' title="bbox 112 3227 1308 3323; baseline 0.001 -19"><span class='ocrx_word' id='word_1_248' title='bbox 112 3238 185 3304; x_wconf 77' lang='lat' dir='ltr'><strong>,sed</strong></span> <span class='ocrx_word' id='word_1_249' title='bbox 207 3241 414 3317; x_wconf 87' lang='lat' dir='ltr'><strong>unusquisque</strong></span> <span class='ocrx_word' id='word_1_250' title='bbox 448 3240 619 3302; x_wconf 87' lang='lat' dir='ltr'><strong>libertatem</strong></span> <span class='ocrx_word' id='word_1_251' title='bbox 650 3243 706 3302; x_wconf 92' lang='lat' dir='ltr'><strong>sibi</strong></span> <span class='ocrx_word' id='word_1_252' title='bbox 735 3243 890 3305; x_wconf 84' lang='lat' dir='ltr'><strong>vindicans</strong></span> <span class='ocrx_word' id='word_1_253' title='bbox 922 3248 1034 3306; x_wconf 83' lang='lat' dir='ltr'><strong>vietum</strong></span> <span class='ocrx_word' id='word_1_254' title='bbox 1057 3227 1179 3323; x_wconf 81' lang='lat' dir='ltr'><strong>proprio</strong></span> <span class='ocrx_word' id='word_1_255' title='bbox 1202 3243 1308 3305; x_wconf 91' lang='lat' dir='ltr'><strong>labore</strong></span> 
     </span>
     <span class='ocr_line' id='line_1_31' title="bbox 130 3334 1308 3424; baseline 0.003 -22"><span class='ocrx_word' id='word_1_256' title='bbox 130 3344 262 3422; x_wconf 90' lang='lat' dir='ltr'><strong>quaerit,</strong></span> <span class='ocrx_word' id='word_1_257' title='bbox 295 3349 325 3402; x_wconf 88' lang='lat' dir='ltr'><strong>et</strong></span> <span class='ocrx_word' id='word_1_258' title='bbox 344 3334 537 3419; x_wconf 87' lang='lat' dir='ltr'><strong>juventutem</strong></span> <span class='ocrx_word' id='word_1_259' title='bbox 560 3345 701 3406; x_wconf 87' lang='lat' dir='ltr'><strong>erudiunt</strong></span> <span class='ocrx_word' id='word_1_260' title='bbox 729 3349 761 3407; x_wconf 92' lang='lat' dir='ltr'><strong>in</strong></span> <span class='ocrx_word' id='word_1_261' title='bbox 784 3348 887 3408; x_wconf 88' lang='lat' dir='ltr'><strong>usibus</strong></span> <span class='ocrx_word' id='word_1_262' title='bbox 917 3350 1007 3409; x_wconf 89' lang='lat' dir='ltr'><strong>maris</strong></span> <span class='ocrx_word' id='word_1_263' title='bbox 1032 3346 1068 3408; x_wconf 92' lang='lat' dir='ltr'><strong>ad</strong></span> <span class='ocrx_word' id='word_1_264' title='bbox 1091 3345 1308 3424; x_wconf 89' lang='lat' dir='ltr'><strong>acquirendum</strong></span> 
     </span>
     <span class='ocr_line' id='line_1_32' title="bbox 129 3447 1309 3535; baseline 0 -28"><span class='ocrx_word' id='word_1_265' title='bbox 129 3447 207 3508; x_wconf 88' lang='lat' dir='ltr'><strong>vitae</strong></span> <span class='ocrx_word' id='word_1_266' title='bbox 230 3449 416 3517; x_wconf 89' lang='lat' dir='ltr'><strong>neccssaria,</strong></span> <span class='ocrx_word' id='word_1_267' title='bbox 451 3448 556 3524; x_wconf 89' lang='lat' dir='ltr'><strong>sieque</strong></span> <span class='ocrx_word' id='word_1_268' title='bbox 580 3465 634 3525; x_wconf 93' lang='lat' dir='ltr'><strong>pro</strong></span> <span class='ocrx_word' id='word_1_269' title='bbox 658 3449 826 3535; x_wconf 84' lang='lat' dir='ltr'><strong>colentibus</strong></span> <span class='ocrx_word' id='word_1_270' title='bbox 849 3468 936 3529; x_wconf 89' lang='lat' dir='ltr'><strong>agros</strong></span> <span class='ocrx_word' id='word_1_271' title='bbox 968 3452 1099 3528; x_wconf 88' lang='lat' dir='ltr'><strong>remiges</strong></span> <span class='ocrx_word' id='word_1_272' title='bbox 1133 3448 1244 3508; x_wconf 86' lang='lat' dir='ltr'><strong>habent</strong></span> <span class='ocrx_word' id='word_1_273' title='bbox 1278 3453 1309 3507; x_wconf 88' lang='lat' dir='ltr'><strong>et</strong></span> 
     </span>
     <span class='ocr_line' id='line_1_33' title="bbox 129 3534 1308 3633; baseline 0.003 -22"><span class='ocrx_word' id='word_1_274' title='bbox 129 3569 184 3629; x_wconf 91' lang='lat' dir='ltr'><strong>pro</strong></span> <span class='ocrx_word' id='word_1_275' title='bbox 208 3550 285 3612; x_wconf 86' lang='lat' dir='ltr'><strong>bove</strong></span> <span class='ocrx_word' id='word_1_276' title='bbox 308 3551 474 3626; x_wconf 89' lang='lat' dir='ltr'><strong>navigium,</strong></span> <span class='ocrx_word' id='word_1_277' title='bbox 508 3569 563 3631; x_wconf 90' lang='lat' dir='ltr'><strong>pro</strong></span> <span class='ocrx_word' id='word_1_278' title='bbox 586 3534 735 3630; x_wconf 85' lang='lat' dir='ltr'><strong>ligonibus</strong></span> <span class='ocrx_word' id='word_1_279' title='bbox 767 3553 930 3626; x_wconf 87' lang='lat' dir='ltr'><strong>anchoras,</strong></span> <span class='ocrx_word' id='word_1_280' title='bbox 963 3571 1018 3633; x_wconf 91' lang='lat' dir='ltr'><strong>pro</strong></span> <span class='ocrx_word' id='word_1_281' title='bbox 1041 3555 1128 3632; x_wconf 91' lang='lat' dir='ltr'><strong>equis</strong></span> <span class='ocrx_word' id='word_1_282' title='bbox 1152 3552 1308 3615; x_wconf 85' lang='lat' dir='ltr'><strong>dextrariis</strong></span> 
     </span>
     <span class='ocr_line' id='line_1_34' title="bbox 129 3653 1030 3735; baseline 0.004 -20"><span class='ocrx_word' id='word_1_283' title='bbox 129 3661 161 3715; x_wconf 89' lang='lat' dir='ltr'><strong>et</strong></span> <span class='ocrx_word' id='word_1_284' title='bbox 183 3653 271 3714; x_wconf 92' lang='lat' dir='ltr'><strong>mulis</strong></span> <span class='ocrx_word' id='word_1_285' title='bbox 295 3653 406 3715; x_wconf 91' lang='lat' dir='ltr'><strong>habent</strong></span> <span class='ocrx_word' id='word_1_286' title='bbox 427 3653 533 3715; x_wconf 88' lang='lat' dir='ltr'><strong>bareas</strong></span> <span class='ocrx_word' id='word_1_287' title='bbox 557 3654 693 3733; x_wconf 84' lang='lat' dir='ltr'><strong>depietae</strong></span> <span class='ocrx_word' id='word_1_288' title='bbox 718 3663 748 3716; x_wconf 91' lang='lat' dir='ltr'><strong>et</strong></span> <span class='ocrx_word' id='word_1_289' title='bbox 770 3659 877 3735; x_wconf 89' lang='lat' dir='ltr'><strong>pannis</strong></span> <span class='ocrx_word' id='word_1_290' title='bbox 901 3665 1030 3719; x_wconf 89' lang='lat' dir='ltr'><strong>ornatas.</strong></span> 
     </span>
    </p>

    <p class='ocr_par' dir='ltr' id='par_1_6' title="bbox 128 3757 1307 4260">
     <span class='ocr_line' id='line_1_35' title="bbox 231 3757 1306 3842; baseline 0.007 -24"><span class='ocrx_word' id='word_1_291' title='bbox 231 3757 323 3819; x_wconf 86' lang='lat' dir='ltr'><strong>Suam</strong></span> <span class='ocrx_word' id='word_1_292' title='bbox 360 3758 490 3835; x_wconf 90' lang='lat' dir='ltr'><strong>denique</strong></span> <span class='ocrx_word' id='word_1_293' title='bbox 524 3757 675 3835; x_wconf 91' lang='lat' dir='ltr'><strong>justitiam</strong></span> <span class='ocrx_word' id='word_1_294' title='bbox 713 3779 829 3822; x_wconf 91' lang='lat' dir='ltr'><strong>summa</strong></span> <span class='ocrx_word' id='word_1_295' title='bbox 875 3761 1083 3824; x_wconf 90' lang='lat' dir='ltr'><strong>misericordia</strong></span> <span class='ocrx_word' id='word_1_296' title='bbox 1119 3770 1306 3842; x_wconf 89' lang='lat' dir='ltr'><strong>temperant,</strong></span> 
     </span>
     <span class='ocr_line' id='line_1_36' title="bbox 129 3859 1304 3946; baseline 0.006 -24"><span class='ocrx_word' id='word_1_297' title='bbox 129 3862 262 3922; x_wconf 87' lang='lat' dir='ltr'><strong>seientes</strong></span> <span class='ocrx_word' id='word_1_298' title='bbox 285 3859 537 3926; x_wconf 85' lang='lat' dir='ltr'><strong>illudEsa.16.:</strong></span> <span class='ocrx_word' id='word_1_299' title='bbox 570 3865 650 3942; x_wconf 89' lang='lat' dir='ltr'><strong>quod</strong></span> <span class='ocrx_word' id='word_1_300' title='bbox 673 3866 714 3925; x_wconf 94' lang='lat' dir='ltr'><strong>in·</strong></span> <span class='ocrx_word' id='word_1_301' title='bbox 728 3866 933 3928; x_wconf 91' lang='lat' dir='ltr'><strong>misericordia</strong></span> <span class='ocrx_word' id='word_1_302' title='bbox 956 3869 1183 3946; x_wconf 89' lang='lat' dir='ltr'><strong>praeparabitur</strong></span> <span class='ocrx_word' id='word_1_303' title='bbox 1197 3868 1304 3930; x_wconf 90' lang='lat' dir='ltr'><strong>solum.</strong></span> 
     </span>
     <span class='ocr_line' id='line_1_37' title="bbox 128 3965 1307 4051; baseline 0.008 -27"><span class='ocrx_word' id='word_1_304' title='bbox 128 3965 195 4026; x_wconf 92' lang='lat' dir='ltr'><strong>Non</strong></span> <span class='ocrx_word' id='word_1_305' title='bbox 218 3965 316 4026; x_wconf 90' lang='lat' dir='ltr'><strong>solum</strong></span> <span class='ocrx_word' id='word_1_306' title='bbox 340 3973 440 4028; x_wconf 88' lang='lat' dir='ltr'><strong>autam</strong></span> <span class='ocrx_word' id='word_1_307' title='bbox 463 3970 607 4046; x_wconf 90' lang='lat' dir='ltr'><strong>pietatem</strong></span> <span class='ocrx_word' id='word_1_308' title='bbox 638 3965 778 4031; x_wconf 83' lang='lat' dir='ltr'><strong>exhibent</strong></span> <span class='ocrx_word' id='word_1_309' title='bbox 800 3969 862 4043; x_wconf 94' lang='lat' dir='ltr'><strong>his,</strong></span> <span class='ocrx_word' id='word_1_310' title='bbox 897 3973 948 4050; x_wconf 90' lang='lat' dir='ltr'><strong>qui</strong></span> <span class='ocrx_word' id='word_1_311' title='bbox 972 3971 1054 4051; x_wconf 89' lang='lat' dir='ltr'><strong>digni</strong></span> <span class='ocrx_word' id='word_1_312' title='bbox 1077 3978 1163 4045; x_wconf 90' lang='lat' dir='ltr'><strong>sunt,</strong></span> <span class='ocrx_word' id='word_1_313' title='bbox 1198 3970 1307 4036; x_wconf 88' lang='lat' dir='ltr'><strong>sedet</strong></span> 
     </span>
     <span class='ocr_line' id='line_1_38' title="bbox 128 4067 1304 4152; baseline 0.01 -26"><span class='ocrx_word' id='word_1_314' title='bbox 128 4067 202 4152; x_wconf 82' lang='lat' dir='ltr'><strong>illis,</strong></span> <span class='ocrx_word' id='word_1_315' title='bbox 226 4070 278 4147; x_wconf 91' lang='lat' dir='ltr'><strong>qui</strong></span> <span class='ocrx_word' id='word_1_316' title='bbox 301 4085 425 4131; x_wconf 82' lang='lat' dir='ltr'><strong>severae</strong></span> <span class='ocrx_word' id='word_1_317' title='bbox 445 4069 581 4148; x_wconf 88' lang='lat' dir='ltr'><strong>justitiae</strong></span> <span class='ocrx_word' id='word_1_318' title='bbox 606 4090 740 4134; x_wconf 90' lang='lat' dir='ltr'><strong>summas</strong></span> <span class='ocrx_word' id='word_1_319' title='bbox 763 4076 930 4143; x_wconf 91' lang='lat' dir='ltr'><strong>incurrunt.</strong></span> <span class='ocrx_word' id='word_1_320' title='bbox 971 4076 1114 4138; x_wconf 86' lang='lat' dir='ltr'><strong>Carceres</strong></span> <span class='ocrx_word' id='word_1_321' title='bbox 1139 4078 1220 4138; x_wconf 90' lang='lat' dir='ltr'><strong>enim</strong></span> <span class='ocrx_word' id='word_1_322' title='bbox 1235 4094 1304 4138; x_wconf 88' lang='lat' dir='ltr'><strong>reo·</strong></span> 
     </span>
     <span class='ocr_line' id='line_1_39' title="bbox 128 4164 1303 4260; baseline 0.011 -30"><span class='ocrx_word' id='word_1_323' title='bbox 128 4187 196 4231; x_wconf 92' lang='lat' dir='ltr'><strong>rum</strong></span> <span class='ocrx_word' id='word_1_324' title='bbox 219 4172 275 4233; x_wconf 94' lang='lat' dir='ltr'><strong>sub</strong></span> <span class='ocrx_word' id='word_1_325' title='bbox 290 4170 527 4238; x_wconf 87' lang='lat' dir='ltr'><strong>deambulatorio</strong></span> <span class='ocrx_word' id='word_1_326' title='bbox 538 4176 644 4256; x_wconf 90' lang='lat' dir='ltr'><strong>palatii</strong></span> <span class='ocrx_word' id='word_1_327' title='bbox 660 4183 732 4240; x_wconf 88' lang='lat' dir='ltr'><strong>sunt</strong></span> <span class='ocrx_word' id='word_1_328' title='bbox 751 4184 853 4240; x_wconf 89' lang='lat' dir='ltr'><strong>eontra</strong></span> <span class='ocrx_word' id='word_1_329' title='bbox 869 4164 1019 4259; x_wconf 83' lang='lat' dir='ltr'><strong>publicam</strong></span> <span class='ocrx_word' id='word_1_330' title='bbox 1034 4182 1165 4260; x_wconf 89' lang='lat' dir='ltr'><strong>plateam</strong></span> <span class='ocrx_word' id='word_1_331' title='bbox 1180 4198 1303 4260; x_wconf 84' lang='lat' dir='ltr'><strong>respec-</strong></span> 
     </span>
    </p>
   </div>
   <div class='ocr_carea' id='block_1_5' title="bbox 0 0 1456 4710">
    <p class='ocr_par' dir='ltr' id='par_1_7' title="bbox 0 0 1456 4710">
     <span class='ocr_line' id='line_1_40' title="bbox 0 0 1456 4710; baseline 0 1"><span class='ocrx_word' id='word_1_332' title='bbox 0 0 1456 4710; x_wconf 95' lang='lat' dir='ltr'><strong> </strong></span> 
     </span>
    </p>
   </div>
  </div>
 </body>
</html>
