2874 4770
789 146 855 215 322

231 332 390 394 Valseim
411 325 503 387 terrei
523 322 631 384 cuculi
659 330 692 384 et
709 338 822 383 nomeu
849 327 1018 383 monstrant
1046 338 1133 382 mare
1162 322 1208 382 ibi
1240 321 1353 393 luisse,
1380 328 1406 382 ut

231 438 293 501 dini
313 433 347 496 P.
367 431 404 493 ll.
427 429 484 490 sub
506 427 556 488 die
579 424 632 488 22.
655 427 750 506 April.
795 425 907 487 [lieunt
928 427 1037 494 etiam,
1060 425 1146 504 quod
1168 427 1251 488 olim
1265 428 1406 506 Aegyptus

230 541 356 603 interior
376 536 468 597 luerit
490 550 591 602 mare,
613 538 683 611 post
706 529 794 607 eujus
817 547 973 590 recessum
996 532 1036 590 sit
1057 529 1141 590 iacta
1163 536 1252 590 terra
1267 529 1327 590 illa.
1354 528 1407 590 lino

230 643 403 707 llerodotus
426 640 514 710 dicit,
536 634 618 716 quod
642 653 725 696 mare
747 635 804 695 tuit
827 653 925 713 usque
948 633 986 694 ad
1002 641 1124 695 montes
1138 633 1338 714 Aethiopiae,
1359 636 1406 694 sic·

230 764 291 828 que
312 765 371 808 nec
392 744 516 805 inferior
537 758 596 802 nee
618 741 757 819 superior
777 738 933 818 aegiptus
955 738 1021 801 luit.
1067 737 1156 800 Unde
1177 739 1365 801 Aristoteles
1377 737 1405 799 ll.

228 850 401 932 bletapbys.
424 847 512 908 dicit:
535 846 586 907 ubi
607 863 690 906 nune
711 849 760 904 est
781 861 880 914 marc,
903 841 976 903 olim
998 843 1056 904 luit
1078 843 1178 914 arida,
1205 850 1241 905 et
1266 851 1406 914 econtra,

227 965 261 1021 et
280 956 321 1018 de
344 954 404 1015 boe
425 953 558 1031 loquitur
579 949 776 1021 Consiliator,
798 947 934 1009 doctrim
956 944 1009 1011 67.

315 1109 489 1172 Secundum
511 1107 587 1168 haee
610 1126 697 1187 ergo,
729 1108 756 1166 si
778 1123 861 1167 mare
891 1107 932 1165 ita
962 1104 1057 1165 altum
1087 1104 1160 1165 olim
1190 1105 1268 1177 fuit,
1301 1122 1404 1186 paucae

228 1235 299 1279 esse
321 1220 462 1296 poterant
483 1211 564 1272 orbis
586 1210 804 1282 habitationes;
827 1208 897 1270 ideo
911 1208 1030 1279 dicunt,
1054 1209 1135 1287 quod
1150 1211 1241 1289 signa
1256 1209 1308 1271 illa
1325 1226 1404 1289 aqua·

228 1341 296 1383 rum
318 1322 350 1380 in
372 1317 524 1378 montibus
547 1323 757 1376 remanserunt
786 1333 823 1375 er
847 1313 965 1374 diluviis
996 1313 1187 1391 usquehuc.
1238 1312 1310 1374 Tria
1334 1315 1405 1374 eninr

226 1426 349 1487 fuerunt
371 1421 499 1482 diluvia:
534 1417 664 1498 primum
688 1419 744 1479 sub
767 1418 846 1490 b'oa,
870 1419 979 1480 Genus.
1004 1416 1089 1488 vii,
1120 1424 1153 1477 ct
1180 1417 1244 1477 hoc
1276 1419 1333 1480 tuit
1359 1436 1406 1498 per

227 1530 400 1590 universam
421 1530 544 1584 terram.
590 1520 765 1582 Secundum
786 1520 842 1582 luit
866 1523 921 1583 sub
944 1521 1032 1583 laoob
1048 1521 1219 1600 patriarcba
1244 1530 1359 1584 tantum
1379 1523 1405 1581 iu

226 1629 360 1708 Achaia,
383 1627 498 1708 Ogygis
514 1628 596 1705 regis
611 1627 809 1704 temporibus.
842 1624 978 1686 Tertium
993 1625 1051 1686 tuit
1072 1626 1127 1685 sub
1150 1624 1274 1704 Moyse,
1297 1633 1404 1688 tantum

225 1736 258 1794 in
280 1732 453 1804 Thessalia,
475 1739 614 1810 tempore
637 1729 843 1790 Deucalionis.
888 1729 935 1790 De
957 1729 1066 1807 quibus
1089 1731 1234 1791 omnibus
1259 1732 1346 1810 plura
1367 1731 1404 1790 lo

225 1843 360 1917 qountur
382 1841 501 1914 poetae.
530 1832 593 1894 Sed
615 1841 688 1893 tuno
711 1841 758 1893 est
781 1832 913 1904 dubium,
937 1832 1009 1892 dum
1032 1831 1083 1893 illa
1105 1832 1217 1895 diluvia
1242 1855 1304 1895 non
1327 1853 1402 1895 man·

226 1943 337 2010 serint,
368 1941 428 1999 nisi
449 1940 555 2017 paneis
578 1937 702 2008 diebus,
734 1936 885 2017 quomodo
915 1945 1076 2016 potuerant
1097 1944 1158 1999 tam
1181 1940 1246 1998 cito
1270 1955 1402 2000 crescere

228 2041 363 2104 eonebae
388 2047 419 2102 et
434 2048 555 2101 ostreae
571 2041 608 2102 ad
624 2041 743 2120 rupes?
765 2041 925 2114 Quomodo
948 2041 1087 2102 homiues
1103 2049 1166 2104 tam
1183 2048 1247 2107 cito
1263 2046 1402 2108 fabricare

225 2150 367 2229 poterant
399 2143 529 2206 circulos
564 2162 619 2224 pro
650 2146 775 2206 naribus
808 2148 840 2206 iu
863 2146 930 2206 altis
953 2146 1102 2226 rupibus?
1140 2148 1172 2209 Si
1197 2156 1304 2210 autem
1328 2167 1402 2210 mare

225 2253 314 2313 altius
336 2249 394 2313 fuit
416 2268 506 2330 quam
528 2269 628 2321 nuno,
652 2247 815 2328 quomodo'
827 2249 1007 2312 Aristoteles
1031 2253 1061 2310 in
1083 2249 1105 2309 l.
1122 2249 1299 2333 Metaphys.
1327 2253 1401 2324 dicit,

224 2364 256 2418 et
277 2354 385 2428 lsidis,
408 2354 490 2435 quud
513 2372 595 2417 mare
619 2361 743 2433 propter
765 2353 912 2415 influxum
935 2372 1080 2433 aquarum
1096 2374 1157 2415 nou
1173 2358 1286 2437 accipit
1311 2360 1402 2418 inore·

223 2459 383 2522 mentum?
420 2460 523 2522 Solvat
545 2458 611 2519 illas
635 2457 855 2529 dubitationes,
881 2460 1036 2536 quivult,
1060 2465 1091 2518 et
1114 2458 1249 2537 legatio
1274 2461 1402 2541 Speculo

223 2565 326 2626 Natur.
351 2562 384 2624 L.
401 2563 463 2624 vlt.
489 2564 560 2643 Cap.
578 2560 645 2633 32„
669 2570 699 2623 et
715 2571 939 2640 cousequenter
962 2562 998 2624 de
1022 2562 1068 2622 his
1092 2569 1122 2622 et
1146 2563 1184 2624 de
1207 2569 1402 2642 generatione

222 2669 389 2729 insularum
424 2676 455 2729 et
488 2667 526 2729 de
560 2667 696 2729 diluviis:
727 2686 784 2748 ego
818 2668 856 2729 ad
888 2667 1075 2748 evagandum
1105 2667 1282 2746 procedam.
1331 2671 1401 2732 Cum

222 2773 302 2831 enim
325 2775 355 2833 in
372 2772 528 2833 altitudine
552 2789 696 2850 aquarum
720 2782 751 2833 et
773 2774 863 2832 maris
887 2776 972 2851 signa
995 2775 1093 2833 mirati
1116 2774 1310 2849 vidissemus,
1336 2777 1400 2838 des-

222 2873 378 2935 cendimus
401 2878 431 2935 iu
456 2878 578 2955 planum
602 2877 638 2937 ad
665 2876 820 2938 ludentem
843 2879 989 2958 populum
1012 2884 1040 2938 et
1069 2879 1124 2938 sub
1149 2880 1301 2958 virgultis,
1327 2900 1400 2960 quae

221 2995 277 3055 per
299 2980 456 3040 circuitum
477 2980 621 3058 paludum
644 2982 776 3053 stabant,
811 2980 1019 3052 consedimus,
1052 2988 1116 3040 erat
1149 2986 1228 3042 enim
1254 2984 1293 3044 ibi
1318 2985 1400 3063 palus

222 3097 319 3159 aquae
349 3081 464 3151 dulcis,
495 3084 531 3144 ad
561 3102 653 3162 quam
686 3086 804 3147 stabant
836 3086 913 3147 ultra
942 3083 995 3146 Lx
1029 3085 1165 3162 galeotae
1199 3094 1230 3147 et
1266 3088 1400 3149 lavabant

219 3187 358 3247 camisias
383 3187 492 3248 etalio
517 3187 690 3268 (lsta),
723 3191 789 3268 ipsa
820 3208 892 3250 vero
924 3191 1051 3268 virgulta
1085 3196 1115 3249 et
1139 3199 1248 3251 cuncta
1281 3193 1399 3251 arbusta

220 3297 251 3351 et
284 3293 417 3371 gramina
448 3293 654 3365 virescebant‚
689 3301 719 3353 et
743 3295 858 3364 omnia,
894 3309 971 3371 quae
1005 3294 1111 3354 aestivi
1139 3296 1212 3354 solis
1245 3294 1398 3355 ardoribus

219 3394 337 3457 fuerant
361 3395 506 3468 arelacta,
535 3395 599 3474 jain
629 3397 812 3476 incipiebant
844 3398 1029 3456 revirescere
1065 3404 1094 3455 et
1119 3397 1264 3459 flosculos
1287 3398 1397 3478 produ·

219 3517 305 3572 uere,
329 3501 460 3561 hiemem
484 3508 584 3561 tamen
608 3501 705 3562 adbuc
728 3519 855 3580 passura
880 3507 973 3560 erant.
1015 3500 1067 3560 llis
1099 3519 1172 3578 ergo
1204 3505 1292 3575 visis,
1330 3521 1398 3564 eum

218 3602 316 3662 solio
340 3604 529 3666 occidentem
561 3614 719 3684 pergeret,
750 3603 942 3665 ascendimus
976 3606 1082 3666 barcas
1114 3608 1196 3666 etin
1222 3607 1322 3686 galeas
1347 3625 1398 3668 na·

217 3705 383 3782 rigavimus
406 3706 444 3767 ad
467 3725 602 3768 coenam.

304 3859 445 3921 Secunda
468 3862 517 3923 die
540 3863 621 3923 nulla
644 3862 802 3942 dispositio
833 3863 891 3926 fuit
920 3865 956 3926 ad
987 3865 1200 3942 navigandum,
1235 3885 1292 3927 neo
1323 3868 1398 3928 moti

217 3977 322 4021 sumus
344 3979 361 4022 a
383 3962 451 4024 loco
474 3964 535 4025 illo.
575 3966 703 4029 Prandio
727 3979 850 4048 peracto
874 3973 1004 4035 conduxi
1027 3976 1148 4034 barcam
1178 3980 1209 4034 et
1233 3973 1270 4034 ad
1295 3976 1397 4036 socios

217 4079 302 4125 meos
332 4067 467 4144 navigavi
507 4072 537 4130 in
569 4069 657 4130 aliam
688 4074 805 4151 galeam
839 4082 869 4136 et
900 4095 955 4156 per
985 4078 1099 4157 aliquas
1129 4079 1217 4139 horas
1248 4096 1319 4139 oum
1353 4081 1397 4139 eis

216 4168 322 4231 mansi.
367 4168 440 4233 Post
460 4170 536 4234 baec
559 4172 598 4235 ad
620 4174 702 4239 littus
725 4177 856 4243 eductus
880 4181 919 4244 ad
939 4184 1006 4247 loca
1026 4201 1118 4264 supra
1141 4182 1222 4247 dieta
1236 4200 1398 4262 regressus
