2874 4770
685 142 748 211 ddi

125 317 217 380 ditur.
250 317 305 380 Via
327 319 450 379 sinistra
473 322 521 380 est
543 320 573 379 in
595 325 740 380 montana
756 323 859 379 contra
875 317 1040 381 Pontinam.
1072 318 1198 382 Peracto
1214 320 1306 400 igitur

127 420 258 501 prandio
285 438 382 499 equos
414 419 635 483 adscendimns.
659 428 690 482 et
723 428 826 483 contra
853 422 1003 484 Fericium
1040 431 1176 485 montem
1213 425 1306 487 altum

128 522 231 605 (229
248 520 292 601 a)
321 525 381 584 iter
403 527 539 603 aggressi
572 543 676 587 sumus
708 527 908 605 venimusque
932 527 970 588 ad
993 529 1103 589 montis
1127 526 1305 599 custodiam,

117 627 376 707 ‚Sigmuudsburg
399 628 450 688 ubi
464 628 549 689 lacus
571 645 690 707 parans,
713 630 744 688 io
758 646 849 708 quem
865 629 1028 692 decurrunt
1051 649 1145 710 aquae
1169 629 1305 692 detinen-

128 737 193 802 tes,
215 732 245 791 iu
268 729 369 791 medio
391 731 476 793 lacus
493 732 645 792 extollitur
658 733 855 805 monticulus,
878 734 910 794 in
926 751 987 812 quo
1002 734 1178 795 fortalitium
1201 733 1306 813 pulch·

130 852 199 896 rum
215 841 272 907 est,
296 837 392 914 magis
409 834 447 897 ad
463 833 698 896 delectationem
714 853 806 914 quam
821 836 857 898 ad
873 839 1072 899 munitionem
1090 843 1307 908 constructum,

131 937 282 1017 siquidem
305 937 363 1001 dux
386 939 599 1019 sigismundus
621 940 833 1019 voluptuosam
855 943 948 1005 vitam
982 941 1065 1004 duxit
1099 949 1129 1003 et
1150 944 1181 1003 in
1200 941 1307 1002 'multis

128 1041 206 1104 locis
228 1049 326 1105 mirae
341 1061 415 1104 suae
431 1043 554 1116 domus,
576 1043 738 1124 voluptatis
753 1063 826 1107 suae
842 1045 993 1119 cilicinas,
1016 1048 1192 1108 construxit.
1221 1045 1309 1107 Juxta

131 1144 233 1208 locum
254 1146 340 1213 illum
361 1148 472 1227 montis
495 1165 642 1209 ascensus
664 1149 786 1227 incipit,
810 1166 865 1229 per
888 1166 979 1229 quem
1002 1152 1102 1211 omnia
1125 1166 1217 1211 onera
1241 1167 1308 1210 cur·

131 1268 220 1312 rnnm
252 1258 285 1312 ct
306 1255 513 1314 onernriorum
539 1269 687 1330 equorum
719 1251 758 1314 de
781 1251 864 1313 ltalia
897 1251 1047 1315 ducuntur
1075 1254 1106 1314 in
1129 1251 1310 1314 Teutoniam

131 1360 163 1416 et
186 1353 225 1416 de
247 1354 397 1418 Teutonis
419 1359 449 1418 in
471 1355 598 1417 ltaliam.
627 1354 829 1418 Ascendimus
853 1375 926 1437 ergo
941 1358 1092 1420 Fericium
1115 1376 1183 1421 cum
1199 1358 1309 1430 labore,

133 1467 166 1521 et
189 1461 225 1520 ab
248 1459 306 1521 alia
329 1459 396 1537 ejus
418 1469 503 1541 parte
528 1478 544 1522 a
567 1478 686 1522 summo
710 1459 923 1522 descendimus
946 1463 1100 1541 longerie
1122 1463 1202 1523 inter
1224 1479 1309 1522 mon·

134 1569 222 1633 tana,
252 1569 283 1625 et
304 1581 360 1643 per
380 1563 524 1626 Lermoss
547 1571 579 1626 et
601 1564 673 1625 alias
696 1564 781 1627 uillas
804 1583 901 1642 usque
924 1568 955 1626 in
977 1561 1047 1628 ltdti
1071 1565 1170 1628 villam
1193 1568 1309 1645 equita·

135 1668 251 1739 vimus,
284 1674 316 1728 et
336 1668 378 1728 ibi
399 1674 520 1730 noctem
544 1670 670 1748 egimus.
716 1667 803 1729 Juxta
826 1664 895 1728 Ruti
923 1669 1025 1732 uillam
1047 1668 1180 1731 decurrit
1202 1669 1311 1731 Suevis

135 1767 319 1849 Bnrarisque
341 1777 429 1833 notus
452 1770 578 1845 ilarius,
601 1770 692 1833 Licus
715 1771 813 1832 dictus
836 1771 885 1842 rel
907 1771 1004 1845 Leca,
1034 1772 1197 1851 vulgariter
1219 1769 1311 1843 Lech,

137 1875 189 1954 qui
208 1873 291 1951 juxta
306 1873 472 1954 Augustam
486 1874 689 1947 vindelicam,
713 1876 864 1952 insignem
880 1873 1009 1936 Sueviae
1035 1876 1155 1947 urbem,
1179 1873 1313 1936 decurrit

136 1984 167 2038 et
189 1985 293 2039 contra
307 1978 474 2041 Danubium
503 1976 631 2039 tendens
660 1977 745 2056 juxta
767 1977 913 2058 oppidum
935 1979 1013 2040 licio
1036 1979 1152 2042 dictum
1174 1978 1312 2040 Danubio

131 2081 276 2162 juugitur.
320 2081 376 2143 llic
398 2079 507 2143 fluvius
523 2081 709 2144 discriminat
723 2083 839 2145 Suevos
855 2101 871 2144 a
885 2080 1025 2156 bavaris,
1049 2090 1080 2145 et
1103 2101 1193 2163 aegro
1212 2086 1312 2145 auimo

132 2186 235 2249 ierunt
249 2188 387 2266 utrique,
410 2188 436 2247 si
460 2187 531 2265 quid
554 2204 731 2265 possessum
747 2187 838 2248 fuerit
860 2189 892 2247 in
914 2189 971 2248 alis
986 2195 1072 2265 parte
1095 2186 1131 2248 ab
1154 2187 1230 2257 aliis,
1249 2185 1314 2264 iarn

134 2298 236 2354 tamen
259 2288 366 2352 Bavari
388 2290 479 2369 louge
501 2290 578 2351 ultra
593 2288 709 2351 Lecum
724 2291 842 2369 palmas
865 2308 937 2352 suas
960 2289 1141 2362 extendunt,
1165 2308 1226 2350 non
1248 2291 1314 2350 sine

132 2402 232 2458 terrae
256 2398 460 2457 commotione
484 2401 515 2456 et
536 2395 772 2474 perturbatione.
805 2394 903 2474 Supra
925 2393 1027 2455 villaro
1043 2387 1115 2453 lldti
1138 2398 1185 2453 est
1208 2409 1314 2453 ascen·

134 2517 187 2560 sns
221 2500 298 2561 altus
328 2502 359 2560 in
389 2505 548 2568 montana,
583 2516 638 2578 per
668 2515 759 2576 quem
789 2496 1004 2558 descendimus
1026 2497 1057 2556 iu
1079 2494 1195 2567 sillam,
1231 2503 1261 2556 et
1283 2493 1315 2556 in

136 2607 242 2666 stricto
265 2603 432 2666 descensus
462 2610 532 2673 ante
558 2600 736 2667 fortalitium
764 2606 812 2677 est
842 2599 977 2662 custodia
1009 2600 1157 2659 montium
1185 2614 1263 2660 noun
1284 2603 1316 2660 et

136 2709 306 2772 firmissima
328 2710 440 2780 muris,
465 2707 602 2771 vectibus
627 2714 658 2769 et
684 2709 778 2780 seris,
794 2713 834 2772 ,et
848 2708 879 2767 in
895 2722 1038 2784 supremo
1054 2710 1187 2766 castrum
1200 2702 1315 2764 Ebren·

136 2813 215 2874 stein
238 2818 286 2874 est
307 2804 546 2892 inexpugnabile.

223 2913 374 2978 Vicesima
406 2923 491 2978 senta
520 2914 584 2988 die,
617 2920 717 2977 sumto
737 2913 892 2994 jentaculo
921 2916 951 2975 in
974 2909 1046 2975 ltdti
1078 2917 1110 2973 et
1137 2912 1316 2974 transmisso

138 3029 231 3103 ponte
261 3020 474 3083 descendimus
505 3037 560 3100 per
591 3020 732 3082 aulonem
760 3037 957 3082 nemorosum
991 3024 1022 3080 et
1044 3017 1075 3077 iu
1106 3022 1220 3078 aestate
1243 3017 1317 3077 satis

139 3141 299 3186 amoenum
322 3131 447 3205 propter
469 3125 527 3186 alta
550 3130 693 3187 montana
716 3124 752 3186 ab
776 3132 903 3204 utraque
926 3122 1027 3204 parte,
1062 3127 1093 3182 et
1116 3127 1241 3200 propter
1263 3138 1316 3182 no-

138 3247 220 3290 mora
243 3236 274 3290 et
295 3235 380 3308 prata
403 3236 435 3290 et
457 3229 670 3290 decurrentem
695 3225 848 3300 Lechum,
873 3235 904 3288 et
926 3232 1102 3288 transcurso
1125 3222 1237 3303 oppido
1253 3223 1318 3286 Vils

139 3339 171 3394 et
191 3332 260 3395 ailla
274 3330 472 3408 Nesselwaag
486 3334 517 3391 iu
533 3333 640 3393 silvam
656 3330 930 3409 campidonensem
945 3331 1104 3400 venimus,
1127 3342 1205 3406 quae
1226 3325 1319 3387 tinem

137 3435 209 3498 lacit
223 3435 385 3495 montibus.
417 3433 498 3496 Silva
511 3433 568 3494 hac
590 3439 749 3512 penetrata
771 3435 802 3493 in
823 3425 922 3510 ipsam
938 3432 1091 3492 civitatem
1105 3425 1321 3506 Compidonam

138 3536 353 3603 descendimus
389 3541 421 3595 et
451 3543 572 3596 noctem
604 3536 646 3596 ibi
679 3534 807 3613 egimus.
860 3531 945 3593 llunc
975 3531 1129 3593 civitatem
1168 3525 1320 3588 transiluit

139 3645 248 3715 llarus,
273 3637 381 3702 fluvius
405 3637 605 3700 deRhaeticis
619 3636 746 3716 Alpibus
770 3633 971 3707 descendeus,
994 3634 1046 3713 qni
1064 3631 1149 3710 juxta
1164 3629 1283 3694 Ulmum
1302 3648 1320 3697 a

138 3747 277 3810 Danubio
301 3744 482 3822 suscipitur,
505 3748 538 3805 ut
560 3742 686 3822 patebit.

227 3849 411 3929 campidona
441 3844 586 3925 oppidum
617 3860 745 3914 norum,
776 3842 961 3925 populosum
983 3848 1014 3905 et
1036 3858 1179 3920 magnum
1204 3847 1266 3913 est,
1288 3841 1320 3905 in

141 3955 207 4035 ejus
231 3956 351 4016 celsiori
373 3954 442 4014 loco
466 3956 525 4012 stat
547 3945 659 4027 grande
682 3949 899 4011 monasterium
928 3945 1044 4009 ordinis
1067 3943 1128 4007 divi
1153 3942 1320 4016 Benedicti,

142 4058 223 4135 quod
237 4060 270 4121 S.
279 4056 469 4137 llildegardis
486 4053 586 4116 Caroli
600 4049 703 4131 Magni
718 4050 871 4127 fundavit,
887 4070 965 4116 anno
979 4051 1101 4115 Domini
1109 4046 1321 4121 bcctxxtll,

143 4162 268 4241 etipse
296 4161 421 4225 carolus
454 4158 498 4224 bl.
530 4175 608 4222 anno
641 4159 782 4236 sequenti
817 4156 975 4222 mttbcarit
1005 4163 1038 4221 et
1067 4151 1205 4234 pluribus
1233 4151 1322 4221 bonis
