2902 4710
687 144 753 216 332

132 327 237 409 sapide
261 325 299 388 de
320 323 513 404 theologicis,
547 322 763 403 philosophicis
787 329 818 384 et
839 323 991 386 historicis
1014 323 1118 386 multa.
1163 320 1222 385 llio
1238 321 1315 387 dixit

132 432 207 494 milri
229 430 368 492 mirabile
397 428 435 489 de
465 427 595 506 quodam
626 426 717 488 fluvio
744 427 824 489 illius
855 428 1002 506 regionis,
1037 445 1127 506 quem
1154 429 1315 490 nominant

132 532 298 615 Alpheum,
322 534 553 596 celeberrimum
576 533 757 593 carminibus
773 538 939 611 poetarum,
964 548 1018 603 eo,
1042 532 1123 612 quod
1141 533 1314 594 mirandum

134 659 255 703 cursum
278 641 393 702 hebeat.
440 638 566 698 Emanat
588 639 669 697 enirn
693 636 731 697 de
753 635 884 714 Achajae
915 640 1018 697 monte
1046 642 1079 697 et
1100 643 1204 698 contre
1227 655 1313 700 mare

133 745 312 816 decurrens,
346 750 507 820 antequem
529 743 604 802 meri
626 744 806 812 misceatur,
838 741 983 802 subintrat
1013 748 1139 813 terram,
1170 748 1201 803 et
1230 740 1314 822 apud

132 849 299 929 Syracusas
323 845 442 907 Siciliae
472 846 562 908 hebet
592 848 717 917 exitum,
751 842 783 906 e't
812 842 1107 921 dieiturdrethusa.
1153 844 1205 906 Sic
1237 861 1312 924 ergo

133 953 187 1013 sub
211 953 285 1012 meri
307 950 398 1012 habet
420 969 543 1011 cursum
566 968 653 1011 suum
669 950 705 1010 ab
720 946 835 1025 AchaJ'a
856 949 887 1008 in
904 948 1035 1010 Siciliam
1059 967 1114 1029 per
1136 947 1313 1028 profundis·

132 1057 208 1116 sima
228 1063 327 1116 terrae
350 1055 438 1134 longa
461 1053 635 1133 penetralia.
662 1052 727 1113 ue
750 1052 809 1113 hoc
832 1052 977 1114 miraculo
999 1052 1080 1114 illius
1099 1050 1233 1113 fluminis
1250 1050 1311 1135 (b)

132 1163 265 1240 loquitur
287 1161 419 1231 Seneca,-
453 1159 577 1221 Ovidius
602 1165 633 1220 et
655 1160 779 1219 caeteri.
825 1156 1108 1236 Adresperaseente
1133 1163 1235 1218 autern
1258 1156 1321 1219 die.

133 1267 170 1329 ad
192 1258 291 1327 socios
315 1265 395 1327 redii
413 1266 590 1344 peregrinos
615 1270 645 1325 et
668 1281 737 1324 cum
766 1263 810 1322 eis
828 1261 970 1334 dormiri3
995 1281 1055 1323 non
1072 1262 1153 1323 enim
1168 1261 1313 1324 noctibus

132 1373 190 1434 nisi
222 1387 291 1431 cum
321 1371 366 1430 eis
397 1387 532 1430 manere
552 1369 647 1439 volui,
681 1385 720 1429 ne
744 1367 842 1428 subito
872 1368 904 1426 in
935 1383 1028 1455 naves
1064 1371 1246 1428 vocarentur
1276 1374 1313 1429 et

132 1479 196 1536 sine
220 1492 269 1534 me
293 1473 479 1535 recederent.
512 1473 625 1533 Diebus
648 1489 719 1534 vero
744 1469 975 1532 cumfratribus
998 1470 1030 1530 in
1054 1476 1204 1532 conventu
1221 1488 1312 1551 prae·

135 1579 303 1640 dicatorum
326 1595 419 1639 erem.
446 1590 449 1597 '
784 1656 786 1658 v

218 1680 403 1743 Duodecima
427 1681 476 1743 die
499 1698 554 1761 per
577 1687 671 1742 totam
695 1678 930 1760 praecedentem
951 1684 1073 1741 noctem
1088 1677 1144 1740 luit
1159 1678 1314 1741 horribilis

131 1790 255 1857 ventus,
290 1803 358 1845 cum
391 1803 451 1864 quo
483 1803 574 1846 nemo
604 1785 726 1866 aggredi
754 1802 845 1846 ausus
877 1782 933 1845 iuit
955 1785 1187 1863 navigationem.
1235 1782 1315 1846 curu

132 1908 203 1969 ergo
226 1892 324 1950 noctis
347 1889 488 1950 medium¹
504 1897 603 1961 esset,
633 1907 718 1950 more
743 1889 832 1950 solito
855 1891 971 1950 surrexi
1000 1886 1221 1950 addicendum
1245 1887 1313 1950 oid·

133 1997 213 2056 oium
236 1993 426 2064 matutinale,
460 1993 541 2055 dicto
572 2000 674 2055 eutem
704 1995 735 2053 iu
764 1994 913 2054 tenebris.
929 2010 1020 2054 cursu
1047 1970 1154 2053 beatae
1178 1991 1313 2071 Virginis

133 2100 292 2177 coquinam
315 2078 422 2161 intrari
457 2098 495 2160 ad
524 2080 756 2160 accendendum
774 2097 877 2179 lumen
909 2103 939 2158 et
962 2095 1023 2158 ridi
1051 2095 1158 2157 ardere
1187 2097 1313 2176 titiones

132 2204 188 2264 sub
212 2202 379 2272 cineribus,
404 2209 491 2264 erant
513 2204 594 2263 enirn
617 2202 764 2262 carbones
787 2207 819 2261 et
840 2203 963 2262 titiones
981 2199 1131 2260 cineribus
1146 2194 1269 2280 operti,¹
1283 2207 1315 2262 et

130 2313 231 2370 tamen
256 2307 311 2367 sub
334 2306 512 2385 tegumento
528 2309 629 2368 omnia
645 2309 710 2367 rive
734 2312 838 2377 erent;
863 2307 990 2385 ascripsi
1005 2305 1223 2391 importunitati
1236 2322 1313 2367 ven·

131 2419 241 2482 torum,
266 2411 296 2473 id
319 2412 383 2473 lieri
398 2430 499 2492 posse,
525 2418 555 2473 et
579 2417 774 2491 erumpentes
797 2410 934 2475 llammas
958 2409 995 2470 de
1020 2410 1171 2476 cineribus
1190 2406 1313 2486 subjee-

130 2518 171 2577 tis
193 2517 258 2577 aliis
283 2518 434 2578 cineribus
457 2518 553 2595 sopiri
577 2524 605 2577 et
630 2520 732 2577 tamen
760 2514 951 2595 exstinguere
977 2533 1038 2575 non
1054 2515 1141 2576 valui.
1170 2511 1315 2576 Accensa

132 2637 204 2700 ergo
228 2620 355 2691 lumine,
380 2639 450 2681 cum
471 2622 651 2682 matutinam
676 2621 836 2700 legissem,
869 2620 1014 2698 compulit
1036 2637 1086 2679 me
1109 2627 1313 2682 naturae-ne·

132 2725 258 2785 cessitas
282 2723 321 2785 ad
343 2724 485 2785 inferiora
508 2722 617 2785 domus
641 2724 848 2785 descendere*
884 2724 963 2786 Cum
995 2725 1109 2785 lumine
1133 2727 1315 2805 pertransiri

132 2826 255 2889 domum
286 2834 317 2888 et
339 2829 371 2888 in
393 2821 525 2899 curiam,
556 2827 606 2888 ubi
640 2828 725 2890 locus
749 2834 828 2899 erat,
857 2830 927 2889 veni
951 2836 983 2890 et
1004 2827 1086 2900 sedi3
1120 2831 1238 2890 mesic
1263 2845 1313 2891 se·

132 2929 223 2991 dente
245 2928 307 2991 vidi
330 2947 385 3008 per
408 2933 535 3004 ostium,
570 2949 625 3010 per
649 2932 729 3010 quod
753 2933 919 3005 exiveram,
949 2936 980 2994 in
1003 2933 1127 2995 domum
1155 2940 1186 2995 et
1208 2934 1313 3012 splen·

131 3032 238 3095 dorem
260 3034 290 3092 in
314 3051 366 3105 ee,
391 3041 421 3094 et
444 3034 517 3095 nihil
540 3035 620 3095 aliud
643 3036 827 3114 suspicabar,
850 3039 909 3097 nisi
930 3036 1011 3116 quo'd
1033 3036 1141 3116 aliquis
1163 3040 1313 3100 surrexis-

132 3146 179 3200 set
212 3145 335 3199 etcum
358 3138 473 3200 lumine
508 3145 697 3219 exspectaret
727 3140 952 3220 expeditionem
983 3158 1099 3213 meam,
1133 3147 1168 3202 ut
1191 3147 1223 3203 et
1243 3143 1314 3221 ipse

132 3241 168 3304 ad
191 3240 272 3302 idem
296 3241 494 3321 procederet;
527 3245 657 3305 celerius
689 3263 761 3323 ergo
797 3263 846 3306 me
870 3245 1033 3323 expediens
1064 3244 1191 3306 domurn
1210 3246 1314 3325 ingre·

131 3347 218 3408 diens
241 3365 303 3408 uon
325 3346 388 3408 ridi·
409 3348 549 3427 aliquem,
575 3354 606 3408 et
622 3349 879 3427 circumspiciens,
903 3349 983 3410 unde
998 3349 1142 3428 splendor
1157 3338 1314 3422 emicaret,

130 3470 219 3524 ecoe,
243 3452 342 3513 trebes
365 3452 421 3512 sub
444 3449 523 3525 ioco¹
537 3451 642 3514 ardere
664 3453 853 3531 inceperant,
867 3438 871 3450 ’
885 3452 966 3532 quod
989 3458 1023 3512 ut
1043 3451 1116 3524 vidi,
1152 3453 1257 3531 expavi
1282 3459 1315 3514 et

132 3557 251 3618 cucurri
274 3555 311 3616 ad
334 3572 487 3616 cameram
511 3556 625 3618 domini
648 3557 776 3635 hospitis
798 3558 912 3628 nostri,
934 3558 966 3617 in
989 3573 1048 3635 qua
1071 3574 1140 3617 eum
1161 3555 1314 3634 aliquibus

131 3658 273 3720 militibus
290 3661 400 3720 nostris
416 3661 601 3732 dormiebat,
626 3678 757 3740 eumque
782 3663 916 3722 excitans
939 3643 1052 3739 rogavi,
1076 3666 1110 3721 ut
1132 3661 1221 3721 citius
1245 3678 1313 3723 sur·

131 3779 206 3841 gens
235 3761 273 3822 ad
295 3778 344 3820 me
368 3754 478 3834 exiret,
504 3750 608 3824 ‘etiarn
631 3766 697 3824 sine
727 3766 929 3836 vestimento,
954 3766 1049 3843 ‚quasi
1080 3765 1137 3825 sibi
1166 3764 1314 3829 haberem

131 3867 255 3927 verbum
278 3869 485 3929 necessarium
508 3868 606 3947 loqui;
630 3868 713 3930 nolui
737 3871 817 3929 enim
841 3871 1027 3930 mentionem
1043 3867 1145 3930 iecere
1168 3865 1207 3929 de
1231 3870 1314 3948 igne,

131 3986 169 4030 ne
192 3969 355 4030 tumultum
379 3973 576 4042 concitarem;
601 3970 757 4034 videbatur
781 3975 862 4034 enim
884 3972 972 4045 milri,
996 3958 1079 4052 quod
1101 3989 1172 4033 eum
1196 3973 1314 4053 absque

98 4068 101 4073 ’
130 4073 260 4134 tumultu
282 4076 443 4152 possemus
466 4075 669 4154 exstinguere.
716 4076 854 4156 Cumque
887 4076 923 4138 ad
957 4094 1007 4138 me
1032 4077 1193 4148 exivisset,
1224 4066 1313 4141 dixi:

131 4193 220 4250 ecee,
248 4175 386 4252 domine,
419 4177 529 4242 domus
558 4177 666 4242 ardere
695 4181 818 4262 incipit,
849 4181 901 4244 ubi
923 4179 1024 4261 aqua?
1061 4178 1099 4242 Et
1121 4178 1211 4244 allata
1234 4198 1314 4264 equa
