2874 4770
173 388 361 449 iterantem
385 388 537 450 Soldauus
560 390 591 448 in
615 388 854 450 Christianorum
883 389 1102 467 improperium
1132 386 1262 465 depingi
1286 387 1358 448 fecit

175 493 302 552 calicem
326 493 356 551 iu
379 492 510 570 clipeos,
533 492 642 569 quibus
665 509 837 572 expugnare
861 491 1025 551 conabatur
1039 489 1251 560 Christianos,
1276 499 1308 550 et
1323 492 1356 550 ab

176 596 229 656 illo
245 602 383 672 ternpore
399 610 496 672 usque
511 594 602 654 bodie
616 612 723 655 ornnes
738 594 862 655 Soldani
876 599 1001 654 utuntur
1013 592 1066 651 illo
1080 594 1187 669 signo,
1202 610 1262 651 nec
1279 591 1358 652 aliud

173 702 292 776 signum
315 704 441 775 apparet
463 699 493 757 in
515 714 709 775 quocumque
732 697 850 776 clipeo,
879 696 936 756 sed
964 714 1072 755 omnes
1102 694 1215 755 eadem
1239 699 1357 773 pictura

173 800 305 861 rutilant.
350 798 416 858 Nou
439 800 485 857 sic
506 800 586 877 apud
609 800 796 862 Christianos
818 806 966 870 armatos,
994 817 1126 877 quorum
1149 800 1244 877 clipei
1269 800 1355 859 muli-

173 920 259 964 erum
281 901 393 962 lormas
416 904 572 962 continent
593 905 783 975 ettennon,
805 919 963 973 ursorum,
992 919 1114 972 canum,
1144 904 1305 963 asinorum
1325 909 1355 962 et

173 1007 297 1067 aliarum
319 1006 484 1066 bestiarum
507 1011 539 1065 et
560 1006 634 1067 nibil
656 1005 790 1067 divinum
821 1023 879 1066 nec
908 1006 941 1066 in
970 1008 1096 1084 picturis
1119 1009 1235 1065 necin
1259 1009 1353 1085 scrip-

174 1115 250 1172 turis
274 1112 400 1172 relucet.

261 1212 353 1274 Porro
377 1231 436 1273 non
460 1230 566 1273 omnes
589 1209 753 1273 biautsluci
776 1212 865 1274 aulici
887 1211 978 1273 simul
1009 1213 1267 1290 congrediuntur,
1297 1212 1353 1273 sed

174 1327 244 1381 suut
266 1318 351 1379 dirisi
376 1320 405 1376 in
429 1323 491 1376 tres
515 1318 666 1376 exercitus
688 1314 858 1376 secundum
880 1323 943 1375 tres
965 1314 1120 1386 dominos,
1154 1315 1193 1375 ad
1224 1335 1352 1394 quorum

173 1432 279 1484 nutum
303 1419 456 1499 dependet
478 1425 540 1479 tota
563 1418 735 1496 respublica
763 1421 859 1496 regni,
888 1416 1007 1479 Primus
1030 1426 1062 1479 et
1083 1421 1262 1497 principalis
1284 1419 1351 1479 Sol-

174 1526 269 1586 danus
298 1531 359 1592 est,
388 1525 436 1582 cui
464 1538 587 1599 semper
617 1519 725 1581 adsunt
753 1529 785 1583 et
814 1523 948 1583 serviunt
969 1519 1039 1581 xvi
1061 1523 1155 1584 millia
1175 1521 1350 1583 Mamaluci

173 1624 213 1689 lli
235 1631 264 1687 in
288 1644 395 1704 eampo
418 1624 571 1704 praedicto
595 1624 742 1683 latissimo
765 1624 866 1686 locuni
888 1627 1043 1704 proprium
1066 1627 1178 1686 habent
1201 1629 1250 1688 sui
1266 1644 1350 1687 erer-

175 1734 246 1793 citii
293 1729 451 1792 Secundus
475 1734 523 1788 est
545 1727 685 1787 dominus
707 1725 837 1799 Diodar,
861 1731 913 1807 qui
934 1729 1025 1791 habet
1047 1732 1105 1791 tria
1127 1732 1222 1792 millia
1236 1730 1351 1793 Mama-

173 1836 311 1896 lucorum
335 1833 390 1893 sibi
415 1833 647 1911 obsequentium
670 1838 702 1891 et
724 1831 767 1891 illi
790 1835 881 1894 etiam
904 1833 1014 1893 habent
1037 1834 1161 1912 planum
1183 1839 1351 1914 proprium,

175 1937 211 1999 sd
240 1956 273 1998 se
305 1934 500 2016 probandum.
547 1933 668 1995 Tertius
703 1941 749 1994 est
782 1932 930 1997 bliraldus
964 1955 1035 1998 cum
1070 1937 1187 1999 duobus
1220 1939 1351 1999 millibus

172 2037 366 2110 Mamalucis‚
400 2041 450 2115 qui
482 2040 613 2116 plateam
642 2039 733 2097 ettam
757 2039 870 2100 habent
892 2041 1075 2118 singularem
1097 2058 1153 2118 pro
1176 2044 1242 2101 suis
1260 2041 1351 2118 jocis.

174 2142 318 2204 locantur
340 2148 442 2202 autern
466 2142 554 2202 simul
579 2157 649 2201 cum
672 2142 801 2201 maximo
823 2144 974 2220 periculo,
1004 2162 1062 2204 nec
1092 2150 1140 2204 est
1168 2143 1235 2204 dies
1267 2162 1351 2205 erer-

175 2249 331 2316 citiorum,
354 2247 384 2305 iu
409 2262 468 2322 quo
492 2263 551 2305 non
574 2246 677 2323 plures
700 2246 900 2308 succumbant
921 2250 953 2308 in
974 2248 1035 2307 illis
1048 2249 1193 2307 animosis
1208 2264 1351 2325 congres-

175 2350 274 2419 sibus;
303 2348 343 2408 ibi
367 2353 468 2407 autem
490 2349 589 2408 minor
611 2364 682 2408 cura
706 2354 754 2409 est
775 2348 814 2409 de
848 2349 978 2411 bominis
1011 2351 1231 2421 exstinctione,
1262 2366 1352 2427 quam

173 2455 201 2514 si
224 2451 323 2532 pullus
348 2449 511 2511 occidatur.
559 2452 666 2512 Statim
690 2460 791 2513 autem
815 2472 874 2514 uno
897 2451 1067 2527 Mamaluco
1098 2459 1249 2531 pereunte
1283 2453 1351 2514 sub·

173 2563 295 2636 rogatur
318 2554 394 2615 alius
417 2561 561 2633 apostata.
607 2555 726 2617 caeteri
749 2575 821 2618 vero
851 2557 1010 2618 interiores
1041 2555 1155 2617 domini
1186 2574 1259 2616 cunr
1289 2558 1352 2617 suis

172 2657 351 2721 Mamaluois
375 2658 522 2736 quottidie
546 2658 581 2720 ad
605 2661 779 2737 spectacula
801 2659 968 2739 procedunt
985 2660 1050 2737 J'aur
1073 2659 1226 2720 dictorum
1262 2662 1352 2720 trium

173 2762 381 2833 dominorum,
414 2763 581 2823 servientes
605 2761 752 2835 Soldauo,
784 2766 835 2841 qui
865 2764 1003 2824 omnibus
1033 2760 1178 2840 praelatis
1201 2761 1353 2840 stipendia

175 2862 335 2927 distribuit.
926 2884 929 2889 ·

620 3184 671 3258 De
698 3185 910 3260 sarracenis.

261 3374 350 3439 Dicto
382 3379 422 3439 de
454 3386 660 3447 sacerdotibus
684 3386 764 3448 Cairi
787 3395 817 3448 et
839 3386 1016 3448 Mamalucis
1045 3393 1076 3445 et
1106 3382 1238 3445 Soldano
1269 3401 1352 3455 nune

174 3475 213 3543 de
237 3481 514 3547 §suscensueris
539 3490 651 3551 civibus
682 3490 762 3551 urbis
793 3498 886 3553 restat
916 3489 1093 3560 dicendum,
1122 3491 1230 3568 quibus
1261 3505 1351 3566 prae-

175 3586 263 3663 cipue
286 3581 497 3649 Machometus
519 3589 618 3670 legem
642 3609 727 3652 suam
756 3592 847 3655 dedit.
895 3595 971 3655 Sunt
1004 3591 1249 3669 enimtriplioes
1280 3592 1350 3650 Sar-

174 3689 293 3759 aceni,
322 3687 400 3757 veri,
434 3695 599 3764 praesumti
621 3700 653 3754 et
676 3694 777 3757 additi.
824 3698 894 3757 Veri
925 3699 1083 3757 sarraceni
1111 3702 1182 3759 sunt
1210 3697 1269 3768 illi,
1301 3699 1353 3774 qui

174 3786 213 3849 dc
251 3790 324 3850 Sara
362 3804 453 3848 uxore
490 3787 648 3855 Abrahami
682 3804 752 3856 sunt
788 3799 899 3867 exorti,
937 3801 1016 3859 sicut
1046 3779 1145 3859 solum
1174 3799 1281 3861 iudaei
1312 3798 1351 3859 de

175 3895 293 3953 semiue
331 3889 414 3952 tsoac
452 3896 483 3952 et
517 3890 608 3956 Jacob
642 3901 674 3956 st
710 3895 764 3956 ΧΗ
800 3901 1045 3978 patriarcharum.
1092 3897 1148 3981 (lt)
1193 3904 1353 3964 Sarraceni

175 3990 316 4057 dicuntur
347 4000 499 4071 tanquan
529 3992 567 4054 de
596 3995 670 4058 Sars
698 3998 863 4077 procreati,
895 4005 945 4078 qui
973 4004 1162 4082 appellantur
1183 4007 1236 4067 lilii
1258 4007 1352 4067 lsrael

175 4104 208 4159 et
230 4116 289 4163 non
305 4094 479 4165 sanarent,
502 4092 574 4158 licet
596 4098 666 4159 siut.
711 4099 757 4164 De
779 4106 887 4184 quibus
906 4102 970 4181 jam
993 4125 1055 4168 non
1077 4108 1243 4186 loquimur3
1279 4109 1352 4171 durn

175 4208 278 4266 sutem
306 4200 345 4268 de
375 4201 422 4263 ets
454 4196 568 4262 locutio
596 4200 647 4275 tt,
686 4218 705 4267 s
735 4206 920 4279 nominibus¹
940 4207 1006 4270 aliis
1024 4207 1297 4286 denonantur,—
1319 4219 1353 4273 ut
