2902 4710
748 157 814 226 380

190 343 274 404 littus
296 338 439 417 ligasset,
473 340 679 396 convenerunt
701 333 789 396 multi
813 332 996 412 delphini'
987 351 1020 394 ιιι
1053 335 1129 395 mari
1163 334 1374 441 plangentium

192 462 278 506 more
302 459 336 502 se
357 440 514 510 hahentes,
537 438 607 499 ideo
631 454 682 498 rex
698 438 787 499 solvit
814 456 885 499 eum
908 443 939 499 et
963 437 1078 499 dimisit
1093 410 1261 500 resilirem
1276 454 1372 499 mare.

192 546 365 644 Delphinus
384 546 475 604 etiam
498 559 690 621 nequaquam
713 541 866 603 hominem
890 547 923 602 ut
946 542 1079 602 alienum
1103 542 1291 620 expavescit,
1317 541 1374 604 sed

192 650 318 728 navigiis
338 646 443 709 obvius
476 647 558 708 venit
588 644 696 706 ludens
720 650 751 705 et
773 644 899 715 saltans,
933 662 1041 706 navem
1064 661 1190 724 gyrans,
1225 650 1257 706 et
1278 663 1372 724 saepe

193 755 229 816 ab
250 768 312 825 una
332 757 417 837 parte
439 752 521 811 navis
545 767 579 811 se
602 751 787 828 immergens
817 755 848 810 et
871 750 906 810 ab
936 749 1031 810 altera
1062 751 1094 811 in
1116 751 1177 810 ictu
1200 751 1280 810 oculi
1304 767 1372 810 ree·

192 826 334 935 margins
356 838 537 917 familiarem
567 860 598 914 et
621 856 753 914 amicum
783 871 817 913 se
840 853 1010 914 hominihus
1033 853 1197 915 manifeste
1216 854 1371 915 exhibens

193 961 314 1040 Optime
336 957 484 1036 intelligit
499 972 593 1023 voees
617 958 774 1018 homiuum
798 956 835 1018 ad
858 975 892 1018 se
916 956 1059 1029 directos,
1082 963 1114 1018 et
1136 974 1226 1019 suum
1249 975 1372 1029 nomen,

193 1083 253 1147 quo
275 1066 497 1125 consueverunt
520 1062 626 1123 vocari
663 1061 794 1139 quidem,
826 1069 873 1123 est
895 1061 1010 1123 Simon.
1056 1060 1194 1122 Humano
1218 1068 1307 1122 cantu
1342 1067 1374 1123 et

191 1168 278 1231 sibilo
303 1167 423 1239 exultat,
445 1165 515 1227 ideo
539 1164 610 1227 dum
625 1170 788 1225 occurrunt
809 1170 928 1237 nautae,
953 1165 1001 1226 vel
1023 1163 1151 1235 sibilant,
1174 1165 1223 1226 vel
1239 1170 1372 1236 cantant,

192 1272 240 1334 vel
264 1288 318 1333 eos
342 1275 468 1340 vocant,
491 1270 540 1330 vel
564 1268 645 1347 quod
668 1269 783 1347 pluries
806 1270 970 1347 contingit,
995 1271 1039 1330 eis
1063 1268 1290 1330 maledictiones
1315 1270 1372 1329 im·

192 1381 369 1456 precantur,
405 1375 474 1452 quia
507 1378 578 1434 sunt
608 1373 708 1439 nuntii
724 1376 958 1453 tenpestatum,
994 1379 1024 1433 et
1046 1375 1077 1433 in
1101 1390 1206 1433 eorum
1232 1371 1373 1434 discursu

192 1479 363 1575 intelligunt
385 1477 516 1538 futuram
534 1495 646 1538 auram.
677 1474 805 1539 Musiris
821 1479 1030 1538 instrumentis
1047 1476 1219 1539 avidissime
1236 1475 1372 1538 anditum

192 1564 351 1681 pmfflh
375 1587 406 1642 et
429 1584 553 1643 musicis
576 1582 746 1643 hominibus
769 1583 923 1643 naturales
947 1584 1039 1643 amici
1062 1587 1140 1653 suut,
1163 1581 1245 1644 unde
1268 1597 1371 1641 narra·

191 1684 301 1777 turgia
325 1686 456 1765 quodam
479 1689 610 1759 musico,
643 1685 723 1765 quod
746 1686 922 1763 frequenter
949 1686 979 1744 in
1011 1687 1086 1746 mari
1109 1687 1249 1758 canebat,
1280 1690 1312 1744 et
1335 1700 1372 1745 eo

194 1788 318 1852 ludente
341 1791 428 1850 multi
452 1789 585 1869 delphini
619 1793 739 1851 maximi
772 1808 881 1852 navem
914 1791 1139 1852 conveniebant.
1189 1789 1264 1851 llio
1278 1792 1371 1851 musi·

197 1912 249 1955 eus
288 1911 357 1954 cum
395 1900 525 1957 mortem
561 1896 738 1966 meruisset,
781 1892 930 1970 judicium
975 1895 1193 1957 submersionis
1226 1895 1260 1981 ib
1300 1911 1372 1955 eum

195 1998 290 2058 latum
312 1997 384 2068 fuit,
408 1999 515 2076 petivit
538 2004 656 2068 autem,
679 1997 760 2076 quod
783 2000 866 2076 prius
889 2006 994 2099 posset
1016 1998 1117 2060 faeere
1141 1998 1283 2080 gaudium
1307 1997 1371 2059 del-

194 2100 294 2180 phinis
327 2119 397 2161 curn
430 2119 485 2162 suo
509 2103 662 2174 musicali,
698 2102 923 2163 accurrentibus
955 2111 1055 2185 autem
1085 2102 1188 2163 multis
1203 2101 1373 2184 delphinis

192 2204 320 2305 prosiliit
343 2221 412 2265 reus
428 2205 459 2265 in
474 2204 609 2265 medium
626 2223 740 2275 eorum,
765 2223 855 2285 quem
872 2192 976 2268 statim
992 2224 1069 2267 unus
1086 2200 1141 2284 (b)
1159 2204 1372 2285 delphinorum

192 2290 336 2370 assumsit
358 2325 449 2386 super
472 2306 610 2381 dorsum,
647 2327 778 2388 eumque
809 2313 909 2372 vivum
939 2316 970 2370 et
999 2309 1182 2370 incolumem
1216 2302 1253 2370 ad
1287 2309 1373 2373 littus

192 2414 415 2491 transportavit
461 2405 540 2484 Quid
563 2414 791 2485 multudinem,
815 2433 875 2475 uon
900 2410 1080 2475 asinorum
1104 2428 1162 2473 neo
1184 2413 1372 2484 inusitatum,

194 2516 352 2595 delphinos
375 2533 444 2576 cum
467 2516 638 2578 hominibus
662 2520 810 2580 amicitias
839 2518 996 2588 hahuisse,
1031 2516 1112 2578 unde
1143 2515 1224 2595 apud
1251 2521 1373 2578 veteres

193 2620 339 2692 Proteus,
365 2623 498 2683 marinus
517 2621 612 2695 deus,
635 2622 738 2684 hahuit
752 2623 844 2684 filiam
858 2621 1096 2693 Melanthonam,
1120 2621 1168 2681 oui
1185 2619 1374 2681 cousuetudo

195 2732 259 2786 erat
281 2727 386 2804 positis
410 2726 543 2787 vestibus
566 2726 723 2806 delphinos
747 2729 918 2806 inequitans
952 2729 1054 2806 vagari
1076 2744 1131 2806 per
1152 2727 1246 2807 maria
1267 2726 1373 2804 patris,

194 2846 269 2907 quae
308 2848 377 2890 cum
414 2830 547 2891 formosa
583 2838 680 2901 esset,
718 2833 749 2891 in
783 2834 909 2909 gratiam
945 2834 1029 2892 venit
1061 2830 1210 2908 Neptuni,
1254 2829 1306 2905 qui
1335 2825 1373 2887 ad

195 2949 262 2992 eam
284 2932 513 2992 transformatus
543 2935 572 2993 in
596 2933 772 3012 delphinum
804 2937 886 2995 venit
919 2941 1009 3014 atque
1033 2933 1210 3004 concubuit,
1232 2937 1263 2992 et
1286 2931 1371 2992 deili-

195 3041 261 3095 cata
283 3034 340 3095 fuit
363 3051 379 3095 a
400 3022 563 3096 veteribus.
609 3034 698 3115 Apud
731 3034 837 3097 Jasurn
869 3055 996 3116 puerum
1028 3039 1188 3117 delphinus
1213 3033 1372 3107 adamavit,
1403 3094 1408 3101 ,

194 3154 284 3217 quem
301 3136 372 3198 dum
389 3143 458 3215 post
473 3145 596 3200 assueta
612 3138 739 3200 colludia
756 3141 962 3219 impatientius
978 3149 1159 3221 sequeretur
1173 3139 1371 3201 recedentem

195 3243 295 3302 arenis
311 3242 451 3302 inventus
468 3242 576 3304 haesit.
605 3243 775 3305 Alexander
792 3248 892 3307 autem
908 3265 1046 3326 magnus,
1062 3248 1118 3309 sed
1134 3247 1372 3327 superstitiosus,

193 3345 277 3407 illum
301 3363 436 3407 amorem
452 3349 584 3408 numinis
599 3344 693 3409 luisse
709 3349 926 3427 interpretatus
954 3358 1000 3412 est
1023 3351 1228 3431 praefecitque
1243 3365 1373 3428 puerum

192 3449 324 3529 Neptuni
347 3452 527 3513 sacerdotio.
574 3451 717 3533 Legimus
747 3455 853 3525 etiam,
888 3454 984 3516 Plinio
1008 3456 1162 3527 tradente,
1194 3452 1274 3534 apud
1296 3452 1372 3532 Ilip-

192 3573 303 3635 ponem
327 3555 501 3634 delphinum
524 3557 619 3625 luisse
642 3576 678 3618 ex
700 3558 856 3618 hominum
879 3575 968 3620 manu
1003 3561 1104 3621 cibum
1126 3559 1300 3620 sumentem
1322 3573 1373 3617 se·

194 3676 253 3735 que
278 3659 465 3720 tractandum
487 3662 632 3723 manibus
655 3663 866 3740 praebentem,
900 3669 930 3723 et
953 3654 1093 3726 nantibus
1127 3663 1311 3726 alludentem
1341 3668 1374 3723 et

194 3761 394 3823 consedentes
418 3770 602 3842 portantem,
627 3768 766 3827 etmulta
782 3766 852 3827 talia
867 3783 955 3838 vera,
977 3787 1039 3829 non
1057 3766 1210 3838 fabulosa,
1232 3764 1375 3826 dicuntur

194 3865 231 3926 de
254 3868 330 3927 istis.
377 3867 410 3928 Si
433 3869 482 3929 cui
504 3869 623 3947 placet,
646 3871 757 3948 legat
748 3889 780 3931 m
804 3870 936 3949 Speculo
953 3871 1086 3934 Naturali
1110 3874 1199 3936 Libro
1214 3866 1319 3932 XVlll.
1345 3887 1373 3931 o.

107 3984 109 3988 '
194 3975 233 4036 de
257 3972 415 4051 delphinis

175 4163 178 4169 ‚
277 4076 345 4136 Alia
368 4075 497 4154 quadam
518 4077 584 4137 vice
611 4078 840 4157 cumpluribus
864 4081 1031 4159 peregrinis
1058 4081 1207 4141 nobilibus
1234 4079 1375 4158 navigavi

193 4199 282 4245 mane
305 4186 375 4242 ante
390 4180 463 4242 solis
478 4187 579 4244 ortum
595 4179 633 4244 de
648 4181 786 4244 Parentis
802 4183 839 4245 ad
855 4183 936 4247 illam
952 4183 1085 4246 insillam
1103 4182 1141 4245 ad
1156 4181 1375 4245 celebrandum
