2902 4710
732 142 795 213 346

178 342 282 385 corum
325 329 521 386 contemnere
559 327 726 401 coeperunt
762 328 793 383 ct
833 323 899 383 sine
937 321 1160 401 praefectorum
1196 323 1354 382 coactione

176 445 287 508 perse
311 428 465 506 alegibus
497 426 683 487 Christianae
715 427 868 504 religionis
899 431 1106 496 recesserunt,
1138 443 1196 486 nec
1225 425 1354 504 emplius

176 531 369 592 celebritates
404 530 552 591 ecclesiae
591 547 649 589 neo
678 527 794 610 jejunia
831 545 888 588 nec
920 535 1108 590 sacramenta
1147 546 1206 589 nco
1245 529 1354 588 missas

177 639 374 705 curaverunt,
398 635 475 713 pigri
492 640 523 693 et
537 634 727 697 involuntarii
750 633 822 694 iacti
845 632 998 694 adomnia
1014 634 1251 695 Christianorum
1268 643 1354 693 crer-

176 738 254 798 citia.
301 737 399 798 Nihilo
432 744 534 799 tamen
569 739 667 799 miuus
691 739 836 816 gerebant
868 735 967 797 se'et
997 735 1094 797 adhuc
1124 735 1214 796 hodie
1246 743 1356 815 gerunt

175 857 210 900 se
239 858 293 918 pro
318 840 510 912 Christianis,
547 840 659 902 nomen
682 841 805 920 quidem
829 841 974 902 hahentes
999 840 1061 902 ,sed
1084 842 1228 919 pietatem
1261 841 1353 901 abne·

176 951 290 1022 gantes,
316 946 477 1024 perillum
504 947 583 1007 enim
606 945 729 1006 modum
747 951 938 1023 augmentata
960 951 1107 1006 est-secta
1122 942 1355 1007 Machametana

176 1053 207 1108 et
230 1054 365 1128 potestas
388 1047 576 1122 lurcorum,
598 1066 669 1109 nam
692 1048 763 1109 dum
786 1050 972 1126 incepissent
995 1047 1085 1109 Turci
1109 1049 1251 1127 persequi
1267 1046 1353 1108 Chri-

176 1152 290 1212 stianos
322 1158 351 1212 ct
374 1159 470 1214 terras
494 1170 600 1213 eorum
623 1151 779 1222 invadere,
804 1152 890 1212 multi
916 1150 1076 1225 Christiani
1098 1153 1235 1213 volentes
1259 1145 1353 1213 decli·

176 1272 248 1316 nare
281 1260 525 1334 persecutionem
559 1275 593 1318 se
624 1259 717 1335 ipsos*
730 1257 776 1315 eis
799 1262 907 1334 sponte
930 1255 1127 1317 tradiderunt.
1172 1256 1237 1317 Hoc
1258 1263 1353 1335 patet,

176 1361 245 1438 quia
269 1359 366 1422 adhuc
388 1361 479 1423 hodie
504 1362 598 1423 multa
621 1359 744 1421 castella
768 1367 799 1420 et
821 1359 932 1439 oppida
954 1361 1075 1420 suntin
1099 1359 1209 1420 Turcia
1232 1361 1270 1422 de
1293 1362 1353 1421 illis

176 1463 306 1542 antiquis
331 1464 454 1526 Graecis
484 1467 539 1526 sub
569 1466 703 1527 dominio
726 1463 834 1534 Turci‚
872 1466 923 1542 qui
954 1480 988 1524 se
1019 1470 1126 1543 sponte
1143 1463 1353 1536 tradiderunt,

175 1570 281 1648 sicque
304 1571 433 1630 intactae
457 1566 513 1650 (la)
545 1576 720 1631 manserunt
751 1583 855 1630 eorum
879 1569 1094 1639 habitationes,
1128 1568 1208 1629 unde
1239 1568 1353 1629 iactum

176 1679 237 1746 est,
261 1680 295 1734 ut
316 1674 375 1752 ipsi
399 1659 558 1734 Christiani
582 1672 689 1736 Turcis
714 1674 821 1734 auxilio
838 1674 945 1734 flerent
959 1674 997 1734 ad
1012 1671 1254 1752 persequendum
1278 1672 1352 1732 alios

144 1790 148 1806 ’
176 1776 361 1839 Christianos
385 1783 417 1836 et
439 1771 610 1856 proditores
626 1777 750 1838 iratrurn
768 1777 970 1838 efficerentur.
1016 1778 1053 1853 Et
1075 1780 1241 1838 siccorum
1265 1777 1353 1855 culpa

177 1883 277 1958 coepit
301 1897 440 1941 erescere
464 1886 588 1959 propter
611 1899 755 1942 censuras
779 1881 1016 1953 ecclesiasticas,
1040 1898 1114 1959 quas
1133 1899 1194 1940 non
1210 1880 1354 1941 curabant

176 1986 339 2045 incurrere.
385 1981 422 2042 Et
445 1985 513 2066 quia
535 1985 593 2062 ipsi
617 1983 778 2044 Christiani
801 1990 901 2053 erant,
934 1986 1115 2062 inceperunt
1146 1983 1200 2042 sub
1224 1981 1353 2060 quadam

64 2112 84 2157 χ
175 2089 295 2168 pietatis
329 2088 433 2166 specie
465 2085 640 2147 Christianis
670 2084 796 2146 devictis
824 2103 949 2165 parcere
985 2092 1016 2147 ct
1046 2103 1099 2146 eos
1129 2087 1160 2146 iu
1190 2102 1294 2145 servos
1322 2090 1353 2144 et

176 2191 299 2251 ancillas
322 2192 462 2251 retinere.
507 2189 544 2249 Et
566 2189 703 2250 videntes
727 2187 832 2260 Turoi,
866 2189 947 2267 quod
977 2207 1012 2250 ex
1041 2190 1099 2249 hoc
1122 2188 1284 2249 Christiani
1307 2186 1352 2247 di·

175 2300 324 2366 tarentur,
349 2299 555 2374 conceperunt
577 2293 749 2355 aviditatem
772 2292 947 2372 possidendi
971 2311 1075 2354 servos
1099 2288 1131 2352 et
1153 2291 1294 2362 ancillas,
1322 2297 1353 2350 ct

176 2404 281 2476 captos
305 2398 491 2458 Christianos
524 2417 584 2458 non
607 2396 801 2468 occiderunt,
835 2396 890 2458 sed
919 2399 967 2459 vel
995 2399 1026 2458 in
1058 2413 1142 2457 suam
1175 2397 1354 2456 servitutem

176 2501 357 2580 redegerunt
390 2503 438 2565 vel
469 2502 679 2564 vendiderunt.
726 2501 779 2562 llla
802 2520 875 2579 ergo
903 2502 972 2562 ficta
995 2501 1232 2562 Christianorum
1255 2498 1352 2576 pietus

176 2606 207 2664 in
231 2610 346 2669 tantiam
371 2607 516 2677 excrevit,
539 2612 574 2666 ut
596 2604 708 2667 malitia
727 2606 964 2666 Christianorum
987 2608 1016 2666 in
1039 2601 1260 2684 persequendis
1284 2618 1352 2662 eae·

175 2711 247 2768 teris
272 2709 449 2769 Christianis
475 2710 637 2771 excederet
673 2709 816 2770 malitiam
839 2709 1022 2780 infidelium,
1053 2714 1084 2768 et
1105 2710 1136 2768 in
1165 2707 1355 2768 hoscorum

177 2813 312 2890 magistri
335 2812 455 2872 fuerunt
480 2794 509 2873 et
533 2813 669 2891 praelati.
699 2812 829 2879 Etcum
852 2814 981 2874 ecclesia
1005 2820 1110 2874 contra
1133 2830 1186 2872 eos
1210 2828 1355 2872 censuras

177 2914 367 2987 fulminaret,
392 2923 570 2977 excusantes
594 2935 627 2976 se
651 2916 807 2988 dixerunt,
831 2917 910 2995 quod
928 2917 1077 2977 ecclesiae
1099 2916 1262 2999 plurimum
1284 2931 1353 2992 pro·

177 3015 320 3087 desecat,
345 3021 428 3096 quia,
452 3036 529 3096 quos
553 3016 644 3079 Turci
668 3018 853 3080 occidissent
875 3019 988 3098 gladio,
1018 3021 1153 3097 ipsorum
1176 3019 1286 3095 pietate
1311 3017 1353 3076 vi-

176 3125 298 3190 verent,
329 3128 360 3181 et
383 3137 418 3181 ex
441 3121 501 3182 hoc·
522 3138 555 3181 se
579 3129 681 3182 contra
706 3124 867 3183 ecclesiam
890 3129 1051 3185 erexerunt
1073 3121 1229 3190 dicentes,
1253 3118 1352 3179 eccle-

176 3225 252 3282 siam
275 3221 386 3299 injusta
405 3222 519 3299 judicia
541 3225 621 3285 ierre
646 3232 677 3286 et
700 3243 844 3286 censuras
860 3228 966 3287 inanes
993 3243 1079 3296 esse„
1103 3228 1209 3302 sicque·
1231 3221 1353 3282 tandem

176 3322 283 3386 'furcis
308 3326 407 3387 traditi
430 3333 517 3397 sunt,
543 3335 573 3389 et
597 3328 667 3388 iacti
690 3327 836 3401 Janiaari,
869 3329 899 3390 id
924 3336 987 3399 est,
1021 3329 1159 3406 abnegati
1182 3326 1353 3396 Christiani,

176 3448 252 3509 quos
276 3431 434 3493 Sarraceni
455 3431 659 3494 Mamaluocos
683 3432 859 3512 appellant·
875 3433 921 3493 lle
943 3433 990 3493 his
1013 3449 1104 3510 supra
1125 3447 1219 3509 saepe
1241 3430 1354 3491 mentio

176 3532 254 3594 iacta
278 3537 378 3594 estin
402 3538 572 3597 invectione
594 3543 702 3596 contra
726 3535 869 3597 Graecos.
1245 3538 1248 3545 '

261 3637 303 3696 Ex
325 3627 533 3717 his'patenter
565 3642 718 3718 sequitur,
751 3637 832 3717 quod
865 3640 983 3699 saevior
1012 3644 1061 3698 est
1089 3638 1353 3721 illapersecutio,

175 3757 235 3818 qua
257 3739 446 3801 dimittuntur
469 3741 629 3803 Christiani
663 3745 779 3813 vivere,
812 3760 901 3821 quom
933 3759 985 3813 ea,
1023 3759 1081 3820 qua
1110 3740 1222 3820 perfide
1255 3746 1353 3800 morte

176 3843 358 3921 plectuntur.
404 3842 493 3914 Quod
516 3851 563 3904 est
585 3852 688 3905 contra
710 3846 795 3916 illos,
820 3848 872 3923 qui
895 3847 950 3905 sub
967 3844 1096 3923 quadam
1116 3846 1233 3906 virtutis
1249 3845 1354 3922 specie

175 3943 410 4006 voluntTurcos
434 3946 591 4016 advenire,
616 3947 779 4009 dummodo
803 3967 864 4010 non
887 3967 941 4010 eos
964 3947 1056 4009 fidem
1079 3964 1189 4026 negare
1221 3953 1354 4026 cogeret,

174 4046 230 4110 sed
253 4048 311 4108 hoo
335 4067 371 4109 ex
393 4050 465 4109 vitio
488 4051 599 4113 crescit
622 4050 858 4124 inobedientiae,
892 4053 961 4130 quia
984 4052 1133 4112 ecclesiae
1156 4050 1298 4129 praelatis
1323 4057 1355 4110 et

178 4150 353 4213 Christianis
376 4151 580 4232 principaliter
602 4153 725 4216 obedire
746 4153 858 4216 taedet.
