2874 4770
685 131 749 200 3⁷5

127 314 238 378 inclusi
260 331 409 384 essemus,
431 328 487 392 per
508 311 683 391 insuspecta
704 316 807 370 tamen
837 307 905 368 loca
927 308 1051 385 copiosa
1080 322 1157 383 aqua
1179 304 1305 372 influxit,

129 419 303 497 madidique
327 424 417 496 atque
451 416 619 493 compressi
652 413 796 473 sedimus.
843 412 952 474 Gratus
984 419 1086 470 autem
1108 408 1151 468 ini
1174 408 1305 469 Domino

129 523 212 594 Deo,
237 521 318 599 quod
339 520 407 581 illos
424 518 561 579 dominos
577 518 686 595 reperi,
711 518 779 595 quia
802 517 829 574 si
851 514 890 575 ad
905 533 1009 575 eorum
1024 513 1147 573 cumbas
1163 519 1306 588 receptus

129 643 190 686 non
213 625 357 693 fuissem,
380 641 435 700 per
457 628 549 682 totam
573 621 654 681 illam
677 627 799 680 noctem
822 622 855 679 in
878 619 965 695 aquis
980 616 1123 686 fuissem,
1146 622 1177 674 et
1200 633 1307 674 onrnes

133 728 240 789 fluctus
263 746 355 806 super
378 745 426 786 me
449 725 565 786 inducti
588 725 731 794 luissent,
755 727 835 784 sicut
850 730 921 782 sunt
936 723 1086 782 omnesin
1102 719 1307 798 superioribus

134 839 297 892 manentes.
329 829 442 889 Verum
459 836 626 908 tempesias
642 828 693 889 illa
707 827 765 888 luit
781 827 980 897 delectabilis,
1003 844 1060 886 nec
1076 833 1140 885 erat
1155 827 1185 883 in
1201 823 1307 894 classe,

134 937 183 1013 qni
206 952 243 996 ea
266 951 370 996 carere
393 933 556 1002 voluisset,
581 934 651 1011 quia
673 933 783 991 itinere
807 939 910 991 nostro
934 932 1092 1009 repentino
1114 928 1214 988 volatu
1237 945 1306 1004 pro-

129 1038 352 1107 ficiscebamur,
376 1034 484 1095 eadem
507 1036 588 1094 enim
610 1042 701 1095 nocte
724 1037 876 1112 usquein
898 1033 1041 1095 Histriam
1062 1033 1169 1110 rejecti
1191 1051 1306 1105 sumus,

130 1160 197 1203 nam
221 1141 348 1203 insulis
372 1146 439 1200 ortu
462 1139 591 1200 vidimus
614 1137 733 1210 Polam,
767 1138 898 1200 Histriae
927 1139 1164 1199 vetustissimam
1192 1135 1307 1207 urbem,

128 1250 161 1305 et
180 1245 246 1322 ejus
270 1247 371 1324 portui
392 1260 454 1304 non
476 1241 565 1322 louge
589 1244 757 1304 aberamus.
804 1242 906 1304 Gavisi
935 1250 1037 1302 antem
1058 1258 1175 1309 snmus,
1197 1257 1253 1298 nos
1275 1240 1307 1298 in

128 1351 282 1426 regionem
305 1349 427 1410 venisse
459 1347 546 1407 nobis
569 1366 607 1409 ex
628 1349 752 1409 nomine
783 1366 844 1408 non
876 1350 1028 1425 ignotam,
1060 1362 1131 1404 narn
1152 1342 1307 1403 Danubius

130 1453 221 1512 etiarn
243 1451 351 1512 fluvius
374 1457 473 1510 terrae
495 1457 617 1510 nostrae
645 1452 794 1511 orientem
817 1459 935 1529 petens,
957 1467 1049 1527 quam
1071 1449 1132 1507 cito
1153 1445 1307 1524 Hlyricum

129 1558 239 1634 tangit,
262 1567 375 1615 nomen
398 1553 484 1614 nobis
506 1562 612 1614 notum
635 1557 744 1615 amitiit
767 1561 797 1616 et
819 1554 922 1615 Hister
944 1554 1008 1613 sive
1022 1550 1150 1609 Ysterus
1172 1556 1307 1617 vocatur,

131 1667 164 1719 et
184 1658 252 1719 inde
274 1658 386 1719 Histria
421 1659 513 1736 regio.
559 1656 689 1728 Quidam
720 1657 840 1730 dicunt,
873 1657 955 1736 qnod
975 1655 1132 1717 brachium
1154 1650 1307 1731 quoddam

132 1781 149 1823 a
173 1780 205 1823 se
228 1764 338 1823 emittit
353 1761 506 1822 Danubius
530 1767 633 1822 contra
656 1779 740 1823 mare
762 1760 965 1831 Adriaticum,
987 1767 1019 1820 ct
1040 1757 1114 1818 illud
1129 1756 1233 1817 Hister
1254 1774 1306 1815 ro·

131 1873 213 1928 catur
246 1872 277 1926 et
309 1865 424 1942 regioni
457 1881 569 1924 nomen
599 1866 735 1941 partitor.
792 1864 857 1926 Hoc
887 1864 1044 1926 brachium
1077 1863 1215 1940 quamvis
1245 1879 1305 1920 non

128 1973 169 2031 sit
190 1969 370 2048 navigabile,
407 1975 506 2028 tamen
536 1967 627 2028 lason
656 1968 767 2047 adepto
797 1986 890 2031 aureo
913 1968 1026 2030 vellere
1049 1984 1085 2027 ex
1108 1964 1228 2025 Colchis
1251 1982 1305 2042 per

127 2074 199 2135 illud
222 2073 377 2135 brachium
399 2072 518 2150 navigio
539 2075 711 2149 penetravit
743 2092 840 2152 nsque
872 2076 903 2134 in
926 2090 1009 2134 mare
1030 2069 1225 2131 Adriaticum
1270 2066 1304 2127 ln

127 2178 201 2238 loeis
215 2184 341 2248 -tameu,
374 2176 425 2236 ubi
447 2176 571 2236 omnino
593 2178 735 2256 navigare
758 2196 819 2238 uon
842 2177 899 2239 init
920 2175 1079 2256 possibile,
1110 2190 1218 2233 narem
1247 2172 1303 2231 hu·

129 2282 218 2340 meris
250 2280 425 2356 impositam
459 2285 654 2356 portaverunt
687 2280 845 2342 tortissimi
877 2282 922 2341 illi
943 2280 1144 2358 Argonautae.
1189 2277 1305 2337 l'erum

131 2384 314 2461 antiquiores
343 2379 585 2459 Argonautarum
620 2385 841 2462 navigationem
878 2385 974 2447 multo
1003 2384 1132 2461 amplius
1161 2384 1304 2445 extende-

130 2491 214 2556 runt,
249 2491 282 2545 ut
304 2489 388 2563 patet
410 2502 509 2562 snpra.
549 2483 676 2564 Insuper
704 2486 843 2548 moderni
863 2487 983 2558 dieunt,
1020 2485 1122 2547 Polam
1153 2489 1305 2549 civitatem

132 2608 149 2650 a
172 2589 322 2651 Colchidis
345 2589 452 2650 incolis
475 2607 545 2651 esse
569 2590 768 2663 aedificatam,
791 2591 849 2654 alio
872 2600 990 2663 umen,
1012 2593 1116 2652 nescio
1139 2609 1216 2669 qno,
1250 2611 1305 2652 no·

130 2696 212 2755 mine
234 2701 381 2754 vocatam.
412 2692 484 2754 Pola
508 2701 608 2754 autem
631 2695 690 2756 hoc
705 2713 820 2764 nomen
841 2696 894 2757 illo
917 2714 990 2758 casn
1011 2696 1120 2774 adepta
1143 2702 1199 2756 est.
1230 2695 1304 2767 Qui·

129 2797 197 2859 dam
221 2800 301 2857 enim
318 2797 504 2887 Graecorum
526 2817 593 2866 rer,
616 2798 689 2860 dnm
712 2817 729 2861 a
752 2799 878 2862 Graecia
901 2818 998 2880 usqne
1019 2799 1058 2861 ad
1077 2799 1181 2860 Polam
1203 2802 1304 2861 omnia

126 2907 275 2964 vastasset
298 2908 329 2962 et
354 2903 385 2961 in
407 2901 565 2962 obsidione
580 2902 670 2964 Polae
692 2904 743 2965 dio
766 2905 933 2966 laborasset
955 2912 987 2966 et
1008 2903 1137 2966 multum
1159 2905 1304 2983 populum

127 3008 292 3078 amisisset,
322 3005 444 3067 tandem
465 3005 566 3066 taedio
587 3005 701 3068 fractus
730 3008 822 3070 dixit:
854 3008 941 3082 Pola,
964 3008 997 3069 id
1027 3015 1089 3079 est,
1122 3008 1242 3080 sufficit,
1271 3011 1302 3070 in

127 3112 227 3188 lingua
251 3110 382 3181 Graeca,
406 3111 499 3171 etita
521 3111 648 3170 recessit
670 3129 781 3187 nomeu
804 3114 918 3174 civitati
940 3111 1165 3189 derelinquens.

213 3212 258 3273 De
281 3212 338 3272 bac
360 3213 479 3273 civitate
494 3211 572 3285 Pola,
588 3211 724 3286 inerunt,
746 3222 781 3275 nt
793 3215 907 3286 fertur,
928 3215 973 3276 illi
995 3214 1057 3275 dno
1078 3216 1250 3293 impiissimi
1270 3223 1302 3276 et

126 3318 328 3381 crudelissimi
342 3319 473 3394 tyranni,
488 3317 694 3383 Diocletianus
710 3325 742 3380 et
756 3318 969 3390 Maximianus,
985 3317 1024 3377 de
1039 3333 1170 3394 qnorum
1185 3334 1301 3377 assum-

125 3424 211 3483 tione
235 3419 272 3480 ad
295 3421 456 3496 imperium
478 3419 546 3480 talis
570 3419 666 3482 fertur
686 3418 821 3481 historia.
863 3420 955 3481 Erant
981 3419 1014 3479 hi
1044 3417 1105 3478 duo
1127 3418 1304 3477 immanium

126 3540 291 3603 corporum
321 3521 425 3581 rustici
448 3529 480 3581 et
500 3523 592 3592 socii,
623 3523 764 3582 concives
785 3521 949 3592 Poleuses,
977 3520 1177 3599 agriculturae
1209 3518 1304 3580 dediti

126 3637 159 3690 ct
181 3646 242 3689 nou
266 3627 324 3686 nisi
346 3624 493 3685 ruralibus
515 3630 673 3695 vacantem
709 3624 778 3684 ideo
800 3622 949 3685 Martinus
971 3627 1003 3685 in
1026 3623 1187 3694 Chronica,
1222 3623 1304 3702 quod

126 3732 335 3794 Diocletianus
367 3731 407 3790 sit
429 3729 558 3789 obscuro
589 3735 678 3788 natus
712 3733 742 3788 et
764 3726 971 3789 Diocletianus
994 3727 1170 3788 Dalmateus
1192 3726 1302 3789 dictos.

128 3835 272 3910 Quamvis
305 3835 356 3896 alii
387 3833 487 3895 dicant
520 3850 591 3893 enm
623 3830 780 3910 cujusdam
804 3831 920 3893 scribae
941 3830 1045 3893 lilium.
1091 3830 1137 3890 De
1159 3848 1219 3908 quo
1243 3849 1303 3891 non

129 3957 218 4013 curo;
242 3939 280 4001 ad
301 3940 458 4001 historiam
481 3940 634 4015 inceptam
658 3936 850 4015 progredior,
873 3955 952 4015 qnae
966 3936 1094 3997 babetur
1108 3937 1139 3995 in
1155 3932 1303 3995 Chronica

130 4041 300 4105 Hermanni.
346 4043 422 4105 Cum
445 4046 610 4121 imperator
633 4038 726 4101 Carus
748 4040 869 4102 iunctus
892 4041 951 4101 vita
973 4041 1092 4111 inisset,
1114 4036 1302 4100 concordare

132 4143 261 4207 Senatus
273 4148 463 4227 populusque
473 4147 628 4207 Romanus
638 4162 704 4206 <non
718 4151 881 4224 potnerunt
896 4144 934 4206 de
949 4147 1134 4224 imperatore
1150 4141 1300 4221 eligendo,
