2874 4770
687 161 750 232 251

124 336 297 419 trojauum,
328 338 536 403 homedouto
564 340 736 403 interiecto.
789 339 827 401 lit
853 345 970 404 tautum
997 340 1037 404 do
1064 342 1179 406 vellere
1201 359 1306 415 aureo,

126 444 212 525 qu'od
233 443 312 507 lorte
330 451 405 524 ,post
427 443 494 522 ejus
518 444 711 523 adeptionem
734 447 913 507 translatum
944 445 1001 507 luit
1033 464 1088 527 per
1110 447 1254 509 iasonem
1275 448 1308 509 ln

128 548 242 610 Choloe
264 550 329 610 sive
362 551 394 610 in
422 547 564 612 Rhodum
596 550 741 620 insulam,
774 556 899 627 propter
921 551 1036 612 insulae
1066 551 1254 612 nobilitatem
1277 555 1309 612 et

127 653 336 736 munitionem.
365 652 430 714 Nee
452 654 575 713 omniuo
597 653 703 713 inutile
726 659 774 713 est
787 656 927 732 posuisse
943 655 1020 716 hanc
1035 654 1198 725 historiam,
1222 653 1309 732 cujus

127 757 268 821 meminit
297 755 500 834 Hieronymus
531 758 561 818 iu
594 756 737 844 epistola,
772 775 830 835 qua
858 756 1048 819 sacerdotem
1077 758 1236 821 Valentem
1270 756 1307 821 ed

128 863 301 925 easdtatem
323 859 439 921 inducit
460 859 583 922 hortans
607 861 745 941 exemplo
768 859 887 922 Jasonis
910 861 1036 923 viriliter
1058 879 1157 940 agere.

215 964 250 1026 lu
271 963 362 1044 Spec.
388 963 495 1025 Natur.
519 961 552 1025 L.
577 962 625 1025 Vl.
650 964 682 1026 C.
707 961 751 1027 78
781 965 907 1038 dicitur,
942 963 1023 1044 quod
1053 964 1149 1027 vellus
1181 981 1306 1025 aureum

128 1069 241 1130 altres
263 1067 414 1147 quaedam
437 1086 474 1130 ex
496 1069 582 1146 equis
598 1076 742 1147 generata
758 1070 959 1142 nobilissima,
983 1069 1202 1147 pretiosissime
1225 1068 1306 1130 colo·

128 1177 209 1245 rata,
243 1171 300 1233 sed
320 1169 451 1235 Michael
473 1169 565 1232 Libro
594 1171 632 1232 de
664 1172 911 1235 memorabilibus
945 1173 1025 1234 orbis
1049 1171 1138 1243 dic-it,
1174 1170 1255 1249 quod
1277 1173 1308 1233 ln

130 1274 277 1337 Colchide
310 1278 436 1355 regione
467 1282 617 1337 torrentes
652 1293 758 1339 aurum
786 1277 904 1348 lerunt,
939 1275 1020 1356 quod
1048 1275 1165 1337 barbari
1193 1276 1306 1336 lenosis

99 1450 104 1455 ⁸
128 1377 258 1458 pellibus
274 1381 443 1460 excipiunt,
467 1379 631 1456 haeretque
648 1379 776 1458 pellibus
792 1397 882 1441 arena
897 1378 1060 1441 defluente.
1091 1378 1188 1441 Guido
1204 1386 1306 1443 autem

128 1482 168 1547 de
185 1482 340 1554 Columna,
363 1483 523 1546 translator
545 1484 687 1545 historiae
711 1483 847 1562 trojanae
870 1487 900 1544 in
924 1483 1026 1544 stilum
1042 1483 1229 1554 familiarem,
1253 1481 1307 1543 de·

104 1589 220 1654 ‚tectis
242 1587 410 1666 tigmentis,
433 1589 541 1667 quibus
565 1588 680 1666 antiqui
703 1586 833 1648 eandem
856 1605 1057 1658 exornavere,
1080 1589 1156 1648 libro
1184 1584 1206 1646 1.
1225 1585 1257 1647 C.
1277 1580 1306 1647 1.

130 1689 220 1762 dicit,
252 1689 335 1770 qood
363 1690 459 1755 vellus
491 1709 616 1752 aureum
644 1691 700 1752 luit
721 1693 887 1752 immensus
910 1692 1070 1753 thesaurus
1094 1689 1201 1762 Oetae,
1226 1690 1306 1768 regis

130 1778 331 1867 Colchorum,
354 1795 483 1857 traditus
508 1797 662 1858 custodiae
686 1797 815 1859 mirabili
831 1796 880 1858 dei
894 1795 1016 1865 Martis,
1038 1798 1068 1856 in
1093 1795 1179 1874 cujus
1203 1800 1306 1857 eusto-

129 1897 180 1961 dia
200 1905 287 1960 eraut
307 1899 401 1961 boves
424 1901 547 1979 quidam
569 1900 705 1982 deputati
728 1909 851 1963 urentes
879 1898 1016 1962 flammas
1040 1918 1076 1961 ea
1106 1917 1158 1961 ore
1181 1915 1308 1962 vomen-

129 2007 194 2075 tes,
231 2010 263 2063 et
296 2002 387 2065 draco
419 2008 552 2085 squamis
574 2006 728 2081 horridus,
766 2006 903 2068 flammas
940 2005 1047 2092 igneas
1085 2003 1239 2074 exhalans,
1279 2007 1309 2063 et

129 2105 206 2167 haec
229 2123 286 2184 per
299 2109 536 2170 incantationem
553 2113 661 2190 signita
677 2117 708 2172 et
725 2117 803 2172 artes
825 2107 1062 2179 mathematicas,
1086 2108 1193 2186 quibus
1217 2108 1309 2167 etiam

128 2208 274 2272 Salomon
298 2213 405 2272 tutavit
419 2212 577 2276 thesauros
600 2213 774 2276 reconditos
797 2216 825 2273 in
841 2218 967 2293 paterno
987 2210 1163 2289 sepulchro,
1188 2217 1220 2270 ut
1236 2210 1310 2272 dicit

129 2313 281 2395 Iosephus
312 2320 343 2375 et
371 2314 498 2377 habetur
534 2306 627 2395 supra
661 2315 694 2377 Ρ.
717 2316 739 2377 1.
778 2314 840 2376 Fol.
859 2312 907 2380 -97
930 2312 963 2374 Β.
1009 2313 1199 2392 Quicumque
1235 2329 1307 2391 ergo

128 2419 211 2481 huuc
234 2418 409 2481 thesaurum
439 2422 552 2499 optavit
580 2420 707 2491 hebere,
743 2436 813 2478 oum
834 2419 930 2479 bobus
954 2434 1084 2478 neeesse
1106 2417 1210 2477 habuit
1232 2416 1308 2476 inire

129 2529 287 2593 certamen
307 2529 352 2607 *et
380 2523 504 2585 demum
527 2543 595 2585 cum
620 2523 760 2585 dracone.
803 2521 931 2583 Etcum
954 2520 1039 2581 multi
1062 2521 1179 2581 strenui
1203 2536 1307 2578 eumu-

127 2609 194 2689 lum
215 2626 356 2689 thesauri
373 2644 520 2706 quaerere
551 2629 608 2689 sibi
632 2626 808 2698 voluerunt,
837 2626 1070 2704 inpugnantibus
1099 2623 1308 2685 incantationi-

119 2730 188 2792 -bus
211 2731 307 2791 noxiis
322 2747 430 2792 necem
447 2731 604 2794 crudelem
627 2733 816 2793 invenerunt.
837 2731 876 2792 Et
898 2731 939 2793 ibi
954 2731 1032 2810 lege,
1056 2724 1308 2809 quomodotason

128 2833 169 2896 ad
191 2833 367 2916 thesaurum
390 2837 481 2897 venit.
846 2910 849 2916 .

83 2970 87 2979 ·
166 3012 171 3019 ¹
217 2937 310 3001 Porro
337 2938 490 3001 Diodorus
516 2939 717 3002 Historiarum
739 2939 814 3000 libro
838 2938 910 3000 dicit
933 2937 1029 2999 multo
1046 2937 1132 2999 aliter
1154 2935 1193 2998 de
1217 2954 1308 2999 aureo

126 3042 251 3106 vellere.
295 3040 346 3106 Ait
369 3045 466 3105 enim:
497 3062 568 3105 oum
591 3043 715 3104 Phrixus
739 3045 778 3122 ⁵in
804 3043 980 3106 Colchidem
1003 3046 1137 3107 venisset
1160 3058 1230 3110 oum
1253 3062 1308 3105 suo

127 3144 325 3226 paedagogo,
346 3150 396 3226 qui
419 3146 574 3210 dicebatur
595 3146 700 3220 Aries,
725 3149 828 3211 ambos
853 3147 929 3209 Oeta
951 3166 1003 3209 rex
1027 3149 1207 3228 captivavit,
1230 3148 1309 3208 sicut
1414 3148 1418 3156 '

127 3236 270 3312 omnibus
293 3250 522 3312 adventantibus
545 3253 634 3325 feeit,
658 3259 692 3314 ut
715 3270 769 3314 eos
792 3253 984 3315 sacrificaret.
1030 3250 1147 3312 Eodem
1169 3257 1308 3329 tempore

127 3351 250 3416 advenit
265 3338 379 3415 amicus
395 3352 507 3425 Oetae,
533 3355 679 3422 Cambrus
694 3356 874 3434 Scytharum
889 3373 951 3425 rer,
975 3354 1026 3432 qui
1042 3352 1149 3414 Phrixo
1167 3355 1308 3414 misertus

128 3474 200 3519 eum
224 3456 349 3526 abtleta
371 3460 499 3537 petitum
520 3458 599 3520 dono
623 3461 756 3536 aceepit,
779 3456 867 3519 Aries
891 3463 993 3518 autem
1016 3457 1212 3519 adsuerihoia
1236 3456 1307 3519 duo·

126 3567 182 3623 tus
205 3559 360 3641 jugulatus
392 3568 455 3632 est,
488 3562 602 3640 pellem
635 3569 737 3624 autem
766 3578 783 3622 a
816 3558 962 3637 cadavere
991 3559 1124 3623 avulsam
1156 3559 1194 3622 de
1223 3580 1308 3625 more

127 3668 244 3747 templo
268 3667 373 3738 allinit,
397 3669 448 3729 ubi
471 3669 555 3746 prius
578 3667 691 3729 multae
715 3663 812 3759 pelles
835 3664 990 3724 bominum
1014 3681 1164 3742 expansae
1180 3667 1307 3738 stabant,

127 3782 189 3851 quo
210 3769 291 3832 laeto
314 3771 485 3833 divinorum
508 3769 631 3831 oraculo
647 3769 762 3830 dietum
785 3774 833 3828 est
848 3767 958 3840 Oetae,
983 3784 1017 3828 se
1033 3775 1105 3830 tune
1121 3772 1308 3843 moriturum,

127 3893 199 3938 eum
212 3876 351 3956 hospites
367 3874 560 3944 advenirent,
585 3874 637 3951 qui
650 3870 762 3936 Arietis
778 3871 890 3950 pellem
908 3871 1070 3935 auferrent.
1103 3873 1170 3946 Quo
1187 3892 1239 3937 rex
1254 3893 1307 3937 au·

75 4033 81 4043 .
127 3981 191 4043 dito
214 3980 354 4043 adhibitis
377 3979 493 4057 templo
517 3976 693 4040 custodibus
716 3978 828 4058 pellem
850 3981 947 4058 ipsam
971 3977 1125 4041 deauravit
1154 3985 1185 4041 et
1218 3995 1307 4041 aenu-

126 4087 277 4147 ratissime
300 4083 453 4146 custodire
477 4082 567 4155 iecit,
598 4083 703 4162 sieque
734 4101 832 4163 usque
865 4081 905 4145 ad
927 4083 1090 4146 adveutum
1113 4081 1233 4144 Jasonis
1257 4100 1306 4144 res

126 4191 228 4263 stetit,
253 4190 305 4267 qui
327 4186 441 4273 pellem
463 4186 541 4248 tulit.
586 4184 679 4249 Porro
702 4193 787 4268 rapta
808 4187 889 4268 pelle
912 4205 969 4268 per
989 4187 1167 4266 longissima
1187 4187 1306 4259 itinera,
