<?xml version="1.0" encoding="UTF-8"?>
<!DOCTYPE html PUBLIC "-//W3C//DTD XHTML 1.0 Transitional//EN"
    "http://www.w3.org/TR/xhtml1/DTD/xhtml1-transitional.dtd">
<html xmlns="http://www.w3.org/1999/xhtml" xml:lang="en" lang="en">
 <head>
  <title>
</title>
<meta http-equiv="Content-Type" content="text/html;charset=utf-8" />
  <meta name='ocr-system' content='tesseract 3.04.00' />
  <meta name='ocr-capabilities' content='ocr_page ocr_carea ocr_par ocr_line ocrx_word'/>
</head>
<body>
  <div class='ocr_page' id='page_1' title='image "./fratrisfelicisf00fabrgoog_0343.png"; bbox 0 0 2902 4710; ppageno 0'>
   <div class='ocr_carea' id='block_1_1' title="bbox 718 117 781 185">
    <p class='ocr_par' dir='ltr' id='par_1_1' title="bbox 718 117 781 185">
     <span class='ocr_line' id='line_1_1' title="bbox 718 117 781 185; baseline 0.016 -1"><span class='ocrx_word' id='word_1_1' title='bbox 718 117 781 185; x_wconf 77' lang='lat'><strong>340</strong></span> 
     </span>
    </p>
   </div>
   <div class='ocr_carea' id='block_1_2' title="bbox 160 290 1354 2769">
    <p class='ocr_par' dir='ltr' id='par_1_2' title="bbox 162 290 1354 1415">
     <span class='ocr_line' id='line_1_2' title="bbox 163 290 1341 375; baseline -0.008 -13"><span class='ocrx_word' id='word_1_2' title='bbox 163 300 280 362; x_wconf 87' lang='lat' dir='ltr'><strong>solutus</strong></span> <span class='ocrx_word' id='word_1_3' title='bbox 303 301 350 358; x_wconf 90' lang='lat' dir='ltr'><strong>est</strong></span> <span class='ocrx_word' id='word_1_4' title='bbox 373 295 504 375; x_wconf 79' lang='lat' dir='ltr'><strong>Cyclops</strong></span> <span class='ocrx_word' id='word_1_5' title='bbox 527 295 558 356; x_wconf 87' lang='lat' dir='ltr'><strong>in</strong></span> <span class='ocrx_word' id='word_1_6' title='bbox 580 310 738 364; x_wconf 88' lang='lat' dir='ltr'><strong>somnum,</strong></span> <span class='ocrx_word' id='word_1_7' title='bbox 762 290 887 371; x_wconf 82' lang='lat' dir='ltr'><strong>Ulysses</strong></span> <span class='ocrx_word' id='word_1_8' title='bbox 904 296 1007 353; x_wconf 88' lang='lat' dir='ltr'><strong>autem</strong></span> <span class='ocrx_word' id='word_1_9' title='bbox 1030 296 1155 370; x_wconf 91' lang='lat' dir='ltr'><strong>accepto</strong></span> <span class='ocrx_word' id='word_1_10' title='bbox 1179 290 1280 368; x_wconf 75' lang='lat' dir='ltr'><strong>stipite</strong></span> <span class='ocrx_word' id='word_1_11' title='bbox 1303 308 1341 352; x_wconf 92' lang='lat' dir='ltr'><strong>ec</strong></span> 
     </span>
     <span class='ocr_line' id='line_1_3' title="bbox 163 390 1341 482; baseline -0.008 -18"><span class='ocrx_word' id='word_1_12' title='bbox 163 405 233 482; x_wconf 86' lang='lat' dir='ltr'><strong>igne</strong></span> <span class='ocrx_word' id='word_1_13' title='bbox 256 406 399 481; x_wconf 87' lang='lat' dir='ltr'><strong>praeusto</strong></span> <span class='ocrx_word' id='word_1_14' title='bbox 421 402 579 460; x_wconf 88' lang='lat' dir='ltr'><strong>incensum</strong></span> <span class='ocrx_word' id='word_1_15' title='bbox 602 400 632 458; x_wconf 94' lang='lat' dir='ltr'><strong>in</strong></span> <span class='ocrx_word' id='word_1_16' title='bbox 655 396 777 458; x_wconf 89' lang='lat' dir='ltr'><strong>oculum</strong></span> <span class='ocrx_word' id='word_1_17' title='bbox 794 395 934 476; x_wconf 86' lang='lat' dir='ltr'><strong>Cyclopis</strong></span> <span class='ocrx_word' id='word_1_18' title='bbox 957 396 1018 456; x_wconf 91' lang='lat' dir='ltr'><strong>acri</strong></span> <span class='ocrx_word' id='word_1_19' title='bbox 1041 396 1110 456; x_wconf 84' lang='lat' dir='ltr'><strong>nixu</strong></span> <span class='ocrx_word' id='word_1_20' title='bbox 1133 395 1268 474; x_wconf 86' lang='lat' dir='ltr'><strong>impegit,</strong></span> <span class='ocrx_word' id='word_1_21' title='bbox 1290 390 1341 470; x_wconf 90' lang='lat' dir='ltr'><strong>ju·</strong></span> 
     </span>
     <span class='ocr_line' id='line_1_4' title="bbox 162 487 1340 579; baseline -0.011 -8"><span class='ocrx_word' id='word_1_22' title='bbox 162 509 301 572; x_wconf 75' lang='lat' dir='ltr'><strong>vantibus</strong></span> <span class='ocrx_word' id='word_1_23' title='bbox 334 523 404 566; x_wconf 87' lang='lat' dir='ltr'><strong>aum</strong></span> <span class='ocrx_word' id='word_1_24' title='bbox 430 504 539 574; x_wconf 88' lang='lat' dir='ltr'><strong>sociis,</strong></span> <span class='ocrx_word' id='word_1_25' title='bbox 573 519 631 562; x_wconf 87' lang='lat' dir='ltr'><strong>nec</strong></span> <span class='ocrx_word' id='word_1_26' title='bbox 664 519 734 562; x_wconf 91' lang='lat' dir='ltr'><strong>eum</strong></span> <span class='ocrx_word' id='word_1_27' title='bbox 767 499 908 561; x_wconf 86' lang='lat' dir='ltr'><strong>occidere</strong></span> <span class='ocrx_word' id='word_1_28' title='bbox 938 506 1078 579; x_wconf 88' lang='lat' dir='ltr'><strong>poterant</strong></span> <span class='ocrx_word' id='word_1_29' title='bbox 1108 499 1211 560; x_wconf 85' lang='lat' dir='ltr'><strong>clauso</strong></span> <span class='ocrx_word' id='word_1_30' title='bbox 1244 487 1340 560; x_wconf 81' lang='lat' dir='ltr'><strong>antro.</strong></span> 
     </span>
     <span class='ocr_line' id='line_1_5' title="bbox 164 605 1354 692; baseline -0.008 -20"><span class='ocrx_word' id='word_1_31' title='bbox 164 612 294 692; x_wconf 77' lang='lat' dir='ltr'><strong>Cyclops</strong></span> <span class='ocrx_word' id='word_1_32' title='bbox 318 607 545 688; x_wconf 81' lang='lat' dir='ltr'><strong>expergefactus</strong></span> <span class='ocrx_word' id='word_1_33' title='bbox 567 607 682 685; x_wconf 81' lang='lat' dir='ltr'><strong>ingenti</strong></span> <span class='ocrx_word' id='word_1_34' title='bbox 705 606 837 666; x_wconf 88' lang='lat' dir='ltr'><strong>clamore</strong></span> <span class='ocrx_word' id='word_1_35' title='bbox 860 606 960 666; x_wconf 85' lang='lat' dir='ltr'><strong>socios</strong></span> <span class='ocrx_word' id='word_1_36' title='bbox 983 611 1068 666; x_wconf 89' lang='lat' dir='ltr'><strong>antro</strong></span> <span class='ocrx_word' id='word_1_37' title='bbox 1093 605 1278 684; x_wconf 90' lang='lat' dir='ltr'><strong>propinquos</strong></span> <span class='ocrx_word' id='word_1_38' title='bbox 1294 605 1354 664; x_wconf 90' lang='lat' dir='ltr'><strong>in·-</strong></span> 
     </span>
     <span class='ocr_line' id='line_1_6' title="bbox 163 707 1349 791; baseline -0.008 -12"><span class='ocrx_word' id='word_1_39' title='bbox 163 717 280 779; x_wconf 90' lang='lat' dir='ltr'><strong>vocavit</strong></span> <span class='ocrx_word' id='word_1_40' title='bbox 302 712 475 791; x_wconf 90' lang='lat' dir='ltr'><strong>adjutores,</strong></span> <span class='ocrx_word' id='word_1_41' title='bbox 510 711 562 788; x_wconf 92' lang='lat' dir='ltr'><strong>qui</strong></span> <span class='ocrx_word' id='word_1_42' title='bbox 591 711 750 772; x_wconf 86' lang='lat' dir='ltr'><strong>venientes</strong></span> <span class='ocrx_word' id='word_1_43' title='bbox 782 711 866 772; x_wconf 87' lang='lat' dir='ltr'><strong>circa</strong></span> <span class='ocrx_word' id='word_1_44' title='bbox 894 716 1012 771; x_wconf 89' lang='lat' dir='ltr'><strong>antrum</strong></span> <span class='ocrx_word' id='word_1_45' title='bbox 1042 707 1241 770; x_wconf 80' lang='lat' dir='ltr'><strong>aestimabant</strong></span> <span class='ocrx_word' id='word_1_46' title='bbox 1270 725 1349 776; x_wconf 85' lang='lat' dir='ltr'><strong>eum</strong></span> 
     </span>
     <span class='ocr_line' id='line_1_7' title="bbox 164 815 1341 896; baseline -0.005 -15"><span class='ocrx_word' id='word_1_47' title='bbox 164 818 292 881; x_wconf 91' lang='lat' dir='ltr'><strong>naturali</strong></span> <span class='ocrx_word' id='word_1_48' title='bbox 316 815 503 896; x_wconf 80' lang='lat' dir='ltr'><strong>aegritudine</strong></span> <span class='ocrx_word' id='word_1_49' title='bbox 527 823 681 896; x_wconf 88' lang='lat' dir='ltr'><strong>gravatum</strong></span> <span class='ocrx_word' id='word_1_50' title='bbox 705 815 757 895; x_wconf 84' lang='lat' dir='ltr'><strong>[et]</strong></span> <span class='ocrx_word' id='word_1_51' title='bbox 782 816 929 886; x_wconf 86' lang='lat' dir='ltr'><strong>abierunt.</strong></span> <span class='ocrx_word' id='word_1_52' title='bbox 965 816 1095 896; x_wconf 76' lang='lat' dir='ltr'><strong>Cyclops</strong></span> <span class='ocrx_word' id='word_1_53' title='bbox 1119 822 1223 878; x_wconf 87' lang='lat' dir='ltr'><strong>autem</strong></span> <span class='ocrx_word' id='word_1_54' title='bbox 1244 817 1341 877; x_wconf 87' lang='lat' dir='ltr'><strong>tristis</strong></span> 
     </span>
     <span class='ocr_line' id='line_1_8' title="bbox 165 919 1341 1000; baseline -0.003 -16"><span class='ocrx_word' id='word_1_55' title='bbox 165 939 279 985; x_wconf 89' lang='lat' dir='ltr'><strong>coecus</strong></span> <span class='ocrx_word' id='word_1_56' title='bbox 310 922 422 983; x_wconf 89' lang='lat' dir='ltr'><strong>amovit</strong></span> <span class='ocrx_word' id='word_1_57' title='bbox 450 919 583 999; x_wconf 87' lang='lat' dir='ltr'><strong>lapidem</strong></span> <span class='ocrx_word' id='word_1_58' title='bbox 608 926 639 981; x_wconf 91' lang='lat' dir='ltr'><strong>et</strong></span> <span class='ocrx_word' id='word_1_59' title='bbox 671 934 783 1000; x_wconf 79' lang='lat' dir='ltr'><strong>greges</strong></span> <span class='ocrx_word' id='word_1_60' title='bbox 810 919 849 981; x_wconf 87' lang='lat' dir='ltr'><strong>ad</strong></span> <span class='ocrx_word' id='word_1_61' title='bbox 878 938 989 999; x_wconf 90' lang='lat' dir='ltr'><strong>pascua</strong></span> <span class='ocrx_word' id='word_1_62' title='bbox 1021 921 1205 992; x_wconf 82' lang='lat' dir='ltr'><strong>numeravit,</strong></span> <span class='ocrx_word' id='word_1_63' title='bbox 1236 920 1341 997; x_wconf 90' lang='lat' dir='ltr'><strong>singu-</strong></span> 
     </span>
     <span class='ocr_line' id='line_1_9' title="bbox 162 1022 1342 1103; baseline -0.005 -14"><span class='ocrx_word' id='word_1_64' title='bbox 162 1028 208 1089; x_wconf 90' lang='lat' dir='ltr'><strong>los</strong></span> <span class='ocrx_word' id='word_1_65' title='bbox 241 1044 314 1089; x_wconf 91' lang='lat' dir='ltr'><strong>oves</strong></span> <span class='ocrx_word' id='word_1_66' title='bbox 344 1033 375 1087; x_wconf 90' lang='lat' dir='ltr'><strong>et</strong></span> <span class='ocrx_word' id='word_1_67' title='bbox 404 1024 499 1087; x_wconf 88' lang='lat' dir='ltr'><strong>bores</strong></span> <span class='ocrx_word' id='word_1_68' title='bbox 529 1030 611 1085; x_wconf 87' lang='lat' dir='ltr'><strong>stans</strong></span> <span class='ocrx_word' id='word_1_69' title='bbox 643 1022 681 1085; x_wconf 93' lang='lat' dir='ltr'><strong>ad</strong></span> <span class='ocrx_word' id='word_1_70' title='bbox 713 1025 824 1086; x_wconf 89' lang='lat' dir='ltr'><strong>ostium</strong></span> <span class='ocrx_word' id='word_1_71' title='bbox 858 1040 948 1087; x_wconf 89' lang='lat' dir='ltr'><strong>manu</strong></span> <span class='ocrx_word' id='word_1_72' title='bbox 981 1026 1093 1103; x_wconf 89' lang='lat' dir='ltr'><strong>tetigit,</strong></span> <span class='ocrx_word' id='word_1_73' title='bbox 1126 1041 1166 1086; x_wconf 90' lang='lat' dir='ltr'><strong>ne</strong></span> <span class='ocrx_word' id='word_1_74' title='bbox 1198 1022 1242 1083; x_wconf 92' lang='lat' dir='ltr'><strong>illi</strong></span> <span class='ocrx_word' id='word_1_75' title='bbox 1270 1040 1342 1084; x_wconf 93' lang='lat' dir='ltr'><strong>cum</strong></span> 
     </span>
     <span class='ocr_line' id='line_1_10' title="bbox 162 1122 1342 1213; baseline -0.006 -20"><span class='ocrx_word' id='word_1_76' title='bbox 162 1133 268 1194; x_wconf 90' lang='lat' dir='ltr'><strong>bestiis</strong></span> <span class='ocrx_word' id='word_1_77' title='bbox 292 1129 469 1208; x_wconf 79' lang='lat' dir='ltr'><strong>effugerent.</strong></span> <span class='ocrx_word' id='word_1_78' title='bbox 500 1126 626 1208; x_wconf 85' lang='lat' dir='ltr'><strong>Ulysses</strong></span> <span class='ocrx_word' id='word_1_79' title='bbox 650 1134 754 1198; x_wconf 85' lang='lat' dir='ltr'><strong>autem</strong></span> <span class='ocrx_word' id='word_1_80' title='bbox 778 1146 847 1189; x_wconf 92' lang='lat' dir='ltr'><strong>cum</strong></span> <span class='ocrx_word' id='word_1_81' title='bbox 869 1130 961 1190; x_wconf 90' lang='lat' dir='ltr'><strong>sociis</strong></span> <span class='ocrx_word' id='word_1_82' title='bbox 983 1122 1342 1213; x_wconf 82' lang='lat' dir='ltr'><strong>occisorum&#39;(pecorum)</strong></span> 
     </span>
     <span class='ocr_line' id='line_1_11' title="bbox 163 1232 1342 1315; baseline -0.005 -18"><span class='ocrx_word' id='word_1_83' title='bbox 163 1234 292 1315; x_wconf 89' lang='lat' dir='ltr'><strong>pellibus</strong></span> <span class='ocrx_word' id='word_1_84' title='bbox 315 1250 349 1293; x_wconf 91' lang='lat' dir='ltr'><strong>se</strong></span> <span class='ocrx_word' id='word_1_85' title='bbox 373 1239 573 1311; x_wconf 89' lang='lat' dir='ltr'><strong>contegerunt</strong></span> <span class='ocrx_word' id='word_1_86' title='bbox 595 1239 627 1295; x_wconf 89' lang='lat' dir='ltr'><strong>et</strong></span> <span class='ocrx_word' id='word_1_87' title='bbox 652 1251 737 1294; x_wconf 88' lang='lat' dir='ltr'><strong>more</strong></span> <span class='ocrx_word' id='word_1_88' title='bbox 752 1235 918 1296; x_wconf 87' lang='lat' dir='ltr'><strong>bestiarum</strong></span> <span class='ocrx_word' id='word_1_89' title='bbox 935 1232 1146 1314; x_wconf 83' lang='lat' dir='ltr'><strong>quadrupedes</strong></span> <span class='ocrx_word' id='word_1_90' title='bbox 1163 1250 1233 1293; x_wconf 91' lang='lat' dir='ltr'><strong>cum</strong></span> <span class='ocrx_word' id='word_1_91' title='bbox 1248 1247 1342 1312; x_wconf 81' lang='lat' dir='ltr'><strong>grege</strong></span> 
     </span>
     <span class='ocr_line' id='line_1_12' title="bbox 164 1323 1111 1415; baseline -0.004 -15"><span class='ocrx_word' id='word_1_92' title='bbox 164 1340 304 1400; x_wconf 83' lang='lat' dir='ltr'><strong>exierunt</strong></span> <span class='ocrx_word' id='word_1_93' title='bbox 326 1336 432 1415; x_wconf 86' lang='lat' dir='ltr'><strong>sicque</strong></span> <span class='ocrx_word' id='word_1_94' title='bbox 456 1344 626 1398; x_wconf 88' lang='lat' dir='ltr'><strong>evaserunt.</strong></span> <span class='ocrx_word' id='word_1_95' title='bbox 1109 1323 1111 1329; x_wconf 71' lang='grc'><strong>’</strong></span> 
     </span>
    </p>

    <p class='ocr_par' dir='ltr' id='par_1_3' title="bbox 160 1421 1343 2769">
     <span class='ocr_line' id='line_1_13' title="bbox 252 1421 1342 1522; baseline 0.001 -20"><span class='ocrx_word' id='word_1_96' title='bbox 252 1441 364 1503; x_wconf 86' lang='lat' dir='ltr'><strong>Contra</strong></span> <span class='ocrx_word' id='word_1_97' title='bbox 386 1440 442 1500; x_wconf 90' lang='lat' dir='ltr'><strong>hos</strong></span> <span class='ocrx_word' id='word_1_98' title='bbox 467 1439 615 1521; x_wconf 76' lang='lat' dir='ltr'><strong>Cyclopes</strong></span> <span class='ocrx_word' id='word_1_99' title='bbox 638 1443 732 1504; x_wconf 92' lang='lat' dir='ltr'><strong>movit</strong></span> <span class='ocrx_word' id='word_1_100' title='bbox 755 1440 873 1520; x_wconf 84' lang='lat' dir='ltr'><strong>Jupiter</strong></span> <span class='ocrx_word' id='word_1_101' title='bbox 894 1441 1043 1522; x_wconf 90' lang='lat' dir='ltr'><strong>proelium</strong></span> <span class='ocrx_word' id='word_1_102' title='bbox 1073 1448 1104 1503; x_wconf 90' lang='lat' dir='ltr'><strong>et</strong></span> <span class='ocrx_word' id='word_1_103' title='bbox 1128 1421 1231 1522; x_wconf 86' lang='lat' dir='ltr'><strong>captos</strong></span> <span class='ocrx_word' id='word_1_104' title='bbox 1253 1459 1342 1503; x_wconf 92' lang='lat' dir='ltr'><strong>mon-</strong></span> 
     </span>
     <span class='ocr_line' id='line_1_14' title="bbox 162 1543 1342 1625; baseline -0.003 -16"><span class='ocrx_word' id='word_1_105' title='bbox 162 1548 241 1609; x_wconf 86' lang='lat' dir='ltr'><strong>tibus</strong></span> <span class='ocrx_word' id='word_1_106' title='bbox 264 1545 400 1612; x_wconf 83' lang='lat' dir='ltr'><strong>inclusit,</strong></span> <span class='ocrx_word' id='word_1_107' title='bbox 424 1562 529 1606; x_wconf 89' lang='lat' dir='ltr'><strong>servos</strong></span> <span class='ocrx_word' id='word_1_108' title='bbox 552 1544 687 1606; x_wconf 86' lang='lat' dir='ltr'><strong>Vulcano</strong></span> <span class='ocrx_word' id='word_1_109' title='bbox 710 1543 793 1607; x_wconf 84' lang='lat' dir='ltr'><strong>lovis</strong></span> <span class='ocrx_word' id='word_1_110' title='bbox 816 1544 899 1607; x_wconf 84' lang='lat' dir='ltr'><strong>labro</strong></span> <span class='ocrx_word' id='word_1_111' title='bbox 921 1549 1005 1625; x_wconf 88' lang='lat' dir='ltr'><strong>ipsos</strong></span> <span class='ocrx_word' id='word_1_112' title='bbox 1028 1546 1151 1625; x_wconf 81' lang='lat' dir='ltr'><strong>iaciens.</strong></span> <span class='ocrx_word' id='word_1_113' title='bbox 1188 1546 1342 1608; x_wconf 88' lang='lat' dir='ltr'><strong>Vulcanus</strong></span> 
     </span>
     <span class='ocr_line' id='line_1_15' title="bbox 164 1632 1342 1728; baseline 0 -17"><span class='ocrx_word' id='word_1_114' title='bbox 164 1652 244 1713; x_wconf 86' lang='lat' dir='ltr'><strong>enim</strong></span> <span class='ocrx_word' id='word_1_115' title='bbox 268 1632 305 1712; x_wconf 81' lang='lat' dir='ltr'><strong>ad</strong></span> <span class='ocrx_word' id='word_1_116' title='bbox 326 1650 487 1728; x_wconf 89' lang='lat' dir='ltr'><strong>imperium</strong></span> <span class='ocrx_word' id='word_1_117' title='bbox 509 1646 592 1709; x_wconf 91' lang='lat' dir='ltr'><strong>Jovis</strong></span> <span class='ocrx_word' id='word_1_118' title='bbox 614 1647 741 1710; x_wconf 83' lang='lat' dir='ltr'><strong>fulmina</strong></span> <span class='ocrx_word' id='word_1_119' title='bbox 763 1648 888 1712; x_wconf 79' lang='lat' dir='ltr'><strong>fabricat</strong></span> <span class='ocrx_word' id='word_1_120' title='bbox 911 1652 941 1711; x_wconf 90' lang='lat' dir='ltr'><strong>in</strong></span> <span class='ocrx_word' id='word_1_121' title='bbox 965 1651 1012 1712; x_wconf 81' lang='lat' dir='ltr'><strong>his</strong></span> <span class='ocrx_word' id='word_1_122' title='bbox 1035 1650 1208 1713; x_wconf 87' lang='lat' dir='ltr'><strong>Trinacriae</strong></span> <span class='ocrx_word' id='word_1_123' title='bbox 1231 1652 1342 1712; x_wconf 92' lang='lat' dir='ltr'><strong>monti·</strong></span> 
     </span>
     <span class='ocr_line' id='line_1_16' title="bbox 160 1752 1343 1839; baseline -0.002 -22"><span class='ocrx_word' id='word_1_124' title='bbox 160 1756 218 1817; x_wconf 91' lang='lat' dir='ltr'><strong>hus</strong></span> <span class='ocrx_word' id='word_1_125' title='bbox 240 1754 390 1832; x_wconf 88' lang='lat' dir='ltr'><strong>adjutorio</strong></span> <span class='ocrx_word' id='word_1_126' title='bbox 414 1752 588 1833; x_wconf 77' lang='lat' dir='ltr'><strong>Cyclopum.</strong></span> <span class='ocrx_word' id='word_1_127' title='bbox 635 1753 680 1815; x_wconf 86' lang='lat' dir='ltr'><strong>De</strong></span> <span class='ocrx_word' id='word_1_128' title='bbox 703 1753 815 1815; x_wconf 81' lang='lat' dir='ltr'><strong>fabrica</strong></span> <span class='ocrx_word' id='word_1_129' title='bbox 838 1771 910 1834; x_wconf 88' lang='lat' dir='ltr'><strong>ergo</strong></span> <span class='ocrx_word' id='word_1_130' title='bbox 936 1755 1105 1836; x_wconf 83' lang='lat' dir='ltr'><strong>Cyclopum</strong></span> <span class='ocrx_word' id='word_1_131' title='bbox 1127 1754 1269 1839; x_wconf 89' lang='lat' dir='ltr'><strong>incendia</strong></span> <span class='ocrx_word' id='word_1_132' title='bbox 1290 1754 1343 1815; x_wconf 91' lang='lat' dir='ltr'><strong>illa</strong></span> 
     </span>
     <span class='ocr_line' id='line_1_17' title="bbox 164 1855 1340 1938; baseline -0.002 -16"><span class='ocrx_word' id='word_1_133' title='bbox 164 1880 201 1922; x_wconf 84' lang='lat' dir='ltr'><strong>cx</strong></span> <span class='ocrx_word' id='word_1_134' title='bbox 224 1865 327 1919; x_wconf 89' lang='lat' dir='ltr'><strong>monte</strong></span> <span class='ocrx_word' id='word_1_135' title='bbox 349 1855 446 1918; x_wconf 78' lang='lat' dir='ltr'><strong>Aetna</strong></span> <span class='ocrx_word' id='word_1_136' title='bbox 475 1858 596 1934; x_wconf 88' lang='lat' dir='ltr'><strong>spirare</strong></span> <span class='ocrx_word' id='word_1_137' title='bbox 620 1858 759 1919; x_wconf 89' lang='lat' dir='ltr'><strong>dicebant</strong></span> <span class='ocrx_word' id='word_1_138' title='bbox 782 1860 909 1937; x_wconf 60' lang='lat' dir='ltr'><strong>antiqui?</strong></span> <span class='ocrx_word' id='word_1_139' title='bbox 952 1858 1075 1920; x_wconf 87' lang='lat' dir='ltr'><strong>illorum</strong></span> <span class='ocrx_word' id='word_1_140' title='bbox 1098 1859 1264 1938; x_wconf 80' lang='lat' dir='ltr'><strong>Cyclqpum</strong></span> <span class='ocrx_word' id='word_1_141' title='bbox 1286 1859 1340 1920; x_wconf 93' lang='lat' dir='ltr'><strong>ha·</strong></span> 
     </span>
     <span class='ocr_line' id='line_1_18' title="bbox 162 1961 1341 2042; baseline -0.003 -18"><span class='ocrx_word' id='word_1_142' title='bbox 162 1964 324 2025; x_wconf 89' lang='lat' dir='ltr'><strong>bitatioues</strong></span> <span class='ocrx_word' id='word_1_143' title='bbox 348 1967 416 2022; x_wconf 87' lang='lat' dir='ltr'><strong>ante</strong></span> <span class='ocrx_word' id='word_1_144' title='bbox 441 1978 546 2023; x_wconf 89' lang='lat' dir='ltr'><strong>eorum</strong></span> <span class='ocrx_word' id='word_1_145' title='bbox 565 1961 769 2022; x_wconf 86' lang='lat' dir='ltr'><strong>‘inclusionem</strong></span> <span class='ocrx_word' id='word_1_146' title='bbox 795 1962 898 2024; x_wconf 87' lang='lat' dir='ltr'><strong>adhuc</strong></span> <span class='ocrx_word' id='word_1_147' title='bbox 932 1965 962 2024; x_wconf 89' lang='lat' dir='ltr'><strong>in</strong></span> <span class='ocrx_word' id='word_1_148' title='bbox 993 1964 1144 2024; x_wconf 91' lang='lat' dir='ltr'><strong>montibus</strong></span> <span class='ocrx_word' id='word_1_149' title='bbox 1174 1969 1280 2042; x_wconf 83' lang='lat' dir='ltr'><strong>patent</strong></span> <span class='ocrx_word' id='word_1_150' title='bbox 1309 1965 1341 2023; x_wconf 92' lang='lat' dir='ltr'><strong>in</strong></span> 
     </span>
     <span class='ocr_line' id='line_1_19' title="bbox 163 2054 1342 2147; baseline -0.002 -19"><span class='ocrx_word' id='word_1_151' title='bbox 163 2067 300 2128; x_wconf 86' lang='lat' dir='ltr'><strong>maximis</strong></span> <span class='ocrx_word' id='word_1_152' title='bbox 335 2071 366 2126; x_wconf 88' lang='lat' dir='ltr'><strong>et</strong></span> <span class='ocrx_word' id='word_1_153' title='bbox 394 2065 507 2145; x_wconf 87' lang='lat' dir='ltr'><strong>amplis·</strong></span> <span class='ocrx_word' id='word_1_154' title='bbox 530 2066 665 2126; x_wconf 86' lang='lat' dir='ltr'><strong>cavernis</strong></span> <span class='ocrx_word' id='word_1_155' title='bbox 691 2054 721 2127; x_wconf 84' lang='lat' dir='ltr'><strong>et</strong></span> <span class='ocrx_word' id='word_1_156' title='bbox 751 2066 954 2140; x_wconf 78' lang='lat' dir='ltr'><strong>subterraneis</strong></span> <span class='ocrx_word' id='word_1_157' title='bbox 988 2066 1073 2128; x_wconf 90' lang='lat' dir='ltr'><strong>locis.</strong></span> <span class='ocrx_word' id='word_1_158' title='bbox 1119 2066 1246 2147; x_wconf 88' lang='lat' dir='ltr'><strong>lusuper</strong></span> <span class='ocrx_word' id='word_1_159' title='bbox 1273 2068 1342 2145; x_wconf 88' lang='lat' dir='ltr'><strong>ipse</strong></span> 
     </span>
     <span class='ocr_line' id='line_1_20' title="bbox 163 2168 1341 2262; baseline -0.003 -28"><span class='ocrx_word' id='word_1_160' title='bbox 163 2191 252 2234; x_wconf 91' lang='lat' dir='ltr'><strong>mons</strong></span> <span class='ocrx_word' id='word_1_161' title='bbox 286 2187 433 2250; x_wconf 91' lang='lat' dir='ltr'><strong>persaepe</strong></span> <span class='ocrx_word' id='word_1_162' title='bbox 466 2175 605 2256; x_wconf 88' lang='lat' dir='ltr'><strong>movetur</strong></span> <span class='ocrx_word' id='word_1_163' title='bbox 640 2175 671 2229; x_wconf 89' lang='lat' dir='ltr'><strong>et</strong></span> <span class='ocrx_word' id='word_1_164' title='bbox 705 2172 845 2248; x_wconf 88' lang='lat' dir='ltr'><strong>agitatur.</strong></span> <span class='ocrx_word' id='word_1_165' title='bbox 866 2177 897 2262; x_wconf 78' lang='lat' dir='ltr'><strong>et</strong></span> <span class='ocrx_word' id='word_1_166' title='bbox 927 2178 1000 2241; x_wconf 81' lang='lat' dir='ltr'><strong>tunc</strong></span> <span class='ocrx_word' id='word_1_167' title='bbox 1033 2172 1162 2232; x_wconf 86' lang='lat' dir='ltr'><strong>maxime</strong></span> <span class='ocrx_word' id='word_1_168' title='bbox 1202 2168 1341 2232; x_wconf 87' lang='lat' dir='ltr'><strong>flammas</strong></span> 
     </span>
     <span class='ocr_line' id='line_1_21' title="bbox 166 2268 1341 2354; baseline -0.003 -18"><span class='ocrx_word' id='word_1_169' title='bbox 166 2276 292 2345; x_wconf 91' lang='lat' dir='ltr'><strong>emittit,</strong></span> <span class='ocrx_word' id='word_1_170' title='bbox 317 2273 398 2354; x_wconf 94' lang='lat' dir='ltr'><strong>quod</strong></span> <span class='ocrx_word' id='word_1_171' title='bbox 419 2273 489 2334; x_wconf 92' lang='lat' dir='ltr'><strong>ideo</strong></span> <span class='ocrx_word' id='word_1_172' title='bbox 513 2278 621 2351; x_wconf 84' lang='lat' dir='ltr'><strong>poetae</strong></span> <span class='ocrx_word' id='word_1_173' title='bbox 636 2268 692 2352; x_wconf 75' lang='lat' dir='ltr'><strong>(la)</strong></span> <span class='ocrx_word' id='word_1_174' title='bbox 718 2273 857 2336; x_wconf 86' lang='lat' dir='ltr'><strong>dicebant</strong></span> <span class='ocrx_word' id='word_1_175' title='bbox 879 2275 961 2346; x_wconf 86' lang='lat' dir='ltr'><strong>heri,</strong></span> <span class='ocrx_word' id='word_1_176' title='bbox 986 2278 1056 2354; x_wconf 90' lang='lat' dir='ltr'><strong>quia</strong></span> <span class='ocrx_word' id='word_1_177' title='bbox 1071 2273 1228 2354; x_wconf 80' lang='lat' dir='ltr'><strong>Typheus‚</strong></span> <span class='ocrx_word' id='word_1_178' title='bbox 1253 2273 1341 2351; x_wconf 89' lang='lat' dir='ltr'><strong>cujus</strong></span> 
     </span>
     <span class='ocr_line' id='line_1_22' title="bbox 163 2376 1340 2464; baseline -0.002 -24"><span class='ocrx_word' id='word_1_179' title='bbox 163 2381 253 2460; x_wconf 88' lang='lat' dir='ltr'><strong>capiti</strong></span> <span class='ocrx_word' id='word_1_180' title='bbox 277 2377 430 2439; x_wconf 89' lang='lat' dir='ltr'><strong>Trinacria</strong></span> <span class='ocrx_word' id='word_1_181' title='bbox 448 2383 517 2438; x_wconf 87' lang='lat' dir='ltr'><strong>crat</strong></span> <span class='ocrx_word' id='word_1_182' title='bbox 539 2378 730 2457; x_wconf 88' lang='lat' dir='ltr'><strong>superposita</strong></span> <span class='ocrx_word' id='word_1_183' title='bbox 767 2377 897 2450; x_wconf 82' lang='lat' dir='ltr'><strong>alors,</strong></span> <span class='ocrx_word' id='word_1_184' title='bbox 931 2396 1082 2459; x_wconf 90' lang='lat' dir='ltr'><strong>quamque</strong></span> <span class='ocrx_word' id='word_1_185' title='bbox 1117 2386 1241 2441; x_wconf 89' lang='lat' dir='ltr'><strong>conatur</strong></span> <span class='ocrx_word' id='word_1_186' title='bbox 1263 2376 1340 2464; x_wconf 90' lang='lat' dir='ltr'><strong>abji-</strong></span> 
     </span>
     <span class='ocr_line' id='line_1_23' title="bbox 163 2472 1340 2562; baseline -0.001 -19"><span class='ocrx_word' id='word_1_187' title='bbox 163 2500 249 2552; x_wconf 91' lang='lat' dir='ltr'><strong>cere,</strong></span> <span class='ocrx_word' id='word_1_188' title='bbox 274 2489 305 2543; x_wconf 91' lang='lat' dir='ltr'><strong>et</strong></span> <span class='ocrx_word' id='word_1_189' title='bbox 327 2488 398 2544; x_wconf 92' lang='lat' dir='ltr'><strong>tunc</strong></span> <span class='ocrx_word' id='word_1_190' title='bbox 420 2482 524 2542; x_wconf 89' lang='lat' dir='ltr'><strong>tremit</strong></span> <span class='ocrx_word' id='word_1_191' title='bbox 547 2487 577 2540; x_wconf 91' lang='lat' dir='ltr'><strong>et</strong></span> <span class='ocrx_word' id='word_1_192' title='bbox 600 2487 739 2540; x_wconf 88' lang='lat' dir='ltr'><strong>movetur</strong></span> <span class='ocrx_word' id='word_1_193' title='bbox 762 2499 863 2553; x_wconf 91' lang='lat' dir='ltr'><strong>mous,</strong></span> <span class='ocrx_word' id='word_1_194' title='bbox 888 2487 918 2542; x_wconf 92' lang='lat' dir='ltr'><strong>et</strong></span> <span class='ocrx_word' id='word_1_195' title='bbox 941 2483 1123 2562; x_wconf 87' lang='lat' dir='ltr'><strong>quandoque</strong></span> <span class='ocrx_word' id='word_1_196' title='bbox 1144 2472 1340 2552; x_wconf 69' lang='lat' dir='ltr'><strong>tolainsula}</strong></span> 
     </span>
     <span class='ocr_line' id='line_1_24' title="bbox 164 2583 1342 2673; baseline -0.002 -27"><span class='ocrx_word' id='word_1_197' title='bbox 164 2586 218 2647; x_wconf 91' lang='lat' dir='ltr'><strong>sed</strong></span> <span class='ocrx_word' id='word_1_198' title='bbox 242 2585 361 2665; x_wconf 87' lang='lat' dir='ltr'><strong>quaudo</strong></span> <span class='ocrx_word' id='word_1_199' title='bbox 384 2586 482 2646; x_wconf 88' lang='lat' dir='ltr'><strong>lassus</strong></span> <span class='ocrx_word' id='word_1_200' title='bbox 506 2589 537 2644; x_wconf 89' lang='lat' dir='ltr'><strong>et</strong></span> <span class='ocrx_word' id='word_1_201' title='bbox 558 2583 739 2646; x_wconf 86' lang='lat' dir='ltr'><strong>attaediatus</strong></span> <span class='ocrx_word' id='word_1_202' title='bbox 763 2585 819 2646; x_wconf 87' lang='lat' dir='ltr'><strong>sub</strong></span> <span class='ocrx_word' id='word_1_203' title='bbox 843 2602 935 2647; x_wconf 87' lang='lat' dir='ltr'><strong>onere</strong></span> <span class='ocrx_word' id='word_1_204' title='bbox 952 2588 1091 2666; x_wconf 90' lang='lat' dir='ltr'><strong>suspirat,</strong></span> <span class='ocrx_word' id='word_1_205' title='bbox 1110 2593 1187 2673; x_wconf 83' lang='lat' dir='ltr'><strong>¹tuuc</strong></span> <span class='ocrx_word' id='word_1_206' title='bbox 1202 2584 1342 2646; x_wconf 89' lang='lat' dir='ltr'><strong>llammas</strong></span> 
     </span>
     <span class='ocr_line' id='line_1_25' title="bbox 163 2687 1343 2769; baseline 0.002 -20"><span class='ocrx_word' id='word_1_207' title='bbox 163 2695 293 2761; x_wconf 88' lang='lat' dir='ltr'><strong>eructat,</strong></span> <span class='ocrx_word' id='word_1_208' title='bbox 317 2706 393 2767; x_wconf 92' lang='lat' dir='ltr'><strong>quae</strong></span> <span class='ocrx_word' id='word_1_209' title='bbox 408 2706 464 2769; x_wconf 81' lang='lat' dir='ltr'><strong>per</strong></span> <span class='ocrx_word' id='word_1_210' title='bbox 479 2687 578 2748; x_wconf 89' lang='lat' dir='ltr'><strong>hiatus</strong></span> <span class='ocrx_word' id='word_1_211' title='bbox 593 2690 705 2749; x_wconf 89' lang='lat' dir='ltr'><strong>montis</strong></span> <span class='ocrx_word' id='word_1_212' title='bbox 719 2687 835 2749; x_wconf 79' lang='lat' dir='ltr'><strong>Aetnae</strong></span> <span class='ocrx_word' id='word_1_213' title='bbox 852 2688 1018 2762; x_wconf 84' lang='lat' dir='ltr'><strong>exundant,</strong></span> <span class='ocrx_word' id='word_1_214' title='bbox 1042 2708 1102 2769; x_wconf 91' lang='lat' dir='ltr'><strong>quo</strong></span> <span class='ocrx_word' id='word_1_215' title='bbox 1126 2692 1232 2769; x_wconf 90' lang='lat' dir='ltr'><strong>spiritu</strong></span> <span class='ocrx_word' id='word_1_216' title='bbox 1249 2690 1343 2751; x_wconf 89' lang='lat' dir='ltr'><strong>ctiam</strong></span> 
     </span>
    </p>
   </div>
   <div class='ocr_carea' id='block_1_3' title="bbox 55 2790 1026 2873">
    <p class='ocr_par' dir='ltr' id='par_1_4' title="bbox 55 2790 1026 2873">
     <span class='ocr_line' id='line_1_26' title="bbox 55 2790 1026 2873; baseline -0.004 -15"><span class='ocrx_word' id='word_1_217' title='bbox 55 2869 56 2873; x_wconf 7' lang='grc' dir='ltr'><strong>Ἰ</strong></span> <span class='ocrx_word' id='word_1_218' title='bbox 163 2800 232 2858; x_wconf 77' lang='lat' dir='ltr'><strong>saia</strong></span> <span class='ocrx_word' id='word_1_219' title='bbox 256 2801 420 2856; x_wconf 82' lang='lat' dir='ltr'><strong>clarence</strong></span> <span class='ocrx_word' id='word_1_220' title='bbox 443 2795 478 2855; x_wconf 91' lang='lat' dir='ltr'><strong>ab</strong></span> <span class='ocrx_word' id='word_1_221' title='bbox 501 2792 694 2853; x_wconf 89' lang='lat' dir='ltr'><strong>interioribus</strong></span> <span class='ocrx_word' id='word_1_222' title='bbox 717 2794 832 2853; x_wconf 90' lang='lat' dir='ltr'><strong>montis</strong></span> <span class='ocrx_word' id='word_1_223' title='bbox 856 2790 1026 2871; x_wconf 83' lang='lat' dir='ltr'><strong>ejiciuntur.¹</strong></span> 
     </span>
    </p>
   </div>
   <div class='ocr_carea' id='block_1_4' title="bbox 162 2895 1343 4229">
    <p class='ocr_par' dir='ltr' id='par_1_5' title="bbox 162 2895 1343 4229">
     <span class='ocr_line' id='line_1_27' title="bbox 251 2895 1342 2978; baseline -0.001 -19"><span class='ocrx_word' id='word_1_224' title='bbox 251 2897 313 2959; x_wconf 90' lang='lat' dir='ltr'><strong>Sed</strong></span> <span class='ocrx_word' id='word_1_225' title='bbox 335 2897 486 2958; x_wconf 87' lang='lat' dir='ltr'><strong>naturales</strong></span> <span class='ocrx_word' id='word_1_226' title='bbox 503 2897 613 2957; x_wconf 86' lang='lat' dir='ltr'><strong>melius</strong></span> <span class='ocrx_word' id='word_1_227' title='bbox 636 2895 673 2958; x_wconf 94' lang='lat' dir='ltr'><strong>de</strong></span> <span class='ocrx_word' id='word_1_228' title='bbox 690 2895 736 2959; x_wconf 89' lang='lat' dir='ltr'><strong>his</strong></span> <span class='ocrx_word' id='word_1_229' title='bbox 752 2897 930 2975; x_wconf 90' lang='lat' dir='ltr'><strong>loquuntur,</strong></span> <span class='ocrx_word' id='word_1_230' title='bbox 955 2900 1091 2976; x_wconf 86' lang='lat' dir='ltr'><strong>quamvis</strong></span> <span class='ocrx_word' id='word_1_231' title='bbox 1113 2904 1145 2961; x_wconf 91' lang='lat' dir='ltr'><strong>et</strong></span> <span class='ocrx_word' id='word_1_232' title='bbox 1159 2900 1216 2978; x_wconf 91' lang='lat' dir='ltr'><strong>ipsi</strong></span> <span class='ocrx_word' id='word_1_233' title='bbox 1230 2904 1342 2977; x_wconf 85' lang='lat' dir='ltr'><strong>poetae</strong></span> 
     </span>
     <span class='ocr_line' id='line_1_28' title="bbox 162 3001 1341 3087; baseline -0.003 -22"><span class='ocrx_word' id='word_1_234' title='bbox 162 3006 193 3065; x_wconf 93' lang='lat' dir='ltr'><strong>in</strong></span> <span class='ocrx_word' id='word_1_235' title='bbox 217 3004 279 3064; x_wconf 92' lang='lat' dir='ltr'><strong>suis</strong></span> <span class='ocrx_word' id='word_1_236' title='bbox 302 3001 409 3063; x_wconf 86' lang='lat' dir='ltr'><strong>fabulis</strong></span> <span class='ocrx_word' id='word_1_237' title='bbox 424 3001 521 3072; x_wconf 92' lang='lat' dir='ltr'><strong>idem,</strong></span> <span class='ocrx_word' id='word_1_238' title='bbox 545 3001 626 3080; x_wconf 92' lang='lat' dir='ltr'><strong>quod</strong></span> <span class='ocrx_word' id='word_1_239' title='bbox 641 3002 811 3075; x_wconf 88' lang='lat' dir='ltr'><strong>naturales,</strong></span> <span class='ocrx_word' id='word_1_240' title='bbox 836 3001 980 3078; x_wconf 82' lang='lat' dir='ltr'><strong>dixerint,</strong></span> <span class='ocrx_word' id='word_1_241' title='bbox 1003 3002 1059 3087; x_wconf 88' lang='lat' dir='ltr'><strong>sed</strong></span> <span class='ocrx_word' id='word_1_242' title='bbox 1074 3002 1258 3063; x_wconf 90' lang='lat' dir='ltr'><strong>occultatum</strong></span> <span class='ocrx_word' id='word_1_243' title='bbox 1274 3019 1341 3063; x_wconf 88' lang='lat' dir='ltr'><strong>cor-</strong></span> 
     </span>
     <span class='ocr_line' id='line_1_29' title="bbox 163 3091 1342 3187; baseline -0.002 -18"><span class='ocrx_word' id='word_1_244' title='bbox 163 3107 273 3169; x_wconf 81' lang='lat' dir='ltr'><strong>ticibus</strong></span> <span class='ocrx_word' id='word_1_245' title='bbox 296 3105 471 3168; x_wconf 87' lang='lat' dir='ltr'><strong>fabularum.</strong></span> <span class='ocrx_word' id='word_1_246' title='bbox 502 3091 613 3166; x_wconf 85' lang='lat' dir='ltr'><strong>Dicunt</strong></span> <span class='ocrx_word' id='word_1_247' title='bbox 635 3104 823 3185; x_wconf 90' lang='lat' dir='ltr'><strong>philosophi,</strong></span> <span class='ocrx_word' id='word_1_248' title='bbox 845 3107 927 3187; x_wconf 88' lang='lat' dir='ltr'><strong>quod</strong></span> <span class='ocrx_word' id='word_1_249' title='bbox 950 3113 1070 3167; x_wconf 90' lang='lat' dir='ltr'><strong>montes</strong></span> <span class='ocrx_word' id='word_1_250' title='bbox 1085 3107 1128 3167; x_wconf 89' lang='lat' dir='ltr'><strong>illi</strong></span> <span class='ocrx_word' id='word_1_251' title='bbox 1143 3108 1178 3168; x_wconf 89' lang='lat' dir='ltr'><strong>ab</strong></span> <span class='ocrx_word' id='word_1_252' title='bbox 1194 3123 1229 3168; x_wconf 91' lang='lat' dir='ltr'><strong>ea</strong></span> <span class='ocrx_word' id='word_1_253' title='bbox 1246 3102 1342 3184; x_wconf 85' lang='lat' dir='ltr'><strong>parte,</strong></span> 
     </span>
     <span class='ocr_line' id='line_1_30' title="bbox 163 3207 1342 3290; baseline 0 -18"><span class='ocrx_word' id='word_1_254' title='bbox 163 3229 221 3290; x_wconf 93' lang='lat' dir='ltr'><strong>qua</strong></span> <span class='ocrx_word' id='word_1_255' title='bbox 243 3212 339 3273; x_wconf 87' lang='lat' dir='ltr'><strong>Eurus</strong></span> <span class='ocrx_word' id='word_1_256' title='bbox 361 3209 409 3273; x_wconf 92' lang='lat' dir='ltr'><strong>vel</strong></span> <span class='ocrx_word' id='word_1_257' title='bbox 423 3209 544 3285; x_wconf 76' lang='lat' dir='ltr'><strong>Africus</strong></span> <span class='ocrx_word' id='word_1_258' title='bbox 569 3207 630 3281; x_wconf 85' lang='lat' dir='ltr'><strong>ilat,</strong></span> <span class='ocrx_word' id='word_1_259' title='bbox 653 3210 764 3272; x_wconf 92' lang='lat' dir='ltr'><strong>habent</strong></span> <span class='ocrx_word' id='word_1_260' title='bbox 779 3211 940 3290; x_wconf 88' lang='lat' dir='ltr'><strong>speluncas</strong></span> <span class='ocrx_word' id='word_1_261' title='bbox 964 3212 1068 3290; x_wconf 88' lang='lat' dir='ltr'><strong>plenas</strong></span> <span class='ocrx_word' id='word_1_262' title='bbox 1085 3210 1238 3290; x_wconf 89' lang='lat' dir='ltr'><strong>sulphure,</strong></span> <span class='ocrx_word' id='word_1_263' title='bbox 1262 3229 1342 3290; x_wconf 90' lang='lat' dir='ltr'><strong>quae</strong></span> 
     </span>
     <span class='ocr_line' id='line_1_31' title="bbox 163 3312 1343 3395; baseline -0.003 -17"><span class='ocrx_word' id='word_1_264' title='bbox 163 3333 261 3395; x_wconf 85' lang='lat' dir='ltr'><strong>usque</strong></span> <span class='ocrx_word' id='word_1_265' title='bbox 284 3315 322 3377; x_wconf 92' lang='lat' dir='ltr'><strong>ad</strong></span> <span class='ocrx_word' id='word_1_266' title='bbox 343 3331 436 3378; x_wconf 91' lang='lat' dir='ltr'><strong>mare·</strong></span> <span class='ocrx_word' id='word_1_267' title='bbox 459 3320 533 3375; x_wconf 88' lang='lat' dir='ltr'><strong>sunt</strong></span> <span class='ocrx_word' id='word_1_268' title='bbox 551 3312 718 3386; x_wconf 90' lang='lat' dir='ltr'><strong>deductae,</strong></span> <span class='ocrx_word' id='word_1_269' title='bbox 752 3314 833 3376; x_wconf 91' lang='lat' dir='ltr'><strong>unde</strong></span> <span class='ocrx_word' id='word_1_270' title='bbox 864 3313 973 3376; x_wconf 85' lang='lat' dir='ltr'><strong>fluctus</strong></span> <span class='ocrx_word' id='word_1_271' title='bbox 1005 3315 1165 3395; x_wconf 86' lang='lat' dir='ltr'><strong>speluncas</strong></span> <span class='ocrx_word' id='word_1_272' title='bbox 1194 3317 1343 3392; x_wconf 81' lang='lat' dir='ltr'><strong>intrantes</strong></span> 
     </span>
     <span class='ocr_line' id='line_1_32' title="bbox 162 3418 1342 3499; baseline -0.004 -16"><span class='ocrx_word' id='word_1_273' title='bbox 162 3428 286 3483; x_wconf 88' lang='lat' dir='ltr'><strong>ventum</strong></span> <span class='ocrx_word' id='word_1_274' title='bbox 310 3426 426 3493; x_wconf 90' lang='lat' dir='ltr'><strong>creant,</strong></span> <span class='ocrx_word' id='word_1_275' title='bbox 459 3421 510 3499; x_wconf 92' lang='lat' dir='ltr'><strong>qui</strong></span> <span class='ocrx_word' id='word_1_276' title='bbox 528 3421 697 3497; x_wconf 85' lang='lat' dir='ltr'><strong>exagitatus</strong></span> <span class='ocrx_word' id='word_1_277' title='bbox 721 3420 823 3499; x_wconf 91' lang='lat' dir='ltr'><strong>ignem</strong></span> <span class='ocrx_word' id='word_1_278' title='bbox 855 3420 949 3497; x_wconf 91' lang='lat' dir='ltr'><strong>gignit</strong></span> <span class='ocrx_word' id='word_1_279' title='bbox 982 3425 1014 3479; x_wconf 88' lang='lat' dir='ltr'><strong>et</strong></span> <span class='ocrx_word' id='word_1_280' title='bbox 1043 3418 1168 3497; x_wconf 86' lang='lat' dir='ltr'><strong>sulphur</strong></span> <span class='ocrx_word' id='word_1_281' title='bbox 1197 3418 1342 3491; x_wconf 89' lang='lat' dir='ltr'><strong>incendit,</strong></span> 
     </span>
     <span class='ocr_line' id='line_1_33' title="bbox 164 3523 1342 3604; baseline -0.001 -19"><span class='ocrx_word' id='word_1_282' title='bbox 164 3543 225 3604; x_wconf 93' lang='lat' dir='ltr'><strong>quo</strong></span> <span class='ocrx_word' id='word_1_283' title='bbox 247 3526 372 3585; x_wconf 89' lang='lat' dir='ltr'><strong>incenso</strong></span> <span class='ocrx_word' id='word_1_284' title='bbox 397 3523 498 3585; x_wconf 85' lang='lat' dir='ltr'><strong>fremit</strong></span> <span class='ocrx_word' id='word_1_285' title='bbox 521 3530 551 3584; x_wconf 88' lang='lat' dir='ltr'><strong>et</strong></span> <span class='ocrx_word' id='word_1_286' title='bbox 567 3541 623 3602; x_wconf 90' lang='lat' dir='ltr'><strong>per</strong></span> <span class='ocrx_word' id='word_1_287' title='bbox 646 3540 788 3584; x_wconf 87' lang='lat' dir='ltr'><strong>cavernas</strong></span> <span class='ocrx_word' id='word_1_288' title='bbox 813 3525 944 3602; x_wconf 87' lang='lat' dir='ltr'><strong>erumpit</strong></span> <span class='ocrx_word' id='word_1_289' title='bbox 965 3529 997 3583; x_wconf 93' lang='lat' dir='ltr'><strong>et</strong></span> <span class='ocrx_word' id='word_1_290' title='bbox 1012 3540 1237 3603; x_wconf 91' lang='lat' dir='ltr'><strong>nonnumquam</strong></span> <span class='ocrx_word' id='word_1_291' title='bbox 1253 3527 1342 3603; x_wconf 92' lang='lat' dir='ltr'><strong>quasi</strong></span> 
     </span>
     <span class='ocr_line' id='line_1_34' title="bbox 164 3618 1340 3704; baseline 0.001 -17"><span class='ocrx_word' id='word_1_292' title='bbox 164 3625 272 3689; x_wconf 85' lang='lat' dir='ltr'><strong>fluvius</strong></span> <span class='ocrx_word' id='word_1_293' title='bbox 296 3618 451 3688; x_wconf 87' lang='lat' dir='ltr'><strong>candentis</strong></span> <span class='ocrx_word' id='word_1_294' title='bbox 475 3628 553 3688; x_wconf 87' lang='lat' dir='ltr'><strong>aeris</strong></span> <span class='ocrx_word' id='word_1_295' title='bbox 577 3627 716 3704; x_wconf 75' lang='lat' dir='ltr'><strong>decurrit¹</strong></span> <span class='ocrx_word' id='word_1_296' title='bbox 739 3632 770 3687; x_wconf 90' lang='lat' dir='ltr'><strong>et</strong></span> <span class='ocrx_word' id='word_1_297' title='bbox 793 3632 901 3688; x_wconf 88' lang='lat' dir='ltr'><strong>cuncta</strong></span> <span class='ocrx_word' id='word_1_298' title='bbox 923 3628 1044 3688; x_wconf 89' lang='lat' dir='ltr'><strong>iuventa</strong></span> <span class='ocrx_word' id='word_1_299' title='bbox 1066 3628 1225 3688; x_wconf 81' lang='lat' dir='ltr'><strong>consumit</strong></span> <span class='ocrx_word' id='word_1_300' title='bbox 1269 3625 1340 3688; x_wconf 84' lang='lat' dir='ltr'><strong>Vul-</strong></span> 
     </span>
     <span class='ocr_line' id='line_1_35' title="bbox 164 3728 1342 3809; baseline 0.003 -20"><span class='ocrx_word' id='word_1_301' title='bbox 164 3747 219 3809; x_wconf 89' lang='lat' dir='ltr'><strong>gus</strong></span> <span class='ocrx_word' id='word_1_302' title='bbox 241 3748 314 3790; x_wconf 88' lang='lat' dir='ltr'><strong>vero</strong></span> <span class='ocrx_word' id='word_1_303' title='bbox 338 3728 426 3800; x_wconf 89' lang='lat' dir='ltr'><strong>dicit,</strong></span> <span class='ocrx_word' id='word_1_304' title='bbox 462 3729 543 3808; x_wconf 91' lang='lat' dir='ltr'><strong>quod</strong></span> <span class='ocrx_word' id='word_1_305' title='bbox 565 3730 621 3790; x_wconf 85' lang='lat' dir='ltr'><strong>sub</strong></span> <span class='ocrx_word' id='word_1_306' title='bbox 644 3728 799 3791; x_wconf 88' lang='lat' dir='ltr'><strong>Trinacria</strong></span> <span class='ocrx_word' id='word_1_307' title='bbox 819 3731 867 3793; x_wconf 87' lang='lat' dir='ltr'><strong>vel</strong></span> <span class='ocrx_word' id='word_1_308' title='bbox 891 3731 993 3792; x_wconf 87' lang='lat' dir='ltr'><strong>Sicilia</strong></span> <span class='ocrx_word' id='word_1_309' title='bbox 1024 3732 1063 3791; x_wconf 84' lang='lat' dir='ltr'><strong>sit</strong></span> <span class='ocrx_word' id='word_1_310' title='bbox 1087 3748 1121 3790; x_wconf 90' lang='lat' dir='ltr'><strong>os</strong></span> <span class='ocrx_word' id='word_1_311' title='bbox 1142 3731 1268 3802; x_wconf 85' lang='lat' dir='ltr'><strong>inferni,</strong></span> <span class='ocrx_word' id='word_1_312' title='bbox 1302 3730 1342 3792; x_wconf 88' lang='lat' dir='ltr'><strong>de</strong></span> 
     </span>
     <span class='ocr_line' id='line_1_36' title="bbox 164 3833 1342 3917; baseline 0.002 -23"><span class='ocrx_word' id='word_1_313' title='bbox 164 3850 225 3911; x_wconf 89' lang='lat' dir='ltr'><strong>quo</strong></span> <span class='ocrx_word' id='word_1_314' title='bbox 247 3833 325 3910; x_wconf 87' lang='lat' dir='ltr'><strong>ignis</strong></span> <span class='ocrx_word' id='word_1_315' title='bbox 348 3835 464 3912; x_wconf 85' lang='lat' dir='ltr'><strong>spirans</strong></span> <span class='ocrx_word' id='word_1_316' title='bbox 489 3840 607 3894; x_wconf 91' lang='lat' dir='ltr'><strong>montes</strong></span> <span class='ocrx_word' id='word_1_317' title='bbox 629 3833 778 3905; x_wconf 85' lang='lat' dir='ltr'><strong>incendit,</strong></span> <span class='ocrx_word' id='word_1_318' title='bbox 811 3834 892 3896; x_wconf 91' lang='lat' dir='ltr'><strong>unde</strong></span> <span class='ocrx_word' id='word_1_319' title='bbox 924 3836 1044 3897; x_wconf 88' lang='lat' dir='ltr'><strong>incolae</strong></span> <span class='ocrx_word' id='word_1_320' title='bbox 1074 3836 1204 3917; x_wconf 82' lang='lat' dir='ltr'><strong>regionis</strong></span> <span class='ocrx_word' id='word_1_321' title='bbox 1228 3834 1342 3906; x_wconf 84' lang='lat' dir='ltr'><strong>dicunt,</strong></span> 
     </span>
     <span class='ocr_line' id='line_1_37' title="bbox 164 3935 1341 4019; baseline 0.003 -22"><span class='ocrx_word' id='word_1_322' title='bbox 164 3935 247 4015; x_wconf 90' lang='lat' dir='ltr'><strong>quod</strong></span> <span class='ocrx_word' id='word_1_323' title='bbox 270 3935 387 4015; x_wconf 89' lang='lat' dir='ltr'><strong>quando</strong></span> <span class='ocrx_word' id='word_1_324' title='bbox 411 3943 458 3998; x_wconf 88' lang='lat' dir='ltr'><strong>est</strong></span> <span class='ocrx_word' id='word_1_325' title='bbox 479 3937 578 3999; x_wconf 84' lang='lat' dir='ltr'><strong>lutura</strong></span> <span class='ocrx_word' id='word_1_326' title='bbox 593 3936 631 3999; x_wconf 89' lang='lat' dir='ltr'><strong>de</strong></span> <span class='ocrx_word' id='word_1_327' title='bbox 648 3941 817 4019; x_wconf 88' lang='lat' dir='ltr'><strong>propinquo</strong></span> <span class='ocrx_word' id='word_1_328' title='bbox 833 3940 990 4002; x_wconf 88' lang='lat' dir='ltr'><strong>hominum</strong></span> <span class='ocrx_word' id='word_1_329' title='bbox 1011 3944 1143 4014; x_wconf 91' lang='lat' dir='ltr'><strong>occisio,</strong></span> <span class='ocrx_word' id='word_1_330' title='bbox 1166 3941 1230 4001; x_wconf 91' lang='lat' dir='ltr'><strong>sive</strong></span> <span class='ocrx_word' id='word_1_331' title='bbox 1252 3946 1341 4019; x_wconf 88' lang='lat' dir='ltr'><strong>peste</strong></span> 
     </span>
     <span class='ocr_line' id='line_1_38' title="bbox 164 4039 1342 4124; baseline 0.007 -25"><span class='ocrx_word' id='word_1_332' title='bbox 164 4040 228 4101; x_wconf 87' lang='lat' dir='ltr'><strong>sive</strong></span> <span class='ocrx_word' id='word_1_333' title='bbox 251 4039 365 4117; x_wconf 86' lang='lat' dir='ltr'><strong>gladio,</strong></span> <span class='ocrx_word' id='word_1_334' title='bbox 399 4047 450 4102; x_wconf 92' lang='lat' dir='ltr'><strong>aut</strong></span> <span class='ocrx_word' id='word_1_335' title='bbox 473 4041 529 4102; x_wconf 88' lang='lat' dir='ltr'><strong>alio</strong></span> <span class='ocrx_word' id='word_1_336' title='bbox 552 4041 658 4114; x_wconf 88' lang='lat' dir='ltr'><strong>mode,</strong></span> <span class='ocrx_word' id='word_1_337' title='bbox 690 4044 772 4123; x_wconf 92' lang='lat' dir='ltr'><strong>quod</strong></span> <span class='ocrx_word' id='word_1_338' title='bbox 794 4051 866 4106; x_wconf 90' lang='lat' dir='ltr'><strong>tunc</strong></span> <span class='ocrx_word' id='word_1_339' title='bbox 888 4046 966 4124; x_wconf 88' lang='lat' dir='ltr'><strong>ignis</strong></span> <span class='ocrx_word' id='word_1_340' title='bbox 989 4045 1136 4106; x_wconf 90' lang='lat' dir='ltr'><strong>montium</strong></span> <span class='ocrx_word' id='word_1_341' title='bbox 1159 4045 1227 4123; x_wconf 89' lang='lat' dir='ltr'><strong>plus</strong></span> <span class='ocrx_word' id='word_1_342' title='bbox 1250 4045 1342 4107; x_wconf 86' lang='lat' dir='ltr'><strong>solito</strong></span> 
     </span>
     <span class='ocr_line' id='line_1_39' title="bbox 163 4140 1342 4229; baseline 0.008 -26"><span class='ocrx_word' id='word_1_343' title='bbox 163 4140 358 4216; x_wconf 85' lang='lat' dir='ltr'><strong>flammescit,</strong></span> <span class='ocrx_word' id='word_1_344' title='bbox 382 4149 413 4204; x_wconf 90' lang='lat' dir='ltr'><strong>et</strong></span> <span class='ocrx_word' id='word_1_345' title='bbox 434 4144 493 4206; x_wconf 93' lang='lat' dir='ltr'><strong>hoc</strong></span> <span class='ocrx_word' id='word_1_346' title='bbox 514 4144 583 4208; x_wconf 90' lang='lat' dir='ltr'><strong>ideo</strong></span> <span class='ocrx_word' id='word_1_347' title='bbox 607 4145 711 4209; x_wconf 91' lang='lat' dir='ltr'><strong>dicunt</strong></span> <span class='ocrx_word' id='word_1_348' title='bbox 732 4149 812 4220; x_wconf 85' lang='lat' dir='ltr'><strong>deri,</strong></span> <span class='ocrx_word' id='word_1_349' title='bbox 835 4150 904 4228; x_wconf 90' lang='lat' dir='ltr'><strong>quia</strong></span> <span class='ocrx_word' id='word_1_350' title='bbox 925 4148 1060 4211; x_wconf 82' lang='lat' dir='ltr'><strong>infernus</strong></span> <span class='ocrx_word' id='word_1_351' title='bbox 1083 4151 1282 4229; x_wconf 86' lang='lat' dir='ltr'><strong>praesentiat,</strong></span> <span class='ocrx_word' id='word_1_352' title='bbox 1306 4167 1342 4212; x_wconf 88' lang='lat' dir='ltr'><strong>se</strong></span> 
     </span>
    </p>
   </div>
   <div class='ocr_carea' id='block_1_5' title="bbox 0 0 1456 4710">
    <p class='ocr_par' dir='ltr' id='par_1_6' title="bbox 0 0 1456 4710">
     <span class='ocr_line' id='line_1_40' title="bbox 0 0 1456 4710; baseline 0 0"><span class='ocrx_word' id='word_1_353' title='bbox 0 0 1456 4710; x_wconf 95' lang='lat' dir='ltr'><strong> </strong></span> 
     </span>
    </p>
   </div>
  </div>
 </body>
</html>
