2902 4710
742 151 807 223 246

182 338 266 396 nanti
302 333 421 413 Jupiter
457 331 576 414 (luno),
614 332 695 396 unde
732 333 851 413 fugiens
890 331 962 395 dum
999 334 1031 394 in
1066 328 1190 412 Lyciam
1225 332 1365 396 venisset

182 441 263 499 sitim
300 455 404 516 passa,
444 436 481 498 ad
517 438 617 498 locum
656 436 808 516 quendam
842 434 951 516 Lyciae
988 453 1023 496 se
1060 435 1205 508 contulit,
1243 441 1277 496 ut
1312 437 1359 499 bi-

181 544 285 614 beret,
317 547 407 621 quam
431 561 499 603 oum
521 541 666 602 vidissent
701 543 824 612 rustici,
858 539 1021 611 confestim¹
1045 539 1145 600 lacum
1175 541 1363 603 intraverunt

183 646 338 706 turbantes
362 662 471 725 aquam
494 645 636 723 pedibus;
672 664 740 705 cum
773 650 873 705 autem
896 642 1010 704 Latona
1039 641 1114 704 deos
1145 661 1200 722 pro
1228 641 1363 705 vindicta

183 755 336 821 exoraret,
361 752 467 810 mutati
484 757 554 810 sunt
577 751 681 810 rustici
697 751 728 809 in
744 766 832 817 ranas
848 753 997 826 perpetuo
1014 752 1185 820 coaxantes.
1216 746 1363 807 licentra

182 853 265 913 lacus
289 854 411 932 quidam
435 850 507 934 (est)
531 853 677 932 Seriphns
702 852 814 924 dictus,
849 850 984 930 repletus
1018 852 1116 921 ranis,
1150 845 1231 928 quae
1258 855 1361 911 tamen

181 975 344 1035 numquam
367 963 506 1028 coaxant,
531 957 586 1018 sed
609 956 646 1017 ad
668 957 740 1017 alias
764 971 856 1034 aquas
873 954 1023 1033 deportati
1039 953 1191 1031 clamosae
1206 958 1284 1039 suut.
1314 952 1362 1015 De

183 1061 316 1140 praefata
338 1058 452 1122 Latona
476 1062 543 1123 vide
567 1044 642 1122 infra
665 1061 727 1121 Fol.
755 1057 816 1122 nti
838 1058 875 1119 b.'

269 1216 396 1296 Insuper
422 1219 584 1294 antiquum
615 1215 710 1276 luisse
734 1231 861 1293 regnum
893 1211 1017 1293 Lyciam
1045 1219 1183 1276 veterum
1215 1213 1361 1275 historiae

181 1320 311 1392 tradunt,
325 1337 395 1380 nam
411 1319 611 1398 Bellerophon
624 1315 745 1395 jurenis
761 1335 778 1378 a
793 1316 914 1378 Pritoue
931 1315 1110 1396 Argivorum
1125 1319 1236 1407 missus
1250 1317 1308 1378 init
1324 1317 1362 1379 ad

181 1442 286 1502 regem
311 1422 420 1503 Lyciae
452 1423 627 1485 Ariobatum
656 1441 725 1483 cum
745 1423 854 1483 litteris
886 1421 1069 1501 proditoriis,
1103 1428 1137 1483 ut
1160 1421 1362 1497 occideretur,

181 1531 261 1589 sicut
276 1529 375 1601 Vries,
399 1520 454 1607 pro
473 1546 523 1600 eo,
548 1528 628 1607 quod
650 1530 746 1607 ipsius
770 1526 842 1587 Priti
864 1526 945 1604 regis
969 1543 1092 1586 uxorem
1114 1522 1256 1587 hutinam
1271 1542 1362 1588 ama·

180 1639 285 1704 verat,
320 1651 396 1711 quae
421 1642 485 1696 erat
508 1636 567 1696 lilia
590 1625 669 1714 regis
693 1632 813 1713 Lyciae,
845 1629 1006 1694 Ariobatus
1038 1631 1110 1712 ergo
1141 1630 1228 1695 lectis
1250 1635 1361 1695 litteris

61 1762 65 1767 ·
180 1738 277 1798 noluit
301 1752 370 1798 eurn
402 1757 456 1816 per
484 1757 517 1799 se
549 1737 699 1809 occidere,
731 1737 786 1798 sed
816 1739 898 1797 misit
927 1753 998 1797 eum
1027 1734 1064 1798 ad
1088 1735 1294 1809 Chimaeram,
1328 1743 1362 1798 ut

182 1844 216 1903 ab
253 1861 289 1903 eu
323 1843 522 1905 occideretur.
575 1845 646 1924 Erat
678 1849 779 1904 autem
803 1842 961 1908 Chimaera
978 1849 1160 1917 ¹monstrum
1181 1840 1281 1924 Lyciis
1314 1841 1361 1927 in·

181 1945 302 2017 lestum,
325 1949 448 2025 igneum
464 1947 577 2007 habens
605 1953 702 2024 eaput,
727 1952 834 2025 pectus
857 1947 1020 2032 leoninum,
1045 1935 1200 2026 caprinum
1223 1951 1361 2008 ventrem

182 2058 212 2111 et
229 2069 314 2112 crura
330 2054 488 2130 serpentis.
517 2050 719 2131 Bellerophon
736 2057 837 2112 autem
853 2070 933 2131 equo
947 2049 1063 2130 Pegaso
1078 2056 1361 2132 pennatoassumto

182 2155 310 2216 evolavit
336 2153 378 2222 ¹ad
416 2155 499 2215 illam
539 2165 629 2236 atque
663 2142 783 2230 occidit.
839 2153 913 2217 lude
952 2159 1064 2218 ruissus
1109 2151 1149 2218 ad
1181 2155 1360 2225 Solimissos

181 2278 232 2320 eos
270 2260 362 2319 etiam
391 2262 561 2338 prostravit.
618 2259 721 2321 Tertio
759 2266 863 2321 contra
896 2257 1095 2334 Amazonas,
1126 2276 1203 2340 quae
1235 2257 1361 2340 Lyciam

178 2365 376 2437 infestabant,
421 2367 532 2426 missus
572 2368 603 2427 in
640 2369 776 2447 proprias
817 2364 906 2427 sedas
945 2366 1044 2427 redire
1091 2367 1205 2443 coligit,
1252 2351 1294 2426 et!
1319 2367 1361 2427 ita

179 2470 270 2529 vitam
301 2487 396 2552 suam⁵
417 2469 546 2530 redemit
575 2478 606 2530 et
640 2471 730 2531 illlam
758 2471 837 2548 regis
868 2471 997 2530 obtinuit
1033 2476 1063 2529 et
1093 2476 1221 2547 regnum
1249 2466 1360 2548 Lyciae

179 2573 324 2650 possedit.
370 2572 453 2634 llaec
475 2574 556 2634 fictio
581 2572 619 2633 de
642 2575 799 2635 Chimaera
816 2572 935 2651 'aliquid
958 2561 1121 2652 significat,
1152 2559 1231 2634 sicut
1253 2591 1360 2635 omnes

179 2679 316 2755 poeticae
339 2677 486 2738 fictiones.
531 2676 571 2737 Ut
595 2691 667 2756 ergo
690 2677 811 2739 videant
826 2677 934 2751 laici,
954 2676 1035 2756 quod
1059 2676 1217 2748 Chimaera
1247 2675 1361 2757 aliquid

180 2783 234 2851 sit,
259 2779 431 2851 sciendum,
456 2779 537 2858 quod
559 2783 589 2841 iu
613 2779 704 2858 Lycia
728 2789 774 2842 est
791 2800 888 2853 mons,
913 2777 1072 2842 Chimaera
1088 2780 1195 2854 dictus,
1220 2780 1359 2853 Caripa'm

179 2862 375 2960 regionem'a
398 2883 490 2962 Lycia
514 2883 742 2957 disterminans3
774 2884 864 2962 hujus
889 2879 1013 2964 quidem
1037 2887 1225 2946 summitates
1248 2902 1359 2966 perpe·¹

180 2987 238 3046 tuis
269 2985 433 3063 flagrabant
461 2986 605 3059 flammis,
639 3004 716 3065 quae
744 2996 892 3066 augentur
922 3008 998 3069 aqua
1021 2989 1138 3063 inlusa,
1174 2983 1254 3051 terra
1284 3008 1358 3053 vero

179 3087 291 3165 injecta
316 3091 553 3173 extinguuntur,
577 3090 700 3153 demum
723 3093 886 3171 paululum
909 3093 1035 3155 inferius
1060 3093 1112 3155 alit
1134 3081 1253 3165 leones,
1287 3090 1360 3156 iude

179 3193 255 3253 infra
287 3211 404 3272 capras,
439 3203 469 3255 et
498 3196 616 3257 radices
647 3195 712 3273 ejus
744 3203 813 3258 sunt
847 3200 1035 3276 serpentium
1060 3198 1265 3285 plenissimae.
1310 3195 1360 3259 Ad

178 3298 259 3358 hune
282 3305 419 3359 montem
442 3301 630 3382 purgandum
652 3304 733 3362 misit
755 3293 930 3362 Ariobatum
950 3288 1094 3380 juvenem
1121 3287 1248 3382 putans,
1271 3319 1357 3363 >esse

178 3403 365 3481 impossibile
396 3422 465 3465 eum
488 3425 558 3467 cum
581 3408 642 3468 vita
673 3405 816 3478 evadere,
857 3399 912 3467 sed
934 3409 1035 3467 omuia
1057 3407 1127 3468 vicit
1163 3412 1193 3467 et
1220 3398 1358 3480 montem

181 3507 373 3569 habitabilem
390 3509 538 3584 reditun
556 3511 625 3572 ideo
642 3510 751 3572 dieitur
767 3511 963 3588 Chimaeram
973 3513 1093 3573 vicisse.
1122 3494 1359 3583 Huncmontem

179 3610 269 3689 aliqui
294 3616 450 3675 nominant
473 3615 628 3687 Cadmum,
654 3621 800 3696 utsupra
823 3619 916 3694 patet.

264 3758 315 3818 Sic
331 3762 429 3831 etiam,
455 3763 534 3839 quod
557 3763 778 3842 supradictum
801 3771 849 3824 est
872 3762 909 3823 de
926 3765 1047 3825 rusticis
1064 3759 1241 3825 mutatis'in
1257 3781 1356 3838 ranas,

177 3879 236 3920 nou
260 3868 308 3922 est
331 3863 500 3940 aliud‚·nisi
525 3865 603 3944 quod
629 3867 780 3945 quondam
795 3867 929 3927 Deloue-s
946 3886 1014 3928 cum
1030 3867 1156 3929 Rhodiis
1174 3873 1264 3928 ⁴erant
1283 3884 1357 3929 cort·

177 3968 324 4042 gressuri,
349 3973 379 4026 et
403 3967 473 4027 dum
497 3968 629 4030 Delones
652 3970 763 4032 vellent
784 3972 887 4032 bibere
910 3974 941 4033 iu
963 3972 1054 4050 Lycia
1078 3971 1115 4032 de
1137 3973 1221 4045 lacu,
1253 3973 1380 4051 prohi·'

176 4069 229 4128 biti
253 4076 353 4130 sunta
376 4073 505 4143 rusticis,
530 4092 606 4151 quos
631 4070 736 4135 omnes
756 4074 892 4137 llelones
916 4075 1132 4136 interfecerunt
1155 4078 1301 4150 rusticos,
1326 4083 1359 4139 et

175 4173 206 4231 iu
235 4173 334 4233 lacum
365 4192 490 4253 corpora
519 4174 730 4255 projecerunt,
763 4186 794 4241 et
825 4197 895 4241 cum
918 4175 974 4260 (h)
1007 4181 1096 4242 amici
1125 4179 1358 4244 interfectorum
