2874 4770
689 245 731 315 ll

127 432 176 487 est
209 422 256 495 ad,
270 441 359 496 eum,
389 428 424 484 ut
446 422 502 485 sibi
524 421 697 491 videbatur,
725 424 771 484 vir
802 420 925 502 quidam
958 422 1068 500 longus
1099 428 1132 483 et
1159 422 1302 483 terribilis

128 545 200 590 oum
232 528 391 605 evaginato
421 531 453 585 et
484 527 563 587 bene
592 527 697 587 limato
727 526 841 596 cultro,
875 534 906 586 et
937 533 1021 586 stans
1050 534 1120 587 ante
1155 525 1301 586 lectulum

129 648 234 702 suum,
259 629 379 691 dicens:
404 648 494 701 eece,
526 630 564 691 ad
587 630 801 691 excoriandum
823 637 853 690 te
876 633 974 691 venio.
1018 630 1055 689 lit
1086 629 1163 689 haee
1196 627 1302 688 dicens

129 732 330 812 apprehendit
363 732 472 811 pedem
497 731 647 809 jacentis,
679 739 710 792 et
742 733 872 794 cultrum
903 733 1054 802 adhibuit,
1089 740 1122 794 ut
1151 734 1302 810 inciperet

126 854 198 897 eum
221 837 384 895 excoriare.
431 833 497 906 Qua
519 836 635 896 visione
668 838 827 896 exterritus
861 854 916 913 pro
939 835 1088 912 adjutorio
1119 835 1302 896 horribiliter

125 939 289 1008 clamabat,
322 936 360 997 ad
390 937 476 1014 cujus
500 938 664 999 clamorem
688 942 802 1018 primus
836 938 1065 1018 expergefactus
1098 938 1190 998 irater
1207 956 1301 1008 ‘suus

125 1042 178 1119 qui
201 1039 338 1101 adlatus
361 1035 427 1112 ejus
445 1038 576 1115 jacebat,
599 1048 632 1102 et
654 1043 739 1112 alter,
762 1043 815 1120 qui
839 1044 930 1102 etiarn
958 1042 990 1100 in
1013 1057 1133 1100 camera
1155 1040 1205 1100 illa
1217 1038 1300 1115 jace-

124 1145 185 1214 bat,
207 1145 476 1220 interrogaverunt,
499 1145 573 1221 quid
594 1145 743 1206 haberet?
766 1144 825 1217 Qui
848 1145 1024 1225 respondit:
1069 1143 1130 1203 heu
1153 1161 1220 1212 me,
1242 1161 1303 1203 non

125 1245 234 1308 videtis
257 1249 354 1307 virum
375 1247 425 1307 hic
441 1254 579 1318 stantem,
604 1251 655 1327 qui
677 1249 751 1309 mihi
766 1250 938 1310 molestiam
954 1246 1067 1307 inferre
1083 1244 1236 1306 conatur?
1259 1244 1304 1305 llli

126 1355 229 1411 autem
251 1348 325 1408 nihil
348 1348 486 1410 videntes
509 1350 666 1423 dicebant,
701 1352 783 1430 quod
806 1354 993 1412 somniorum
1008 1350 1110 1411 illusio
1125 1355 1219 1408 esset.
1250 1346 1304 1408 llle

126 1471 198 1514 vero
213 1452 321 1514 lortius
338 1453 497 1524 clamabat,
522 1456 664 1514 invocans
686 1452 840 1530 adjutores
864 1462 969 1515 contra
991 1454 1213 1515 molestantem.
1258 1450 1305 1511 Ad

126 1558 203 1617 haec
232 1559 363 1628 surrexit
384 1557 476 1617 irater
499 1556 565 1633 ejus
589 1563 621 1617 et
643 1557 757 1617 lumine
779 1557 870 1618 allato
902 1558 1016 1618 invenit
1051 1555 1177 1616 fratrem
1219 1555 1305 1632 qnasi

125 1661 358 1720 semimortuum
370 1659 534 1736 Jaoentem,
550 1660 708 1738 lugubrem
719 1661 881 1721 habentem
893 1660 1011 1721 vultum
1026 1667 1058 1719 et
1072 1659 1186 1720 collum
1202 1675 1305 1717 recur-

127 1770 229 1824 vatum
252 1769 284 1838 et
306 1781 362 1823 nos
385 1781 493 1824 omnes
515 1766 700 1824 accurrimus
723 1770 755 1824 et
778 1765 865 1825 illurn
880 1765 1027 1824 miserum
1042 1765 1222 1840 castigatum
1237 1778 1304 1838 gra-

128 1866 205 1926 viter
219 1867 389 1925 invenimus
406 1873 436 1925 et
452 1864 613 1938 aiilietnm;
629 1868 682 1928 sed
695 1887 712 1928 a
723 1887 793 1946 qno,
804 1885 901 1946 usqne
916 1865 1007 1927 modo
1019 1868 1126 1944 ignoro
1137 1859 1203 1944 (b).
1227 1863 1304 1925 l'uto

128 1973 230 2028 mmen
252 1969 407 2046 accepisse
427 1970 489 2027 suls
514 1969 764 2032 sollicitudinibus
783 1970 897 2031 diurnis
922 1977 1070 2029 nocturna
1086 1968 1304 2046 phantasmata

127 2069 235 2132 Solent
257 2071 340 2130 enim
356 2078 503 2131 nocturna
518 2072 723 2149 phantasmata
739 2073 906 2133 conformia
927 2090 998 2133 esse-
1013 2071 1130 2132 diurnis
1145 2072 1304 2148 cogitatio·

127 2175 215 2236 nibus
241 2180 273 2234 et
301 2174 561 2247 sollicitudinibus,
583 2178 665 2254 passi
689 2177 769 2236 enim
792 2179 895 2236 anxias
919 2175 1127 2236 tribulationes
1142 2174 1173 2233 in
1188 2173 1304 2252 passio·

127 2296 209 2352 nem,
235 2281 376 2351 maniam,
394 2278 521 2339 laciliter
546 2280 691 2351 incidunt,
715 2280 763 2341 vel
786 2282 885 2357 pressi
907 2281 988 2340 curis
1012 2284 1043 2337 et
1066 2279 1167 2337 nimiis
1192 2275 1305 2335 sollici·

128 2382 295 2454 tudinibus;
331 2383 498 2444 extalibus
524 2384 605 2443 enim
631 2384 863 2460 imaginationes
895 2388 957 2441 tam
991 2380 1117 2440 tirmiter
1141 2376 1308 2438 solidantur

129 2485 162 2545 in
183 2491 296 2556 mente,
326 2493 360 2546 ut
388 2485 480 2545 homo
508 2503 569 2545 non
601 2485 688 2544 aliter
719 2483 823 2543 credat
854 2500 920 2544 rem
951 2501 1042 2553 esse,
1080 2484 1158 2542 siem
1187 2480 1306 2540 undam

130 2587 195 2647 viro
218 2586 355 2664 prudenti
376 2605 452 2659 aevo
476 2594 581 2648 nostro
603 2589 634 2647 in
663 2586 787 2647 Colonia
810 2589 957 2665 contigit,
981 2589 1033 2665 qui
1057 2600 1250 2663 quocumque
1273 2601 1306 2643 se

130 2690 239 2760 vertit,
271 2685 395 2768 putabat
428 2708 462 2750 se
495 2688 608 2750 lactum
637 2688 715 2759 duo,
749 2694 781 2747 et
803 2687 861 2747 hoc
883 2697 956 2769 vtam
985 2691 1179 2769 pertinaciter
1201 2689 1306 2756 tenuit,

127 2797 161 2853 ut
183 2811 241 2853 nec
264 2792 392 2854 medicis
417 2811 474 2853 nec
497 2792 616 2855 clericis
639 2792 780 2852 crederet
811 2793 995 2853 contrarium
1019 2789 1235 2852 asserentibus.

209 2895 271 2956 Sed
287 2902 319 2955 et
342 2914 398 2975 ego
419 2900 485 2976 ipse
500 2899 569 2957 novi
586 2896 737 2976 quendam
751 2896 942 2957 sacerdotem
956 2896 1129 2964 honestum,
1144 2896 1193 2954 cui
1208 2893 1307 2953 nullus

127 3003 159 3063 in
175 3003 291 3062 ratione
308 3010 372 3063 erat
387 3003 535 3074 delectus,
560 3008 591 3061 et
607 3002 707 3060 omnia
722 2999 941 3069 considerabat,
965 3007 994 3060 et
1008 2998 1133 3059 domum
1149 3015 1236 3058 suam
1252 3016 1305 3075 gu-

127 3105 281 3178 bernabat,
304 3106 361 3170 hae
382 3115 486 3169 tamen
509 3107 606 3166 mania
628 3103 789 3173 laborabat,
813 3106 844 3163 in
867 3120 957 3182 quam
982 3109 1105 3182 propter
1120 3099 1305 3180 superfluam

128 3208 364 3279 sollicitudinem
387 3210 508 3280 incidit,
543 3208 623 3286 quod
655 3209 779 3268 omnino
802 3206 930 3267 credidit
952 3213 984 3266 et
1005 3206 1178 3267 firmissime
1201 3205 1306 3269 tennt

129 3327 164 3371 se
181 3310 366 3391 *rapiendum
390 3321 420 3373 et
443 3331 536 3403 super
557 3311 658 3388 bigam
680 3309 834 3388 ligandum
857 3316 890 3369 et
912 3327 983 3369 cum
1004 3311 1162 3369 tormentis
1190 3306 1304 3368 inaudi-

128 3414 168 3474 tis
191 3415 222 3473 in
246 3413 454 3476 Constantiam
486 3402 659 3476 ducendum
692 3421 723 3473 et
745 3413 785 3473 ibi
814 3412 1025 3474 crudelissime
1052 3409 1305 3474 consumendum

127 3513 174 3576 Ab
206 3516 264 3576 hac
297 3517 452 3596 phantasia
480 3536 571 3580 nemo
602 3519 672 3579 ullis
704 3519 868 3580 rationibus
906 3521 1024 3596 pote-rat
1053 3532 1124 3575 eum
1158 3519 1305 3573 avertere.

130 3617 258 3694 Quando
282 3622 363 3680 enim
386 3623 416 3682 in
439 3621 529 3683 domo
552 3621 641 3692 sedit,
663 3621 689 3681 si
713 3623 750 3697 in,
766 3623 832 3682 vieo
853 3620 967 3682 audivit
989 3635 1110 3679 currum
1132 3622 1185 3677 aut
1198 3616 1307 3694 bigam,

130 3723 233 3782 statim
261 3723 386 3801 putabat
407 3724 515 3786 adesse
548 3743 637 3786 suum
659 3727 826 3785 cruciatum
855 3730 887 3783 et
916 3723 965 3784 die
999 3727 1152 3799 noctuque
1185 3720 1216 3778 in
1249 3720 1305 3778 ista

130 3825 209 3885 tristi
231 3829 458 3904 exspectatione
481 3829 596 3899 stabat,
628 3829 707 3890 unde
730 3828 869 3889 noctibus
891 3829 922 3888 in
945 3826 1060 3904 caligis,
1081 3822 1305 3889 calceamentis,

130 3934 161 3987 et
184 3928 529 4000 vestibus-dormiebat,
563 3948 602 3992 ne
634 3937 770 4009 raptores
803 3930 902 3990 subito
926 3932 1074 3990 intrantes
1096 3944 1167 3986 eum
1190 3924 1306 3986 nudum

130 4050 223 4112 super
244 4033 345 4110 bigam
367 4041 524 4114 ponerent.
571 4033 622 4095 Sic
644 4037 737 4095 etiam
759 4035 888 4093 aestimo
911 4032 1025 4093 iactum
1054 4029 1149 4089 luisse
1178 4029 1229 4088 isti
1251 4027 1305 4087 ho·

132 4138 213 4209 mini,
236 4137 275 4199 de
299 4155 359 4215 quo
382 4138 552 4217 loquimur3
584 4136 682 4198 luerat
712 4138 743 4197 in
767 4136 1003 4197 Sarracenomm
1027 4129 1171 4201 vinculis,
1206 4136 1237 4190 et
1266 4128 1306 4190 ihi

130 4244 213 4320 gravi
235 4240 439 4304 sollicitudine
463 4258 587 4321 pressus
609 4243 640 4302 in
663 4243 793 4303 maniam
817 4237 923 4300 incidit
944 4244 977 4299 et
992 4235 1180 4315 phantastice
1209 4233 1308 4293 rhum
