2874 4770
678 163 745 234 tls

123 358 213 423 quam
235 341 327 401 etiam
347 346 507 418 respectus
529 348 578 402 est
598 341 759 402 horribilis.
796 341 869 403 Post
889 340 957 418 ejus
978 344 1145 405 transitum
1166 345 1306 404 reuimm

122 448 154 510 iu
176 447 293 516 loenm,
326 443 377 505 ubi
398 446 505 523 iugens
528 452 613 524 petra
642 446 681 507 de
712 447 828 526 pariete
858 448 942 525 rupis
964 454 1113 525 protensa
1143 447 1253 524 objicit
1274 464 1307 508 se

122 552 190 615 viae
211 551 326 628 regim
349 548 426 609 hanc
440 555 558 626 petram
572 551 688 627 antiqui
702 549 945 630 perforaverunt,
968 552 1108 611 maximis
1123 569 1188 611 nou
1203 550 1306 611 dubito

34 734 39 739 q
123 654 291 724 laboribus,
323 654 366 713 ita
387 651 469 731 quod
500 653 719 731 perforamen
748 653 823 716 illud
844 655 964 732 equites
987 661 1019 714 et
1041 657 1177 716 onerarii
1200 671 1306 715 currus

123 762 280 821 transeunt
311 774 382 817 curn
414 754 552 817 omnibus
580 755 774 818 Venetiarom
806 757 968 820 mercibus.
1021 756 1068 819 hd
1102 761 1306 837 quantitatem

125 869 225 924 antem
253 860 335 922 illius
363 859 519 921 foraminis
548 861 729 940 colligantur
755 861 900 923 feredella
931 860 980 923 vel
1012 863 1112 924 ballue
1147 870 1203 923 aut
1227 864 1305 923 seori

126 967 273 1027 mercium
296 967 327 1025 iu
348 963 462 1026 ioutioo
477 963 631 1037 Veoetiis,
652 983 711 1026 nec
733 969 835 1027 sinunt
857 967 970 1045 aliquid
992 971 1134 1039 transire,
1157 967 1246 1046 quod
1266 967 1306 1026 is-

125 1075 190 1134 lers
204 1070 359 1132 foraminis
374 1070 488 1148 tangit,
510 1087 569 1130 nee
584 1071 770 1147 permittunt,
785 1069 870 1147 quod
882 1069 1018 1133 foramen
1034 1070 1203 1151 amplietur
1217 1071 1305 1137 feno,

125 1186 159 1242 ut
180 1193 303 1256 semper
324 1172 431 1235 eadem
453 1172 628 1252 magnitudo
650 1175 796 1236 baliarum
823 1182 953 1237 maneat.
998 1176 1037 1236 Et
1058 1176 1119 1236 hoc
1141 1177 1306 1237 rationabi-

125 1282 195 1345 liter
215 1281 344 1350 faciunt,
374 1280 460 1356 quia,
494 1279 521 1337 si
543 1285 728 1339 mercatores
749 1287 875 1358 possent
897 1280 934 1340 ad
957 1297 1047 1340 suurn
1069 1280 1191 1341 libitum
1216 1296 1307 1341 onera

125 1386 241 1458 lacere,
263 1383 357 1445 multa
371 1383 449 1443 bona
464 1383 616 1460 perirent:
639 1381 776 1443 facerent
789 1385 872 1444 euim
885 1383 980 1444 hallas
994 1401 1121 1462 magnas
1143 1389 1176 1444 et
1191 1401 1306 1464 graves,

125 1509 196 1554 oum
217 1489 325 1568 quibus
349 1488 375 1547 si
398 1504 503 1547 currus
526 1484 691 1547 declinaret
713 1484 969 1568 paululumfnon
992 1495 1099 1566 posset
1122 1491 1254 1550 retineri
1277 1491 1305 1548 iu

126 1597 188 1679 vin,
222 1593 278 1656 sed
303 1609 450 1673 praeceps
481 1596 584 1652 rueret
617 1608 687 1652 eum
707 1591 814 1653 bestiis
837 1599 868 1653 et
890 1592 1071 1654 hominibus.
1121 1592 1308 1672 Saepissime

129 1701 210 1763 enim
233 1699 379 1776 contingit
401 1697 433 1756 in
447 1692 586 1776 Alpibus,
608 1695 691 1773 quod
713 1698 760 1757 via
783 1698 915 1775 regiain
939 1698 1006 1758 altis
1030 1696 1169 1759 decliviis
1194 1706 1260 1768 est,
1280 1699 1307 1757 iu

129 1803 237 1884 quibus
262 1818 390 1865 necesse
413 1806 462 1861 est
484 1817 589 1861 comus
613 1799 648 1859 ob
672 1799 730 1860 alia
752 1792 840 1879 parte'
860 1802 1038 1873 sustentari,
1068 1818 1110 1861 ne
1134 1807 1308 1863 evertantur

127 1916 160 1971 et
180 1913 269 1970 ruant
290 1907 320 1966 in
342 1921 507 1985 praeceps,
540 1910 572 1964 et
595 1905 620 1962 si
643 1920 735 1964 onera
758 1922 818 1964 uon
843 1911 947 1964 esseut
970 1906 1224 1985 proportionata,
1256 1903 1305 1966 sed

127 2015 157 2076 vi
179 2028 321 2074 curruum
344 2027 380 2070 ea
403 2009 528 2070 retineri
550 2026 612 2068 non
634 2016 768 2087 possent.
815 2007 997 2070 Pertransito
1029 2016 1135 2071 autem
1158 2011 1303 2071 foramine

129 2116 167 2180 ad
190 2115 371 2177 descensum
394 2113 590 2193 praeeipitem
619 2114 774 2184 venimus,
808 2111 859 2173 ubi
889 2114 936 2174 via
965 2113 1099 2175 totaliter
1123 2110 1182 2194 (lu)
1216 2115 1303 2193 glacie

129 2221 288 2284 durissima
312 2226 342 2280 et
364 2218 477 2279 lubrica
500 2223 605 2296 operta
628 2224 708 2289 eret,
732 2225 764 2278 et
785 2219 957 2280 invenimus
978 2223 1020 2282 ibi
1043 2220 1209 2299 quadrigas
1232 2227 1303 2282 stare

128 2333 276 2397 oneratas,
302 2340 379 2402 quae
401 2340 461 2383 uon
476 2328 615 2401 poterant
638 2321 825 2391 descendero
841 2325 899 2383 uisi
915 2327 1100 2404 exasperatis
1116 2324 1303 2386 ferramentis

129 2446 297 2511 equorum,
330 2425 413 2506 quod
436 2443 578 2486 curruum
602 2425 743 2487 doctores
766 2427 926 2488 faciebant.
971 2428 1015 2490 lbi
1039 2447 1115 2509 ergo
1139 2431 1235 2491 etiarn
1256 2446 1302 2490 uo·

130 2543 260 2597 atrorum
292 2550 441 2613 equorum
473 2530 711 2592 subferramenta
742 2534 913 2611 exasperari
953 2535 1118 2611 petivimus
1150 2549 1303 2614 equosque

131 2640 168 2701 ad
190 2657 298 2701 manos
321 2636 458 2698 duximus
483 2653 553 2695 eum
575 2635 693 2696 cautela
717 2639 860 2710 maxima,
892 2654 931 2697 ue
955 2655 1052 2715 equus
1085 2645 1118 2697 et
1148 2637 1260 2699 ductor
1278 2639 1303 2696 iu

131 2762 224 2806 uuum
247 2746 378 2803 ruerent.
424 2740 553 2800 Demum
577 2738 848 2818 advesperascente
871 2739 920 2800 die
944 2743 1147 2820 equitavimus
1173 2741 1212 2802 ad
1234 2742 1305 2802 latus

133 2849 245 2909 montis
268 2849 299 2907 iu
322 2845 417 2918 clivo,
441 2851 472 2905 et
487 2845 517 2904 in
534 2842 682 2922 profundo
699 2843 878 2906 decurrebat
893 2843 1001 2905 Plabes
1017 2844 1127 2906 fluvius
1151 2863 1209 2923 per
1232 2851 1306 2906 areta

135 2951 329 3030 scopulorum
362 2967 431 3010 eom
463 2947 567 3025 grandi
591 2951 719 3028 strepitu
742 2948 908 3009 eluctoaus.
955 2948 1095 3027 Cumque
1120 2947 1159 3010 ad
1184 2951 1306 3011 arctiora

132 3057 321 3120 venissemus
337 3054 432 3125 vallis,
457 3051 493 3113 ad
515 3058 639 3131 pontem
654 3053 807 3123 venimus,
831 3055 882 3132 qui
905 3051 943 3112 de
966 3070 1026 3113 uno
1048 3053 1145 3113 latere
1163 3055 1306 3114 montium

132 3161 164 3221 iu
187 3155 267 3220 aliud
290 3161 337 3217 est
360 3163 534 3235 protensus,
559 3163 589 3216 et
611 3157 716 3217 subtus
739 3158 770 3216 in
792 3156 940 3234 profundo
965 3156 1108 3236 crepidus
1123 3156 1233 3219 Plabes
1254 3152 1306 3216 du·

132 3264 215 3333 vius,
245 3258 331 3339 eujus
355 3268 494 3339 aspectus
517 3259 708 3322 formidinem
730 3259 855 3321 iudueit.
900 3258 1040 3321 Transito
1063 3278 1138 3341 ergo
1163 3269 1257 3341 ponte
1278 3261 1305 3319 in

132 3371 250 3441 villam,
276 3383 353 3446 quae
376 3365 484 3427 dieitur
505 3364 584 3426 Pons
606 3364 720 3437 Plebis,
745 3367 855 3426 nostris
877 3364 1074 3444 Plassprugg‚
1110 3367 1249 3426 venimus
1279 3369 1306 3422 et

132 3475 262 3555 ingressi
284 3464 449 3551 hospitium
470 3470 512 3531 ibi
527 3476 650 3532 noctem
674 3471 801 3548 egimus.
831 3468 911 3531 Male
929 3476 1030 3531 autem
1052 3471 1082 3530 iu
1099 3469 1159 3529 hoc
1182 3469 1305 3547 hospitio

131 3581 244 3661 provisi
266 3577 391 3647 fuimus,
421 3577 490 3654 quia
513 3593 570 3636 uec
593 3576 693 3636 cibum
728 3591 786 3635 nee
817 3579 921 3652 potum
955 3591 1012 3635 uec
1035 3574 1225 3635 lectisternia
1254 3587 1305 3632 neo

134 3701 190 3762 pro
213 3685 299 3761 equis
321 3680 430 3760 pabula
453 3681 660 3741 convenientia
676 3677 787 3738 habere
804 3684 996 3757 poteramus:
1020 3677 1134 3758 hospes
1158 3679 1240 3738 enirn
1262 3672 1307 3735 die

134 3788 300 3865 praeterito
315 3787 434 3855 omnia,
459 3800 536 3861 quae
559 3789 644 3844 erant
660 3783 692 3842 in
708 3780 798 3841 domo
814 3781 951 3853 mobiba,
975 3779 1108 3842 ludendo
1127 3780 1309 3858 perdiderat,

136 3888 237 3951 demta
258 3905 352 3950 uxore
376 3892 406 3948 et
428 3887 546 3958 liberis;
570 3905 645 3947 uxor
659 3887 740 3945 enirn
755 3883 880 3946 sedebat
895 3886 1027 3946 clamans
1052 3892 1083 3946 et
1099 3885 1211 3963 lugens
1229 3885 1311 3963 quasi

136 3992 296 4070 desperata
318 4005 390 4070 prae
412 3990 532 4050 tristitia
554 3996 585 4050 et
609 3989 800 4061 confusione,
836 3994 867 4049 et
889 3994 951 4053 tota
974 3987 1086 4049 familia
1115 3989 1146 4049 in
1176 4003 1311 4049 moerore

138 4097 249 4169 stabat,
272 4111 329 4156 neo
354 4110 454 4154 coram
476 4093 645 4172 hospitibus
667 4095 748 4155 bene
770 4109 915 4173 apparere
939 4090 1098 4153 audebant.

223 4199 376 4286 vicesima
391 4195 453 4270 die,
476 4213 553 4277 quae
569 4203 617 4263 est
631 4198 744 4263 festum
758 4197 939 4261 Sanctorum
952 4196 1073 4260 Fabiani
1089 4202 1121 4260 et
1135 4195 1315 4267 Sebastiani,
