<?xml version="1.0" encoding="UTF-8"?>
<!DOCTYPE html PUBLIC "-//W3C//DTD XHTML 1.0 Transitional//EN"
    "http://www.w3.org/TR/xhtml1/DTD/xhtml1-transitional.dtd">
<html xmlns="http://www.w3.org/1999/xhtml" xml:lang="en" lang="en">
 <head>
  <title>
</title>
<meta http-equiv="Content-Type" content="text/html;charset=utf-8" />
  <meta name='ocr-system' content='tesseract 3.04.00' />
  <meta name='ocr-capabilities' content='ocr_page ocr_carea ocr_par ocr_line ocrx_word'/>
</head>
<body>
  <div class='ocr_page' id='page_1' title='image "./fratrisfelicisf00fabrgoog_0395.png"; bbox 0 0 2902 4710; ppageno 0'>
   <div class='ocr_carea' id='block_1_1' title="bbox 723 145 788 216">
    <p class='ocr_par' dir='ltr' id='par_1_1' title="bbox 723 145 788 216">
     <span class='ocr_line' id='line_1_1' title="bbox 723 145 788 216; baseline 0.046 -3"><span class='ocrx_word' id='word_1_1' title='bbox 723 145 788 216; x_wconf 80' lang='lat'><strong>392</strong></span> 
     </span>
    </p>
   </div>
   <div class='ocr_carea' id='block_1_2' title="bbox 166 320 1356 1651">
    <p class='ocr_par' dir='ltr' id='par_1_2' title="bbox 166 320 1356 1651">
     <span class='ocr_line' id='line_1_2' title="bbox 167 320 1356 400; baseline -0.007 -10"><span class='ocrx_word' id='word_1_2' title='bbox 167 348 227 391; x_wconf 89' lang='lat' dir='ltr'><strong>nou</strong></span> <span class='ocrx_word' id='word_1_3' title='bbox 250 328 306 389; x_wconf 85' lang='lat' dir='ltr'><strong>luit</strong></span> <span class='ocrx_word' id='word_1_4' title='bbox 329 327 522 388; x_wconf 90' lang='lat' dir='ltr'><strong>intromissus</strong></span> <span class='ocrx_word' id='word_1_5' title='bbox 547 330 579 384; x_wconf 88' lang='lat' dir='ltr'><strong>et</strong></span> <span class='ocrx_word' id='word_1_6' title='bbox 600 340 713 384; x_wconf 88' lang='lat' dir='ltr'><strong>vacuus</strong></span> <span class='ocrx_word' id='word_1_7' title='bbox 737 320 825 383; x_wconf 91' lang='lat' dir='ltr'><strong>rediit</strong></span> <span class='ocrx_word' id='word_1_8' title='bbox 851 321 889 382; x_wconf 89' lang='lat' dir='ltr'><strong>ad</strong></span> <span class='ocrx_word' id='word_1_9' title='bbox 912 322 1067 384; x_wconf 90' lang='lat' dir='ltr'><strong>dominum</strong></span> <span class='ocrx_word' id='word_1_10' title='bbox 1082 338 1188 391; x_wconf 88' lang='lat' dir='ltr'><strong>suum,</strong></span> <span class='ocrx_word' id='word_1_11' title='bbox 1212 322 1265 400; x_wconf 93' lang='lat' dir='ltr'><strong>qui</strong></span> <span class='ocrx_word' id='word_1_12' title='bbox 1280 338 1356 382; x_wconf 83' lang='lat' dir='ltr'><strong>mox</strong></span> 
     </span>
     <span class='ocr_line' id='line_1_3' title="bbox 168 426 1355 498; baseline -0.006 -5"><span class='ocrx_word' id='word_1_13' title='bbox 168 433 285 493; x_wconf 79' lang='lat' dir='ltr'>remisit</span> <span class='ocrx_word' id='word_1_14' title='bbox 309 449 379 492; x_wconf 92' lang='lat' dir='ltr'><strong>eum</strong></span> <span class='ocrx_word' id='word_1_15' title='bbox 412 427 591 491; x_wconf 89' lang='lat' dir='ltr'><strong>denuntians</strong></span> <span class='ocrx_word' id='word_1_16' title='bbox 622 427 716 487; x_wconf 92' lang='lat' dir='ltr'><strong>nobili</strong></span> <span class='ocrx_word' id='word_1_17' title='bbox 746 426 822 486; x_wconf 90' lang='lat' dir='ltr'><strong>haec</strong></span> <span class='ocrx_word' id='word_1_18' title='bbox 845 427 952 488; x_wconf 88' lang='lat' dir='ltr'><strong>verba:</strong></span> <span class='ocrx_word' id='word_1_19' title='bbox 993 444 1083 498; x_wconf 90' lang='lat' dir='ltr'><strong>ecce,</strong></span> <span class='ocrx_word' id='word_1_20' title='bbox 1116 428 1143 486; x_wconf 93' lang='lat' dir='ltr'><strong>si</strong></span> <span class='ocrx_word' id='word_1_21' title='bbox 1166 427 1237 486; x_wconf 88' lang='lat' dir='ltr'><strong>huic</strong></span> <span class='ocrx_word' id='word_1_22' title='bbox 1259 442 1355 487; x_wconf 89' lang='lat' dir='ltr'><strong>servo</strong></span> 
     </span>
     <span class='ocr_line' id='line_1_4' title="bbox 167 529 1354 611; baseline -0.005 -15"><span class='ocrx_word' id='word_1_23' title='bbox 167 554 228 596; x_wconf 92' lang='lat' dir='ltr'><strong>non</strong></span> <span class='ocrx_word' id='word_1_24' title='bbox 251 534 371 595; x_wconf 87' lang='lat' dir='ltr'><strong>dederis</strong></span> <span class='ocrx_word' id='word_1_25' title='bbox 396 550 520 611; x_wconf 93' lang='lat' dir='ltr'><strong>aquam,</strong></span> <span class='ocrx_word' id='word_1_26' title='bbox 550 547 742 591; x_wconf 85' lang='lat' dir='ltr'><strong>communem</strong></span> <span class='ocrx_word' id='word_1_27' title='bbox 765 529 874 590; x_wconf 87' lang='lat' dir='ltr'><strong>laoiarn</strong></span> <span class='ocrx_word' id='word_1_28' title='bbox 898 536 1023 610; x_wconf 89' lang='lat' dir='ltr'><strong>puteum</strong></span> <span class='ocrx_word' id='word_1_29' title='bbox 1055 536 1142 590; x_wconf 94' lang='lat' dir='ltr'><strong>tuum</strong></span> <span class='ocrx_word' id='word_1_30' title='bbox 1176 535 1206 590; x_wconf 93' lang='lat' dir='ltr'><strong>et</strong></span> <span class='ocrx_word' id='word_1_31' title='bbox 1229 530 1258 588; x_wconf 91' lang='lat' dir='ltr'><strong>in</strong></span> <span class='ocrx_word' id='word_1_32' title='bbox 1283 547 1354 590; x_wconf 88' lang='lat' dir='ltr'><strong>cra·</strong></span> 
     </span>
     <span class='ocr_line' id='line_1_5' title="bbox 169 629 1356 716; baseline -0.004 -17"><span class='ocrx_word' id='word_1_33' title='bbox 169 641 282 699; x_wconf 90' lang='lat' dir='ltr'><strong>stinum</strong></span> <span class='ocrx_word' id='word_1_34' title='bbox 305 639 403 698; x_wconf 92' lang='lat' dir='ltr'><strong>omnis</strong></span> <span class='ocrx_word' id='word_1_35' title='bbox 427 637 556 716; x_wconf 92' lang='lat' dir='ltr'><strong>populus</strong></span> <span class='ocrx_word' id='word_1_36' title='bbox 580 635 661 696; x_wconf 89' lang='lat' dir='ltr'><strong>bibet</strong></span> <span class='ocrx_word' id='word_1_37' title='bbox 684 634 723 695; x_wconf 89' lang='lat' dir='ltr'><strong>de</strong></span> <span class='ocrx_word' id='word_1_38' title='bbox 746 651 792 694; x_wconf 93' lang='lat' dir='ltr'><strong>eo.</strong></span> <span class='ocrx_word' id='word_1_39' title='bbox 839 635 987 694; x_wconf 88' lang='lat' dir='ltr'>Dominus</span> <span class='ocrx_word' id='word_1_40' title='bbox 1011 640 1112 694; x_wconf 90' lang='lat' dir='ltr'><strong>autem</strong></span> <span class='ocrx_word' id='word_1_41' title='bbox 1136 636 1219 712; x_wconf 89' lang='lat' dir='ltr'><strong>putei</strong></span> <span class='ocrx_word' id='word_1_42' title='bbox 1235 629 1356 711; x_wconf 86' lang='lat' dir='ltr'><strong>sprevit</strong></span> 
     </span>
     <span class='ocr_line' id='line_1_6' title="bbox 166 736 1350 819; baseline -0.003 -17"><span class='ocrx_word' id='word_1_43' title='bbox 166 742 257 804; x_wconf 89' lang='lat' dir='ltr'><strong>verba</strong></span> <span class='ocrx_word' id='word_1_44' title='bbox 290 757 460 819; x_wconf 83' lang='lat' dir='ltr'><strong>aquamque</strong></span> <span class='ocrx_word' id='word_1_45' title='bbox 491 738 563 799; x_wconf 91' lang='lat' dir='ltr'><strong>dare</strong></span> <span class='ocrx_word' id='word_1_46' title='bbox 597 738 701 798; x_wconf 87' lang='lat' dir='ltr'><strong>noluit.</strong></span> <span class='ocrx_word' id='word_1_47' title='bbox 747 736 825 798; x_wconf 90' lang='lat' dir='ltr'><strong>Mira</strong></span> <span class='ocrx_word' id='word_1_48' title='bbox 856 755 922 808; x_wconf 87' lang='lat' dir='ltr'><strong>res,</strong></span> <span class='ocrx_word' id='word_1_49' title='bbox 956 738 1105 798; x_wconf 86' lang='lat' dir='ltr'><strong>crastinus</strong></span> <span class='ocrx_word' id='word_1_50' title='bbox 1131 737 1251 798; x_wconf 89' lang='lat' dir='ltr'><strong>advenit</strong></span> <span class='ocrx_word' id='word_1_51' title='bbox 1272 736 1350 807; x_wconf 88' lang='lat' dir='ltr'><strong>dies,</strong></span> 
     </span>
     <span class='ocr_line' id='line_1_7' title="bbox 170 839 1350 924; baseline -0.005 -18"><span class='ocrx_word' id='word_1_52' title='bbox 170 852 201 906; x_wconf 90' lang='lat' dir='ltr'><strong>et</strong></span> <span class='ocrx_word' id='word_1_53' title='bbox 223 851 332 924; x_wconf 90' lang='lat' dir='ltr'><strong>puteus</strong></span> <span class='ocrx_word' id='word_1_54' title='bbox 357 850 438 904; x_wconf 83' lang='lat' dir='ltr'><strong>extra</strong></span> <span class='ocrx_word' id='word_1_55' title='bbox 462 843 576 902; x_wconf 87' lang='lat' dir='ltr'><strong>curiam</strong></span> <span class='ocrx_word' id='word_1_56' title='bbox 599 840 759 902; x_wconf 88' lang='lat' dir='ltr'><strong>translatus</strong></span> <span class='ocrx_word' id='word_1_57' title='bbox 781 842 811 899; x_wconf 93' lang='lat' dir='ltr'><strong>iu</strong></span> <span class='ocrx_word' id='word_1_58' title='bbox 828 841 894 900; x_wconf 91' lang='lat' dir='ltr'><strong>vico</strong></span> <span class='ocrx_word' id='word_1_59' title='bbox 910 839 1030 918; x_wconf 89' lang='lat' dir='ltr'><strong>publico</strong></span> <span class='ocrx_word' id='word_1_60' title='bbox 1046 843 1129 900; x_wconf 89' lang='lat' dir='ltr'><strong>stetit</strong></span> <span class='ocrx_word' id='word_1_61' title='bbox 1152 847 1221 901; x_wconf 87' lang='lat' dir='ltr'><strong>ante</strong></span> <span class='ocrx_word' id='word_1_62' title='bbox 1236 842 1350 901; x_wconf 87' lang='lat' dir='ltr'><strong>ostium</strong></span> 
     </span>
     <span class='ocr_line' id='line_1_8' title="bbox 173 942 1349 1024; baseline -0.003 -16"><span class='ocrx_word' id='word_1_63' title='bbox 173 947 246 1008; x_wconf 89' lang='lat' dir='ltr'><strong>dare</strong></span> <span class='ocrx_word' id='word_1_64' title='bbox 274 947 406 1008; x_wconf 87' lang='lat' dir='ltr'><strong>nolentis</strong></span> <span class='ocrx_word' id='word_1_65' title='bbox 437 964 563 1024; x_wconf 89' lang='lat' dir='ltr'><strong>aquam,</strong></span> <span class='ocrx_word' id='word_1_66' title='bbox 598 951 628 1004; x_wconf 82' lang='lat' dir='ltr'><strong>et</strong></span> <span class='ocrx_word' id='word_1_67' title='bbox 657 946 755 1004; x_wconf 91' lang='lat' dir='ltr'><strong>omnis</strong></span> <span class='ocrx_word' id='word_1_68' title='bbox 786 944 916 1022; x_wconf 92' lang='lat' dir='ltr'><strong>populus</strong></span> <span class='ocrx_word' id='word_1_69' title='bbox 944 944 1028 1004; x_wconf 90' lang='lat' dir='ltr'><strong>venit</strong></span> <span class='ocrx_word' id='word_1_70' title='bbox 1061 950 1091 1004; x_wconf 93' lang='lat' dir='ltr'><strong>et</strong></span> <span class='ocrx_word' id='word_1_71' title='bbox 1119 945 1203 1005; x_wconf 86' lang='lat' dir='ltr'><strong>bibit.</strong></span> <span class='ocrx_word' id='word_1_72' title='bbox 1249 942 1349 1015; x_wconf 87' lang='lat' dir='ltr'><strong>Quare</strong></span> 
     </span>
     <span class='ocr_line' id='line_1_9' title="bbox 167 1046 1348 1128; baseline -0.002 -18"><span class='ocrx_word' id='word_1_73' title='bbox 167 1050 398 1110; x_wconf 88' lang='lat' dir='ltr'><strong>mathematicus</strong></span> <span class='ocrx_word' id='word_1_74' title='bbox 429 1052 487 1111; x_wconf 88' lang='lat' dir='ltr'><strong>isle</strong></span> <span class='ocrx_word' id='word_1_75' title='bbox 512 1049 724 1128; x_wconf 87' lang='lat' dir='ltr'><strong>comprobatur</strong></span> <span class='ocrx_word' id='word_1_76' title='bbox 747 1046 873 1124; x_wconf 88' lang='lat' dir='ltr'><strong>alicujus</strong></span> <span class='ocrx_word' id='word_1_77' title='bbox 903 1047 1053 1125; x_wconf 82' lang='lat' dir='ltr'><strong>nymphae</strong></span> <span class='ocrx_word' id='word_1_78' title='bbox 1076 1049 1208 1126; x_wconf 90' lang='lat' dir='ltr'><strong>potentis</strong></span> <span class='ocrx_word' id='word_1_79' title='bbox 1233 1049 1348 1108; x_wconf 78' lang='lat' dir='ltr'><strong>amicus</strong></span> 
     </span>
     <span class='ocr_line' id='line_1_10' title="bbox 167 1149 1349 1235; baseline -0.003 -22"><span class='ocrx_word' id='word_1_80' title='bbox 167 1153 278 1224; x_wconf 82' lang='lat' dir='ltr'><strong>luisse,</strong></span> <span class='ocrx_word' id='word_1_81' title='bbox 308 1163 436 1231; x_wconf 88' lang='lat' dir='ltr'><strong>quarum</strong></span> <span class='ocrx_word' id='word_1_82' title='bbox 460 1154 573 1231; x_wconf 91' lang='lat' dir='ltr'><strong>aliquas</strong></span> <span class='ocrx_word' id='word_1_83' title='bbox 597 1151 736 1235; x_wconf 88' lang='lat' dir='ltr'><strong>dicebant</strong></span> <span class='ocrx_word' id='word_1_84' title='bbox 759 1150 960 1211; x_wconf 78' lang='lat' dir='ltr'><strong>translationis</strong></span> <span class='ocrx_word' id='word_1_85' title='bbox 984 1150 1111 1211; x_wconf 85' lang='lat' dir='ltr'><strong>lentium</strong></span> <span class='ocrx_word' id='word_1_86' title='bbox 1135 1157 1166 1211; x_wconf 87' lang='lat' dir='ltr'><strong>et</strong></span> <span class='ocrx_word' id='word_1_87' title='bbox 1190 1149 1349 1212; x_wconf 83' lang='lat' dir='ltr'><strong>llurninrm</strong></span> 
     </span>
     <span class='ocr_line' id='line_1_11' title="bbox 168 1253 1349 1332; baseline -0.004 -14"><span class='ocrx_word' id='word_1_88' title='bbox 168 1259 377 1318; x_wconf 89' lang='lat' dir='ltr'><strong>auctoritatem</strong></span> <span class='ocrx_word' id='word_1_89' title='bbox 399 1257 520 1329; x_wconf 87' lang='lat' dir='ltr'><strong>habere.</strong></span> <span class='ocrx_word' id='word_1_90' title='bbox 566 1254 656 1315; x_wconf 81' lang='lat' dir='ltr'><strong>Aliud</strong></span> <span class='ocrx_word' id='word_1_91' title='bbox 680 1271 777 1332; x_wconf 90' lang='lat' dir='ltr'><strong>aeque</strong></span> <span class='ocrx_word' id='word_1_92' title='bbox 801 1253 937 1313; x_wconf 87' lang='lat' dir='ltr'><strong>mirabile</strong></span> <span class='ocrx_word' id='word_1_93' title='bbox 968 1256 1097 1314; x_wconf 89' lang='lat' dir='ltr'><strong>recitant</strong></span> <span class='ocrx_word' id='word_1_94' title='bbox 1123 1253 1283 1314; x_wconf 77' lang='lat' dir='ltr'><strong>studentes</strong></span> <span class='ocrx_word' id='word_1_95' title='bbox 1312 1253 1349 1314; x_wconf 89' lang='lat' dir='ltr'><strong>ab</strong></span> 
     </span>
     <span class='ocr_line' id='line_1_12' title="bbox 169 1344 1348 1437; baseline -0.003 -17"><span class='ocrx_word' id='word_1_96' title='bbox 169 1378 206 1421; x_wconf 89' lang='lat' dir='ltr'><strong>eo</strong></span> <span class='ocrx_word' id='word_1_97' title='bbox 229 1360 352 1421; x_wconf 87' lang='lat' dir='ltr'><strong>iactum.</strong></span> <span class='ocrx_word' id='word_1_98' title='bbox 383 1360 459 1420; x_wconf 92' lang='lat' dir='ltr'><strong>Nam</strong></span> <span class='ocrx_word' id='word_1_99' title='bbox 482 1377 542 1419; x_wconf 93' lang='lat' dir='ltr'><strong>non</strong></span> <span class='ocrx_word' id='word_1_100' title='bbox 559 1359 649 1436; x_wconf 86' lang='lat' dir='ltr'><strong>longo</strong></span> <span class='ocrx_word' id='word_1_101' title='bbox 665 1376 681 1419; x_wconf 91' lang='lat' dir='ltr'><strong>a</strong></span> <span class='ocrx_word' id='word_1_102' title='bbox 695 1356 796 1418; x_wconf 87' lang='lat' dir='ltr'><strong>Padua</strong></span> <span class='ocrx_word' id='word_1_103' title='bbox 812 1364 860 1418; x_wconf 91' lang='lat' dir='ltr'><strong>est</strong></span> <span class='ocrx_word' id='word_1_104' title='bbox 874 1356 1046 1437; x_wconf 72' lang='lat' dir='ltr'><strong>vinagium,</strong></span> <span class='ocrx_word' id='word_1_105' title='bbox 1069 1357 1185 1418; x_wconf 91' lang='lat' dir='ltr'><strong>dictum</strong></span> <span class='ocrx_word' id='word_1_106' title='bbox 1200 1344 1348 1428; x_wconf 68' lang='lat' dir='ltr'><strong>libanum,</strong></span> 
     </span>
     <span class='ocr_line' id='line_1_13' title="bbox 169 1459 1348 1543; baseline -0.004 -18"><span class='ocrx_word' id='word_1_107' title='bbox 169 1463 207 1525; x_wconf 92' lang='lat' dir='ltr'><strong>de</strong></span> <span class='ocrx_word' id='word_1_108' title='bbox 231 1463 394 1543; x_wconf 80' lang='lat' dir='ltr'><strong>quoidam</strong></span> <span class='ocrx_word' id='word_1_109' title='bbox 417 1463 636 1524; x_wconf 91' lang='lat' dir='ltr'><strong>Petrusnatus</strong></span> <span class='ocrx_word' id='word_1_110' title='bbox 660 1463 754 1523; x_wconf 88' lang='lat' dir='ltr'><strong>luisse</strong></span> <span class='ocrx_word' id='word_1_111' title='bbox 786 1461 881 1522; x_wconf 80' lang='lat' dir='ltr'><strong>fertur</strong></span> <span class='ocrx_word' id='word_1_112' title='bbox 909 1468 942 1522; x_wconf 74' lang='lat' dir='ltr'><strong>‚et</strong></span> <span class='ocrx_word' id='word_1_113' title='bbox 966 1461 1006 1521; x_wconf 92' lang='lat' dir='ltr'><strong>ibi</strong></span> <span class='ocrx_word' id='word_1_114' title='bbox 1029 1477 1099 1521; x_wconf 90' lang='lat' dir='ltr'><strong>suas</strong></span> <span class='ocrx_word' id='word_1_115' title='bbox 1128 1459 1348 1525; x_wconf 87' lang='lat' dir='ltr'><strong>haereditarias</strong></span> 
     </span>
     <span class='ocr_line' id='line_1_14' title="bbox 169 1564 1350 1651; baseline -0.003 -23"><span class='ocrx_word' id='word_1_116' title='bbox 169 1571 380 1651; x_wconf 90' lang='lat' dir='ltr'><strong>possessiones</strong></span> <span class='ocrx_word' id='word_1_117' title='bbox 404 1568 563 1639; x_wconf 87' lang='lat' dir='ltr'><strong>habuisse,</strong></span> <span class='ocrx_word' id='word_1_118' title='bbox 588 1567 796 1645; x_wconf 87' lang='lat' dir='ltr'><strong>ebulliunlque</strong></span> <span class='ocrx_word' id='word_1_119' title='bbox 819 1568 848 1625; x_wconf 90' lang='lat' dir='ltr'><strong>in</strong></span> <span class='ocrx_word' id='word_1_120' title='bbox 873 1584 910 1627; x_wconf 92' lang='lat' dir='ltr'><strong>eo</strong></span> <span class='ocrx_word' id='word_1_121' title='bbox 933 1567 1051 1645; x_wconf 82' lang='lat' dir='ltr'><strong>villagio</strong></span> <span class='ocrx_word' id='word_1_122' title='bbox 1068 1566 1106 1627; x_wconf 90' lang='lat' dir='ltr'><strong>de</strong></span> <span class='ocrx_word' id='word_1_123' title='bbox 1120 1573 1201 1626; x_wconf 89' lang='lat' dir='ltr'><strong>terra</strong></span> <span class='ocrx_word' id='word_1_124' title='bbox 1217 1564 1350 1626; x_wconf 79' lang='lat' dir='ltr'><strong>fervidae</strong></span> 
     </span>
    </p>
   </div>
   <div class='ocr_carea' id='block_1_3' title="bbox 69 1664 1350 1750">
    <p class='ocr_par' dir='ltr' id='par_1_3' title="bbox 69 1664 1350 1750">
     <span class='ocr_line' id='line_1_15' title="bbox 69 1664 1350 1750; baseline -0.003 -18"><span class='ocrx_word' id='word_1_125' title='bbox 69 1664 73 1672; x_wconf 77' lang='grc'><strong>’</strong></span> <span class='ocrx_word' id='word_1_126' title='bbox 170 1687 266 1750; x_wconf 90' lang='lat' dir='ltr'><strong>aquae</strong></span> <span class='ocrx_word' id='word_1_127' title='bbox 289 1673 424 1734; x_wconf 89' lang='lat' dir='ltr'><strong>intanta</strong></span> <span class='ocrx_word' id='word_1_128' title='bbox 447 1675 552 1750; x_wconf 86' lang='lat' dir='ltr'><strong>copia,</strong></span> <span class='ocrx_word' id='word_1_129' title='bbox 576 1679 609 1732; x_wconf 92' lang='lat' dir='ltr'><strong>ut</strong></span> <span class='ocrx_word' id='word_1_130' title='bbox 630 1678 712 1733; x_wconf 87' lang='lat' dir='ltr'><strong>rotas</strong></span> <span class='ocrx_word' id='word_1_131' title='bbox 735 1669 899 1731; x_wconf 88' lang='lat' dir='ltr'><strong>molendini</strong></span> <span class='ocrx_word' id='word_1_132' title='bbox 923 1671 1072 1731; x_wconf 83' lang='lat' dir='ltr'><strong>evolvant.</strong></span> <span class='ocrx_word' id='word_1_133' title='bbox 1102 1668 1141 1729; x_wconf 93' lang='lat' dir='ltr'><strong>ln.</strong></span> <span class='ocrx_word' id='word_1_134' title='bbox 1158 1667 1260 1729; x_wconf 90' lang='lat' dir='ltr'><strong>medio</strong></span> <span class='ocrx_word' id='word_1_135' title='bbox 1275 1685 1350 1730; x_wconf 88' lang='lat' dir='ltr'><strong>vero</strong></span> 
     </span>
    </p>
   </div>
   <div class='ocr_carea' id='block_1_4' title="bbox 94 1771 1437 4244">
    <p class='ocr_par' dir='ltr' id='par_1_4' title="bbox 94 1771 1437 4244">
     <span class='ocr_line' id='line_1_16' title="bbox 169 1771 1349 1857; baseline -0.003 -22"><span class='ocrx_word' id='word_1_136' title='bbox 169 1776 249 1857; x_wconf 88' lang='lat' dir='ltr'><strong>inter</strong></span> <span class='ocrx_word' id='word_1_137' title='bbox 262 1774 392 1835; x_wconf 87' lang='lat' dir='ltr'><strong>Paduam</strong></span> <span class='ocrx_word' id='word_1_138' title='bbox 418 1782 449 1836; x_wconf 90' lang='lat' dir='ltr'><strong>et</strong></span> <span class='ocrx_word' id='word_1_139' title='bbox 471 1775 608 1836; x_wconf 84' lang='lat' dir='ltr'><strong>Abanum</strong></span> <span class='ocrx_word' id='word_1_140' title='bbox 632 1782 679 1834; x_wconf 91' lang='lat' dir='ltr'><strong>est</strong></span> <span class='ocrx_word' id='word_1_141' title='bbox 700 1775 866 1854; x_wconf 84' lang='lat' dir='ltr'><strong>paludosus</strong></span> <span class='ocrx_word' id='word_1_142' title='bbox 888 1774 1017 1845; x_wconf 91' lang='lat' dir='ltr'><strong>humus;</strong></span> <span class='ocrx_word' id='word_1_143' title='bbox 1043 1773 1171 1852; x_wconf 92' lang='lat' dir='ltr'><strong>quadam</strong></span> <span class='ocrx_word' id='word_1_144' title='bbox 1193 1791 1266 1852; x_wconf 82' lang='lat' dir='ltr'><strong>ergo</strong></span> <span class='ocrx_word' id='word_1_145' title='bbox 1289 1771 1349 1843; x_wconf 92' lang='lat' dir='ltr'><strong>die,</strong></span> 
     </span>
     <span class='ocr_line' id='line_1_17' title="bbox 169 1860 1349 1955; baseline -0.003 -17"><span class='ocrx_word' id='word_1_146' title='bbox 169 1884 306 1938; x_wconf 90' lang='lat' dir='ltr'><strong>morante</strong></span> <span class='ocrx_word' id='word_1_147' title='bbox 330 1876 450 1936; x_wconf 92' lang='lat' dir='ltr'><strong>domino</strong></span> <span class='ocrx_word' id='word_1_148' title='bbox 465 1876 556 1939; x_wconf 90' lang='lat' dir='ltr'><strong>Petro</strong></span> <span class='ocrx_word' id='word_1_149' title='bbox 579 1881 611 1938; x_wconf 93' lang='lat' dir='ltr'><strong>in</strong></span> <span class='ocrx_word' id='word_1_150' title='bbox 635 1895 689 1938; x_wconf 93' lang='lat' dir='ltr'><strong>sua</strong></span> <span class='ocrx_word' id='word_1_151' title='bbox 713 1880 908 1955; x_wconf 88' lang='lat' dir='ltr'><strong>possessione</strong></span> <span class='ocrx_word' id='word_1_152' title='bbox 933 1880 963 1938; x_wconf 92' lang='lat' dir='ltr'><strong>in</strong></span> <span class='ocrx_word' id='word_1_153' title='bbox 978 1860 1099 1947; x_wconf 82' lang='lat' dir='ltr'><strong>Aheno,</strong></span> <span class='ocrx_word' id='word_1_154' title='bbox 1122 1879 1205 1938; x_wconf 91' lang='lat' dir='ltr'><strong>misit</strong></span> <span class='ocrx_word' id='word_1_155' title='bbox 1228 1893 1349 1938; x_wconf 85' lang='lat' dir='ltr'><strong>servum</strong></span> 
     </span>
     <span class='ocr_line' id='line_1_18' title="bbox 169 1979 1349 2059; baseline -0.003 -17"><span class='ocrx_word' id='word_1_156' title='bbox 169 1983 312 2042; x_wconf 89' lang='lat' dir='ltr'><strong>suumin</strong></span> <span class='ocrx_word' id='word_1_157' title='bbox 335 1983 486 2042; x_wconf 88' lang='lat' dir='ltr'><strong>civitatem</strong></span> <span class='ocrx_word' id='word_1_158' title='bbox 509 1980 657 2052; x_wconf 90' lang='lat' dir='ltr'><strong>Paduam,</strong></span> <span class='ocrx_word' id='word_1_159' title='bbox 688 1999 744 2059; x_wconf 92' lang='lat' dir='ltr'><strong>pro</strong></span> <span class='ocrx_word' id='word_1_160' title='bbox 767 1999 825 2040; x_wconf 91' lang='lat' dir='ltr'><strong>uno</strong></span> <span class='ocrx_word' id='word_1_161' title='bbox 859 1981 934 2041; x_wconf 90' lang='lat' dir='ltr'><strong>libro</strong></span> <span class='ocrx_word' id='word_1_162' title='bbox 964 1983 1020 2042; x_wconf 91' lang='lat' dir='ltr'><strong>sibi</strong></span> <span class='ocrx_word' id='word_1_163' title='bbox 1051 1979 1222 2053; x_wconf 86' lang='lat' dir='ltr'><strong>afferendo,</strong></span> <span class='ocrx_word' id='word_1_164' title='bbox 1258 1997 1349 2058; x_wconf 92' lang='lat' dir='ltr'><strong>quem</strong></span> 
     </span>
     <span class='ocr_line' id='line_1_19' title="bbox 169 2083 1351 2164; baseline -0.002 -18"><span class='ocrx_word' id='word_1_165' title='bbox 169 2084 226 2146; x_wconf 85' lang='lat' dir='ltr'><strong>sibi</strong></span> <span class='ocrx_word' id='word_1_166' title='bbox 249 2102 304 2162; x_wconf 88' lang='lat' dir='ltr'><strong>per</strong></span> <span class='ocrx_word' id='word_1_167' title='bbox 325 2085 499 2163; x_wconf 85' lang='lat' dir='ltr'><strong>intersignia</strong></span> <span class='ocrx_word' id='word_1_168' title='bbox 522 2084 670 2156; x_wconf 90' lang='lat' dir='ltr'><strong>ostendit,</strong></span> <span class='ocrx_word' id='word_1_169' title='bbox 702 2084 930 2163; x_wconf 85' lang='lat' dir='ltr'><strong>prohibuitque,</strong></span> <span class='ocrx_word' id='word_1_170' title='bbox 960 2104 999 2146; x_wconf 88' lang='lat' dir='ltr'><strong>ue</strong></span> <span class='ocrx_word' id='word_1_171' title='bbox 1027 2083 1248 2164; x_wconf 78' lang='lat' dir='ltr'><strong>quovismodo</strong></span> <span class='ocrx_word' id='word_1_172' title='bbox 1279 2102 1351 2145; x_wconf 92' lang='lat' dir='ltr'><strong>eum</strong></span> 
     </span>
     <span class='ocr_line' id='line_1_20' title="bbox 170 2168 1350 2268; baseline -0.004 -16"><span class='ocrx_word' id='word_1_173' title='bbox 170 2190 301 2268; x_wconf 88' lang='lat' dir='ltr'><strong>aperiret</strong></span> <span class='ocrx_word' id='word_1_174' title='bbox 325 2194 355 2248; x_wconf 89' lang='lat' dir='ltr'><strong>et</strong></span> <span class='ocrx_word' id='word_1_175' title='bbox 375 2189 503 2268; x_wconf 86' lang='lat' dir='ltr'><strong>legeret.</strong></span> <span class='ocrx_word' id='word_1_176' title='bbox 548 2189 661 2254; x_wconf 85' lang='lat' dir='ltr'><strong>Servus</strong></span> <span class='ocrx_word' id='word_1_177' title='bbox 682 2190 773 2266; x_wconf 84' lang='lat' dir='ltr'><strong>igitur</strong></span> <span class='ocrx_word' id='word_1_178' title='bbox 796 2168 948 2248; x_wconf 86' lang='lat' dir='ltr'><strong>civilatem</strong></span> <span class='ocrx_word' id='word_1_179' title='bbox 982 2196 1014 2250; x_wconf 92' lang='lat' dir='ltr'><strong>et</strong></span> <span class='ocrx_word' id='word_1_180' title='bbox 1042 2188 1166 2249; x_wconf 91' lang='lat' dir='ltr'><strong>domum</strong></span> <span class='ocrx_word' id='word_1_181' title='bbox 1194 2190 1350 2266; x_wconf 84' lang='lat' dir='ltr'><strong>ingressus</strong></span> 
     </span>
     <span class='ocr_line' id='line_1_21' title="bbox 169 2291 1350 2372; baseline -0.003 -18"><span class='ocrx_word' id='word_1_182' title='bbox 169 2294 278 2354; x_wconf 93' lang='lat' dir='ltr'><strong>librum</strong></span> <span class='ocrx_word' id='word_1_183' title='bbox 303 2293 419 2370; x_wconf 84' lang='lat' dir='ltr'><strong>accepit</strong></span> <span class='ocrx_word' id='word_1_184' title='bbox 444 2298 476 2352; x_wconf 90' lang='lat' dir='ltr'><strong>et</strong></span> <span class='ocrx_word' id='word_1_185' title='bbox 497 2293 637 2364; x_wconf 86' lang='lat' dir='ltr'><strong>reerivit,</strong></span> <span class='ocrx_word' id='word_1_186' title='bbox 661 2295 691 2353; x_wconf 93' lang='lat' dir='ltr'><strong>iu</strong></span> <span class='ocrx_word' id='word_1_187' title='bbox 715 2294 762 2353; x_wconf 87' lang='lat' dir='ltr'><strong>via</strong></span> <span class='ocrx_word' id='word_1_188' title='bbox 785 2298 887 2353; x_wconf 91' lang='lat' dir='ltr'><strong>autem</strong></span> <span class='ocrx_word' id='word_1_189' title='bbox 901 2294 1032 2353; x_wconf 86' lang='lat' dir='ltr'><strong>existens</strong></span> <span class='ocrx_word' id='word_1_190' title='bbox 1049 2294 1182 2372; x_wconf 82' lang='lat' dir='ltr'><strong>cogitare</strong></span> <span class='ocrx_word' id='word_1_191' title='bbox 1201 2297 1233 2351; x_wconf 92' lang='lat' dir='ltr'><strong>et</strong></span> <span class='ocrx_word' id='word_1_192' title='bbox 1248 2291 1350 2352; x_wconf 89' lang='lat' dir='ltr'><strong>mirari</strong></span> 
     </span>
     <span class='ocr_line' id='line_1_22' title="bbox 171 2394 1350 2477; baseline -0.003 -19"><span class='ocrx_word' id='word_1_193' title='bbox 171 2399 288 2477; x_wconf 87' lang='lat' dir='ltr'><strong>coepit,</strong></span> <span class='ocrx_word' id='word_1_194' title='bbox 312 2397 385 2475; x_wconf 92' lang='lat' dir='ltr'><strong>quid</strong></span> <span class='ocrx_word' id='word_1_195' title='bbox 408 2404 508 2458; x_wconf 91' lang='lat' dir='ltr'><strong>tamen</strong></span> <span class='ocrx_word' id='word_1_196' title='bbox 531 2398 562 2456; x_wconf 92' lang='lat' dir='ltr'><strong>iu</strong></span> <span class='ocrx_word' id='word_1_197' title='bbox 579 2396 655 2457; x_wconf 91' lang='lat' dir='ltr'><strong>libro</strong></span> <span class='ocrx_word' id='word_1_198' title='bbox 671 2399 817 2474; x_wconf 89' lang='lat' dir='ltr'><strong>scriptum</strong></span> <span class='ocrx_word' id='word_1_199' title='bbox 834 2402 932 2466; x_wconf 82' lang='lat' dir='ltr'><strong>e&#39;sset,</strong></span> <span class='ocrx_word' id='word_1_200' title='bbox 957 2403 986 2455; x_wconf 89' lang='lat' dir='ltr'><strong>et</strong></span> <span class='ocrx_word' id='word_1_201' title='bbox 1003 2414 1062 2474; x_wconf 92' lang='lat' dir='ltr'><strong>qua</strong></span> <span class='ocrx_word' id='word_1_202' title='bbox 1077 2398 1193 2467; x_wconf 89' lang='lat' dir='ltr'><strong>ratione</strong></span> <span class='ocrx_word' id='word_1_203' title='bbox 1210 2394 1350 2455; x_wconf 90' lang='lat' dir='ltr'><strong>dominus</strong></span> 
     </span>
     <span class='ocr_line' id='line_1_23' title="bbox 172 2496 1350 2583; baseline -0.002 -23"><span class='ocrx_word' id='word_1_204' title='bbox 172 2518 244 2560; x_wconf 90' lang='lat' dir='ltr'><strong>suus</strong></span> <span class='ocrx_word' id='word_1_205' title='bbox 268 2503 309 2561; x_wconf 92' lang='lat' dir='ltr'><strong>ita</strong></span> <span class='ocrx_word' id='word_1_206' title='bbox 333 2503 437 2562; x_wconf 87' lang='lat' dir='ltr'><strong>stricte</strong></span> <span class='ocrx_word' id='word_1_207' title='bbox 462 2496 532 2583; x_wconf 86' lang='lat' dir='ltr'><strong>eum</strong></span> <span class='ocrx_word' id='word_1_208' title='bbox 547 2501 650 2580; x_wconf 84' lang='lat' dir='ltr'><strong>legere</strong></span> <span class='ocrx_word' id='word_1_209' title='bbox 666 2501 882 2580; x_wconf 84' lang='lat' dir='ltr'><strong>prohibuisset3</strong></span> <span class='ocrx_word' id='word_1_210' title='bbox 906 2499 1021 2561; x_wconf 87' lang='lat' dir='ltr'><strong>resedit</strong></span> <span class='ocrx_word' id='word_1_211' title='bbox 1042 2517 1130 2578; x_wconf 83' lang='lat' dir='ltr'><strong>ergo,</strong></span> <span class='ocrx_word' id='word_1_212' title='bbox 1154 2500 1262 2560; x_wconf 92' lang='lat' dir='ltr'><strong>librum</strong></span> <span class='ocrx_word' id='word_1_213' title='bbox 1278 2515 1350 2576; x_wconf 90' lang='lat' dir='ltr'><strong>ape·</strong></span> 
     </span>
     <span class='ocr_line' id='line_1_24' title="bbox 171 2603 1352 2683; baseline -0.002 -19"><span class='ocrx_word' id='word_1_214' title='bbox 171 2607 231 2665; x_wconf 90' lang='lat' dir='ltr'><strong>ruit</strong></span> <span class='ocrx_word' id='word_1_215' title='bbox 266 2611 297 2665; x_wconf 91' lang='lat' dir='ltr'><strong>et</strong></span> <span class='ocrx_word' id='word_1_216' title='bbox 330 2622 422 2664; x_wconf 89' lang='lat' dir='ltr'><strong>unum</strong></span> <span class='ocrx_word' id='word_1_217' title='bbox 453 2612 598 2683; x_wconf 89' lang='lat' dir='ltr'><strong>puuctum</strong></span> <span class='ocrx_word' id='word_1_218' title='bbox 627 2605 711 2682; x_wconf 78' lang='lat' dir='ltr'><strong>legit.</strong></span> <span class='ocrx_word' id='word_1_219' title='bbox 748 2605 795 2664; x_wconf 69' lang='lat' dir='ltr'><strong>‘Et</strong></span> <span class='ocrx_word' id='word_1_220' title='bbox 827 2621 916 2676; x_wconf 87' lang='lat' dir='ltr'><strong>ecce,</strong></span> <span class='ocrx_word' id='word_1_221' title='bbox 951 2621 988 2664; x_wconf 93' lang='lat' dir='ltr'><strong>eo</strong></span> <span class='ocrx_word' id='word_1_222' title='bbox 1019 2604 1139 2683; x_wconf 80' lang='lat' dir='ltr'><strong>legente</strong></span> <span class='ocrx_word' id='word_1_223' title='bbox 1169 2603 1352 2664; x_wconf 78' lang='lat' dir='ltr'><strong>ferocissimi</strong></span> 
     </span>
     <span class='ocr_line' id='line_1_25' title="bbox 172 2707 1351 2785; baseline -0.003 -16"><span class='ocrx_word' id='word_1_224' title='bbox 172 2707 324 2770; x_wconf 85' lang='lat' dir='ltr'><strong>dracones</strong></span> <span class='ocrx_word' id='word_1_225' title='bbox 342 2710 428 2770; x_wconf 93' lang='lat' dir='ltr'><strong>multi</strong></span> <span class='ocrx_word' id='word_1_226' title='bbox 459 2708 609 2770; x_wconf 85' lang='lat' dir='ltr'><strong>affuerunt</strong></span> <span class='ocrx_word' id='word_1_227' title='bbox 636 2709 862 2785; x_wconf 84' lang='lat' dir='ltr'><strong>terribilemque</strong></span> <span class='ocrx_word' id='word_1_228' title='bbox 886 2715 1026 2769; x_wconf 87' lang='lat' dir='ltr'><strong>conatum</strong></span> <span class='ocrx_word' id='word_1_229' title='bbox 1057 2710 1088 2769; x_wconf 92' lang='lat' dir='ltr'><strong>in</strong></span> <span class='ocrx_word' id='word_1_230' title='bbox 1112 2725 1183 2768; x_wconf 89' lang='lat' dir='ltr'><strong>eum</strong></span> <span class='ocrx_word' id='word_1_231' title='bbox 1204 2707 1351 2777; x_wconf 85' lang='lat' dir='ltr'><strong>iecerunt,</strong></span> 
     </span>
     <span class='ocr_line' id='line_1_26' title="bbox 174 2810 1352 2898; baseline 0 -28"><span class='ocrx_word' id='word_1_232' title='bbox 174 2812 412 2890; x_wconf 82' lang='lat' dir='ltr'><strong>interrogantes,</strong></span> <span class='ocrx_word' id='word_1_233' title='bbox 437 2812 473 2872; x_wconf 91' lang='lat' dir='ltr'><strong>ad</strong></span> <span class='ocrx_word' id='word_1_234' title='bbox 490 2810 563 2891; x_wconf 93' lang='lat' dir='ltr'><strong>quid</strong></span> <span class='ocrx_word' id='word_1_235' title='bbox 584 2817 724 2874; x_wconf 88' lang='lat' dir='ltr'><strong>vocasset</strong></span> <span class='ocrx_word' id='word_1_236' title='bbox 739 2810 818 2872; x_wconf 81' lang='lat' dir='ltr'><strong>eos?</strong></span> <span class='ocrx_word' id='word_1_237' title='bbox 842 2811 900 2883; x_wconf 87' lang='lat' dir='ltr'><strong>Qui</strong></span> <span class='ocrx_word' id='word_1_238' title='bbox 924 2814 1023 2873; x_wconf 90' lang='lat' dir='ltr'><strong>animo</strong></span> <span class='ocrx_word' id='word_1_239' title='bbox 1047 2818 1183 2898; x_wconf 89' lang='lat' dir='ltr'><strong>assumto</strong></span> <span class='ocrx_word' id='word_1_240' title='bbox 1206 2811 1296 2873; x_wconf 82' lang='lat' dir='ltr'><strong>dixit:</strong></span> <span class='ocrx_word' id='word_1_241' title='bbox 1318 2815 1352 2871; x_wconf 93' lang='lat' dir='ltr'><strong>ut</strong></span> 
     </span>
     <span class='ocr_line' id='line_1_27' title="bbox 171 2915 1351 3001; baseline 0.001 -24"><span class='ocrx_word' id='word_1_242' title='bbox 171 2919 250 2977; x_wconf 88' lang='lat' dir='ltr'><strong>viam</strong></span> <span class='ocrx_word' id='word_1_243' title='bbox 272 2918 362 3001; x_wconf 87' lang='lat' dir='ltr'><strong>istam</strong></span> <span class='ocrx_word' id='word_1_244' title='bbox 384 2916 513 2977; x_wconf 92' lang='lat' dir='ltr'><strong>lutosam</strong></span> <span class='ocrx_word' id='word_1_245' title='bbox 529 2916 650 2995; x_wconf 90' lang='lat' dir='ltr'><strong>quadris</strong></span> <span class='ocrx_word' id='word_1_246' title='bbox 667 2917 808 2976; x_wconf 87' lang='lat' dir='ltr'><strong>sternatis</strong></span> <span class='ocrx_word' id='word_1_247' title='bbox 829 2916 1000 2994; x_wconf 81' lang='lat' dir='ltr'><strong>lapidibus·</strong></span> <span class='ocrx_word' id='word_1_248' title='bbox 1016 2917 1128 2994; x_wconf 87' lang='lat' dir='ltr'><strong>Sioque</strong></span> <span class='ocrx_word' id='word_1_249' title='bbox 1145 2915 1351 2978; x_wconf 86' lang='lat' dir='ltr'><strong>discesserunt</strong></span> 
     </span>
     <span class='ocr_line' id='line_1_28' title="bbox 173 3018 1350 3101; baseline 0.005 -25"><span class='ocrx_word' id='word_1_250' title='bbox 173 3018 208 3077; x_wconf 87' lang='lat' dir='ltr'><strong>ab</strong></span> <span class='ocrx_word' id='word_1_251' title='bbox 232 3035 285 3088; x_wconf 90' lang='lat' dir='ltr'><strong>eo,</strong></span> <span class='ocrx_word' id='word_1_252' title='bbox 310 3024 341 3077; x_wconf 90' lang='lat' dir='ltr'><strong>et</strong></span> <span class='ocrx_word' id='word_1_253' title='bbox 364 3020 409 3077; x_wconf 89' lang='lat' dir='ltr'><strong>via</strong></span> <span class='ocrx_word' id='word_1_254' title='bbox 431 3020 462 3078; x_wconf 92' lang='lat' dir='ltr'><strong>iu</strong></span> <span class='ocrx_word' id='word_1_255' title='bbox 485 3023 643 3081; x_wconf 90' lang='lat' dir='ltr'><strong>crastirum</strong></span> <span class='ocrx_word' id='word_1_256' title='bbox 666 3020 721 3081; x_wconf 85' lang='lat' dir='ltr'><strong>tuit</strong></span> <span class='ocrx_word' id='word_1_257' title='bbox 745 3026 837 3080; x_wconf 90' lang='lat' dir='ltr'><strong>strata</strong></span> <span class='ocrx_word' id='word_1_258' title='bbox 859 3022 938 3081; x_wconf 89' lang='lat' dir='ltr'><strong>siout</strong></span> <span class='ocrx_word' id='word_1_259' title='bbox 963 3023 1181 3101; x_wconf 88' lang='lat' dir='ltr'><strong>imperaverat,</strong></span> <span class='ocrx_word' id='word_1_260' title='bbox 1200 3029 1232 3083; x_wconf 90' lang='lat' dir='ltr'><strong>et</strong></span> <span class='ocrx_word' id='word_1_261' title='bbox 1249 3036 1350 3100; x_wconf 90' lang='lat' dir='ltr'><strong>usque</strong></span> 
     </span>
     <span class='ocr_line' id='line_1_29' title="bbox 172 3118 1351 3204; baseline 0.007 -26"><span class='ocrx_word' id='word_1_262' title='bbox 172 3118 264 3180; x_wconf 91' lang='lat' dir='ltr'><strong>hodie</strong></span> <span class='ocrx_word' id='word_1_263' title='bbox 287 3126 398 3180; x_wconf 87' lang='lat' dir='ltr'><strong>manet.</strong></span> <span class='ocrx_word' id='word_1_264' title='bbox 442 3121 480 3182; x_wconf 89' lang='lat' dir='ltr'><strong>Et</strong></span> <span class='ocrx_word' id='word_1_265' title='bbox 502 3125 560 3182; x_wconf 91' lang='lat' dir='ltr'><strong>nisi</strong></span> <span class='ocrx_word' id='word_1_266' title='bbox 586 3141 691 3184; x_wconf 88' lang='lat' dir='ltr'><strong>servus</strong></span> <span class='ocrx_word' id='word_1_267' title='bbox 712 3124 764 3184; x_wconf 90' lang='lat' dir='ltr'><strong>ille</strong></span> <span class='ocrx_word' id='word_1_268' title='bbox 788 3126 890 3187; x_wconf 89' lang='lat' dir='ltr'><strong>statim</strong></span> <span class='ocrx_word' id='word_1_269' title='bbox 904 3142 1084 3203; x_wconf 89' lang='lat' dir='ltr'><strong>responsum</strong></span> <span class='ocrx_word' id='word_1_270' title='bbox 1101 3143 1266 3204; x_wconf 82' lang='lat' dir='ltr'><strong>congruum</strong></span> <span class='ocrx_word' id='word_1_271' title='bbox 1283 3124 1351 3186; x_wconf 90' lang='lat' dir='ltr'><strong>dra-</strong></span> 
     </span>
     <span class='ocr_line' id='line_1_30' title="bbox 172 3222 1352 3308; baseline 0.006 -26"><span class='ocrx_word' id='word_1_272' title='bbox 172 3224 297 3283; x_wconf 88' lang='lat' dir='ltr'><strong>conibus</strong></span> <span class='ocrx_word' id='word_1_273' title='bbox 328 3222 462 3285; x_wconf 88' lang='lat' dir='ltr'><strong>dedisset</strong></span> <span class='ocrx_word' id='word_1_274' title='bbox 491 3224 595 3305; x_wconf 69' lang='lat'><strong>(209</strong></span> <span class='ocrx_word' id='word_1_275' title='bbox 612 3224 673 3299; x_wconf 69' lang='lat' dir='ltr'><strong>al,</strong></span> <span class='ocrx_word' id='word_1_276' title='bbox 707 3246 835 3306; x_wconf 88' lang='lat' dir='ltr'><strong>corpore</strong></span> <span class='ocrx_word' id='word_1_277' title='bbox 868 3235 899 3290; x_wconf 89' lang='lat' dir='ltr'><strong>et</strong></span> <span class='ocrx_word' id='word_1_278' title='bbox 932 3231 1030 3289; x_wconf 93' lang='lat' dir='ltr'><strong>animo</strong></span> <span class='ocrx_word' id='word_1_279' title='bbox 1059 3231 1210 3308; x_wconf 86' lang='lat' dir='ltr'><strong>periisset.</strong></span> <span class='ocrx_word' id='word_1_280' title='bbox 1256 3226 1352 3289; x_wconf 88' lang='lat' dir='ltr'><strong>Tanta</strong></span> 
     </span>
     <span class='ocr_line' id='line_1_31' title="bbox 173 3316 1352 3411; baseline 0.005 -23"><span class='ocrx_word' id='word_1_281' title='bbox 173 3335 274 3388; x_wconf 87' lang='lat' dir='ltr'><strong>autern</strong></span> <span class='ocrx_word' id='word_1_282' title='bbox 296 3329 325 3388; x_wconf 92' lang='lat' dir='ltr'><strong>iu</strong></span> <span class='ocrx_word' id='word_1_283' title='bbox 350 3335 413 3389; x_wconf 90' lang='lat' dir='ltr'><strong>arte</strong></span> <span class='ocrx_word' id='word_1_284' title='bbox 439 3316 606 3392; x_wconf 87' lang='lat' dir='ltr'><strong>medicinae</strong></span> <span class='ocrx_word' id='word_1_285' title='bbox 632 3333 710 3408; x_wconf 82' lang='lat' dir='ltr'><strong>egit,</strong></span> <span class='ocrx_word' id='word_1_286' title='bbox 743 3335 802 3392; x_wconf 88' lang='lat' dir='ltr'><strong>nisi</strong></span> <span class='ocrx_word' id='word_1_287' title='bbox 833 3333 914 3411; x_wconf 93' lang='lat' dir='ltr'><strong>quod</strong></span> <span class='ocrx_word' id='word_1_288' title='bbox 936 3336 1071 3396; x_wconf 85' lang='lat' dir='ltr'><strong>mortuos</strong></span> <span class='ocrx_word' id='word_1_289' title='bbox 1103 3352 1164 3395; x_wconf 91' lang='lat' dir='ltr'><strong>uon</strong></span> <span class='ocrx_word' id='word_1_290' title='bbox 1186 3336 1352 3405; x_wconf 72' lang='lat' dir='ltr'><strong>suscitavit,</strong></span> 
     </span>
     <span class='ocr_line' id='line_1_32' title="bbox 173 3433 1352 3507; baseline 0.008 -16"><span class='ocrx_word' id='word_1_291' title='bbox 173 3434 273 3492; x_wconf 91' lang='lat' dir='ltr'><strong>omnia</strong></span> <span class='ocrx_word' id='word_1_292' title='bbox 295 3433 471 3495; x_wconf 77' lang='lat' dir='ltr'><strong>incurabilia</strong></span> <span class='ocrx_word' id='word_1_293' title='bbox 494 3437 626 3507; x_wconf 90' lang='lat' dir='ltr'><strong>sanavit,</strong></span> <span class='ocrx_word' id='word_1_294' title='bbox 649 3434 730 3496; x_wconf 91' lang='lat' dir='ltr'><strong>unde</strong></span> <span class='ocrx_word' id='word_1_295' title='bbox 755 3435 790 3495; x_wconf 89' lang='lat' dir='ltr'><strong>ab</strong></span> <span class='ocrx_word' id='word_1_296' title='bbox 814 3437 951 3497; x_wconf 90' lang='lat' dir='ltr'><strong>omuibus</strong></span> <span class='ocrx_word' id='word_1_297' title='bbox 975 3437 1148 3499; x_wconf 87' lang='lat' dir='ltr'><strong>consiliator</strong></span> <span class='ocrx_word' id='word_1_298' title='bbox 1169 3444 1218 3499; x_wconf 89' lang='lat' dir='ltr'><strong>est</strong></span> <span class='ocrx_word' id='word_1_299' title='bbox 1239 3438 1352 3500; x_wconf 86' lang='lat' dir='ltr'><strong>dictus.</strong></span> 
     </span>
     <span class='ocr_line' id='line_1_33' title="bbox 171 3534 1353 3620; baseline 0.006 -24"><span class='ocrx_word' id='word_1_300' title='bbox 171 3534 205 3597; x_wconf 91' lang='lat' dir='ltr'><strong>ln</strong></span> <span class='ocrx_word' id='word_1_301' title='bbox 228 3554 263 3596; x_wconf 89' lang='lat' dir='ltr'><strong>ea</strong></span> <span class='ocrx_word' id='word_1_302' title='bbox 287 3538 407 3598; x_wconf 89' lang='lat' dir='ltr'><strong>civitate</strong></span> <span class='ocrx_word' id='word_1_303' title='bbox 431 3545 500 3599; x_wconf 90' lang='lat' dir='ltr'><strong>suut</strong></span> <span class='ocrx_word' id='word_1_304' title='bbox 531 3544 696 3599; x_wconf 86' lang='lat' dir='ltr'><strong>conventus</strong></span> <span class='ocrx_word' id='word_1_305' title='bbox 728 3536 945 3600; x_wconf 82' lang='lat' dir='ltr'><strong>medicantium</strong></span> <span class='ocrx_word' id='word_1_306' title='bbox 973 3541 1124 3620; x_wconf 84' lang='lat' dir='ltr'><strong>insignes,</strong></span> <span class='ocrx_word' id='word_1_307' title='bbox 1157 3549 1188 3602; x_wconf 85' lang='lat' dir='ltr'><strong>et</strong></span> <span class='ocrx_word' id='word_1_308' title='bbox 1211 3543 1299 3603; x_wconf 90' lang='lat' dir='ltr'><strong>multi</strong></span> <span class='ocrx_word' id='word_1_309' title='bbox 1321 3543 1353 3603; x_wconf 93' lang='lat' dir='ltr'><strong>iu</strong></span> 
     </span>
     <span class='ocr_line' id='line_1_34' title="bbox 174 3639 1437 3721; baseline 0.008 -23"><span class='ocrx_word' id='word_1_310' title='bbox 174 3641 218 3699; x_wconf 90' lang='lat' dir='ltr'><strong>eis</strong></span> <span class='ocrx_word' id='word_1_311' title='bbox 241 3640 389 3700; x_wconf 83' lang='lat' dir='ltr'><strong>Doctores</strong></span> <span class='ocrx_word' id='word_1_312' title='bbox 413 3641 588 3712; x_wconf 89' lang='lat' dir='ltr'><strong>studentes;</strong></span> <span class='ocrx_word' id='word_1_313' title='bbox 625 3644 745 3721; x_wconf 87' lang='lat' dir='ltr'><strong>antiqua</strong></span> <span class='ocrx_word' id='word_1_314' title='bbox 769 3645 850 3703; x_wconf 87' lang='lat' dir='ltr'><strong>enim</strong></span> <span class='ocrx_word' id='word_1_315' title='bbox 874 3649 920 3704; x_wconf 87' lang='lat' dir='ltr'><strong>est</strong></span> <span class='ocrx_word' id='word_1_316' title='bbox 942 3647 1122 3707; x_wconf 84' lang='lat' dir='ltr'><strong>universitas</strong></span> <span class='ocrx_word' id='word_1_317' title='bbox 1150 3647 1191 3706; x_wconf 92' lang='lat' dir='ltr'><strong>ibi</strong></span> <span class='ocrx_word' id='word_1_318' title='bbox 1215 3654 1246 3706; x_wconf 90' lang='lat' dir='ltr'><strong>et</strong></span> <span class='ocrx_word' id='word_1_319' title='bbox 1266 3653 1353 3707; x_wconf 90' lang='lat' dir='ltr'><strong>nota·</strong></span> <span class='ocrx_word' id='word_1_320' title='bbox 1430 3639 1437 3646; x_wconf 75' lang='grc'><strong>’</strong></span> 
     </span>
     <span class='ocr_line' id='line_1_35' title="bbox 173 3744 1353 3810; baseline 0.006 -7"><span class='ocrx_word' id='word_1_321' title='bbox 173 3744 241 3805; x_wconf 92' lang='lat' dir='ltr'><strong>bilis</strong></span> <span class='ocrx_word' id='word_1_322' title='bbox 265 3746 296 3803; x_wconf 93' lang='lat' dir='ltr'><strong>in</strong></span> <span class='ocrx_word' id='word_1_323' title='bbox 320 3748 401 3805; x_wconf 90' lang='lat' dir='ltr'><strong>omui</strong></span> <span class='ocrx_word' id='word_1_324' title='bbox 430 3745 584 3807; x_wconf 87' lang='lat' dir='ltr'><strong>facultate.</strong></span> <span class='ocrx_word' id='word_1_325' title='bbox 630 3746 803 3808; x_wconf 86' lang='lat' dir='ltr'><strong>Conventus</strong></span> <span class='ocrx_word' id='word_1_326' title='bbox 837 3747 963 3808; x_wconf 78' lang='lat' dir='ltr'><strong>fratrum</strong></span> <span class='ocrx_word' id='word_1_327' title='bbox 986 3746 1139 3809; x_wconf 86' lang='lat' dir='ltr'><strong>Minorum</strong></span> <span class='ocrx_word' id='word_1_328' title='bbox 1168 3749 1353 3810; x_wconf 87' lang='lat' dir='ltr'><strong>mirabilium</strong></span> 
     </span>
     <span class='ocr_line' id='line_1_36' title="bbox 175 3853 1353 3932; baseline 0.006 -25"><span class='ocrx_word' id='word_1_329' title='bbox 175 3853 222 3907; x_wconf 90' lang='lat' dir='ltr'><strong>est</strong></span> <span class='ocrx_word' id='word_1_330' title='bbox 245 3853 461 3908; x_wconf 86' lang='lat' dir='ltr'><strong>structurarum</strong></span> <span class='ocrx_word' id='word_1_331' title='bbox 476 3853 686 3926; x_wconf 87' lang='lat' dir='ltr'><strong>pretiosamm.</strong></span> <span class='ocrx_word' id='word_1_332' title='bbox 716 3853 885 3914; x_wconf 84' lang='lat' dir='ltr'><strong>Ecclesiam</strong></span> <span class='ocrx_word' id='word_1_333' title='bbox 901 3854 1043 3932; x_wconf 84' lang='lat' dir='ltr'><strong>grandem</strong></span> <span class='ocrx_word' id='word_1_334' title='bbox 1059 3855 1149 3915; x_wconf 90' lang='lat' dir='ltr'><strong>hahet</strong></span> <span class='ocrx_word' id='word_1_335' title='bbox 1164 3872 1232 3914; x_wconf 88' lang='lat' dir='ltr'><strong>cnm</strong></span> <span class='ocrx_word' id='word_1_336' title='bbox 1244 3853 1353 3914; x_wconf 87' lang='lat' dir='ltr'><strong>multis</strong></span> 
     </span>
     <span class='ocr_line' id='line_1_37' title="bbox 173 3949 1352 4037; baseline 0.007 -27"><span class='ocrx_word' id='word_1_337' title='bbox 173 3949 304 4010; x_wconf 91' lang='lat' dir='ltr'><strong>turribus</strong></span> <span class='ocrx_word' id='word_1_338' title='bbox 328 3950 412 4022; x_wconf 91' lang='lat' dir='ltr'><strong>altis,</strong></span> <span class='ocrx_word' id='word_1_339' title='bbox 444 3952 479 4012; x_wconf 85' lang='lat' dir='ltr'><strong>ad</strong></span> <span class='ocrx_word' id='word_1_340' title='bbox 503 3956 603 4014; x_wconf 79' lang='lat' dir='ltr'><strong>instar</strong></span> <span class='ocrx_word' id='word_1_341' title='bbox 621 3955 768 4018; x_wconf 86' lang='lat' dir='ltr'><strong>eeclesiae</strong></span> <span class='ocrx_word' id='word_1_342' title='bbox 791 3958 822 4037; x_wconf 80' lang='lat' dir='ltr'><strong>S.</strong></span> <span class='ocrx_word' id='word_1_343' title='bbox 846 3958 998 4036; x_wconf 88' lang='lat' dir='ltr'><strong>sepulchri</strong></span> <span class='ocrx_word' id='word_1_344' title='bbox 1030 3961 1059 4018; x_wconf 91' lang='lat' dir='ltr'><strong>iu</strong></span> <span class='ocrx_word' id='word_1_345' title='bbox 1083 3957 1269 4028; x_wconf 85' lang='lat' dir='ltr'><strong>Jerusalem,</strong></span> <span class='ocrx_word' id='word_1_346' title='bbox 1299 3976 1352 4018; x_wconf 92' lang='lat' dir='ltr'><strong>ro·</strong></span> 
     </span>
     <span class='ocr_line' id='line_1_38' title="bbox 94 4051 1353 4135; baseline 0.017 -30"><span class='ocrx_word' id='word_1_347' title='bbox 94 4098 99 4105; x_wconf 95' lang='lat'>.</span> <span class='ocrx_word' id='word_1_348' title='bbox 174 4051 269 4113; x_wconf 89' lang='lat' dir='ltr'><strong>tundo</strong></span> <span class='ocrx_word' id='word_1_349' title='bbox 292 4070 384 4130; x_wconf 92' lang='lat' dir='ltr'><strong>opere</strong></span> <span class='ocrx_word' id='word_1_350' title='bbox 409 4054 610 4128; x_wconf 84' lang='lat' dir='ltr'><strong>aedificatam,</strong></span> <span class='ocrx_word' id='word_1_351' title='bbox 646 4066 678 4119; x_wconf 91' lang='lat' dir='ltr'><strong>et</strong></span> <span class='ocrx_word' id='word_1_352' title='bbox 700 4067 802 4122; x_wconf 49' lang='lat' dir='ltr'><strong>totum*</strong></span> <span class='ocrx_word' id='word_1_353' title='bbox 826 4071 940 4125; x_wconf 86' lang='lat' dir='ltr'><strong>tectum</strong></span> <span class='ocrx_word' id='word_1_354' title='bbox 970 4063 1135 4135; x_wconf 88' lang='lat' dir='ltr'><strong>ecclesiae,</strong></span> <span class='ocrx_word' id='word_1_355' title='bbox 1168 4064 1296 4124; x_wconf 89' lang='lat' dir='ltr'><strong>turrium</strong></span> <span class='ocrx_word' id='word_1_356' title='bbox 1320 4073 1353 4127; x_wconf 87' lang='lat' dir='ltr'><strong>et</strong></span> 
     </span>
     <span class='ocr_line' id='line_1_39' title="bbox 175 4157 1353 4244; baseline 0.01 -26"><span class='ocrx_word' id='word_1_357' title='bbox 175 4157 389 4237; x_wconf 87' lang='lat' dir='ltr'><strong>campanihum</strong></span> <span class='ocrx_word' id='word_1_358' title='bbox 410 4159 534 4241; x_wconf 90' lang='lat' dir='ltr'><strong>plumbo</strong></span> <span class='ocrx_word' id='word_1_359' title='bbox 558 4170 784 4244; x_wconf 76' lang='lat' dir='ltr'><strong>estepanum,</strong></span> <span class='ocrx_word' id='word_1_360' title='bbox 808 4168 843 4229; x_wconf 88' lang='lat' dir='ltr'><strong>ab</strong></span> <span class='ocrx_word' id='word_1_361' title='bbox 866 4171 948 4230; x_wconf 84' lang='lat' dir='ltr'><strong>intus</strong></span> <span class='ocrx_word' id='word_1_362' title='bbox 970 4184 1042 4231; x_wconf 88' lang='lat' dir='ltr'><strong>vero</strong></span> <span class='ocrx_word' id='word_1_363' title='bbox 1065 4167 1164 4234; x_wconf 83' lang='lat' dir='ltr'><strong>omnia</strong></span> <span class='ocrx_word' id='word_1_364' title='bbox 1179 4169 1353 4230; x_wconf 83' lang='lat' dir='ltr'><strong>sunt-vario</strong></span> 
     </span>
    </p>
   </div>
   <div class='ocr_carea' id='block_1_5' title="bbox 0 0 1461 4710">
    <p class='ocr_par' dir='ltr' id='par_1_5' title="bbox 0 0 1461 4710">
     <span class='ocr_line' id='line_1_40' title="bbox 0 0 1461 4710; baseline 0 0"><span class='ocrx_word' id='word_1_365' title='bbox 0 0 1461 4710; x_wconf 95' lang='lat' dir='ltr'><strong> </strong></span> 
     </span>
    </p>
   </div>
  </div>
 </body>
</html>
