2874 4770
594 140 597 151 ¹
696 224 707 235 ,
757 145 828 216 aas·

196 331 262 393 nuit
285 328 473 392 adlabores.
503 326 638 408 Ingressi
661 345 734 407 ergo
758 344 863 389 sumus
887 326 1004 406 galeas,
1026 325 1058 386 in
1081 326 1197 404 quibus
1221 330 1287 390 iam
1309 346 1383 408 mag·

197 453 253 497 nus
284 435 399 497 clamor
431 442 463 497 et
484 435 570 495 labor
600 433 657 494 init
693 439 724 493 et
757 433 945 512 praeparatio
977 428 1015 490 ad
1048 447 1232 504 recessum
1268 433 1384 494 sublatis

198 557 269 618 ergo
293 538 434 600 anchoris
464 545 495 600 el
517 535 607 599 illatis
640 537 737 596 barcis
769 543 801 596 et
824 535 930 595 solutis
953 533 1095 595 transillis
1131 541 1164 597 et
1188 544 1286 597 vento
1309 556 1384 598 cnm·

197 643 298 703 missis
331 643 406 703 velis
440 644 525 703 suavi
552 644 741 721 navigatione
759 646 847 701 <extra
870 647 990 720 portum
1015 643 1113 700 evecti
1147 659 1280 713 sumus,
1315 648 1384 702 tan·

198 762 288 825 quarn
311 748 337 807 si
360 747 465 825 regina
488 745 566 806 coeli
589 744 641 806 tali
663 745 786 805 oraculo
809 762 865 804 nos
890 744 1110 822 alloqueretur:

336 862 449 930 Pergite
466 864 521 930 jum
540 860 648 928 miseri,
667 867 763 914 sancta
780 861 932 915 Theotocns
951 860 1051 931 inquit,

335 949 370 1001 Et
387 950 457 1002 velia
476 949 578 1002 inflatis
597 956 691 1018 portus
708 949 808 1002 intrate
827 949 960 1003 salubres.

285 1074 397 1155 Sicque
420 1077 565 1138 licentiati
588 1094 604 1137 a
626 1076 800 1137 beatissima
822 1072 919 1136 Maria
947 1073 1071 1151 Virgine
1100 1075 1132 1134 in
1157 1072 1307 1154 Aegeum
1339 1095 1384 1156 po·

197 1180 299 1258 legum
333 1182 539 1260 navigavimus
575 1187 607 1241 el
638 1181 670 1240 in
703 1179 788 1240 brevi
820 1181 918 1257 spatio
947 1185 1037 1239 vento
1066 1197 1220 1257 prospero
1260 1180 1384 1243 ducente

198 1284 323 1347 multam
344 1287 424 1346 viam
447 1285 574 1346 iacimus
599 1291 630 1344 ct
652 1302 707 1362 per
730 1289 823 1361 totam
846 1291 967 1343 noctem
996 1299 1065 1342 cum
1085 1281 1320 1359 jocundissimo
1342 1303 1385 1346 ce-

197 1390 329 1452 leumate
354 1396 384 1450 et
406 1390 496 1450 lunae
526 1389 689 1469 splendore
712 1388 840 1467 proiecti
866 1387 965 1467 (18ss
976 1383 1019 1464 a)
1043 1404 1097 1466 per
1119 1405 1208 1449 marc
1235 1392 1269 1449 in
1294 1390 1385 1451 altitu·

199 1493 299 1555 dinem
324 1492 390 1570 ejus
412 1494 562 1554 venimus.
598 1493 740 1555 Sedimus
764 1498 865 1553 autem
888 1493 1026 1571 superius
1051 1509 1120 1552 cum
1145 1494 1285 1570 galeotis
1309 1496 1384 1574 quasi

198 1614 254 1676 per
277 1605 371 1659 totam
395 1605 516 1659 noctem
541 1596 767 1659 confabulantes
792 1597 829 1658 de
845 1596 982 1659 diversis.
1013 1593 1100 1655 Unde
1125 1597 1258 1674 quidam
1285 1616 1384 1660 eorum

198 1700 285 1773 dixit,
308 1703 339 1762 in
361 1702 417 1763 hac
440 1709 526 1781 parte
549 1704 640 1763 maris
664 1700 822 1780 aliquando
846 1700 941 1761 luisse
964 1701 1042 1761 visas
1058 1700 1199 1772 Sirenas,
1225 1701 1383 1781 dequibus

200 1805 326 1878 dicitur,
351 1806 432 1885 quod
454 1809 516 1868 sint
539 1814 673 1868 monstra
696 1808 809 1867 marina
833 1823 955 1884 magna,
982 1805 1017 1865 ah
1040 1803 1186 1866 umbilico
1211 1813 1247 1866 et.
1271 1803 1384 1867 sursum

199 1909 341 1975 habentia
363 1910 491 1971 formam
517 1913 652 1990 virginis,
677 1911 802 1971 inferius
826 1910 954 1970 formam
977 1911 1085 1989 piscis,
1111 1916 1143 1968 et
1167 1913 1259 1971 suavi
1284 1911 1382 1971 modu·

199 2014 312 2074 latione
336 2021 441 2075 canius
465 2018 641 2094 navigantes
664 2015 834 2076 obdormire
858 2014 989 2086 faciunt,
1013 2013 1095 2093 quod
1123 2012 1198 2074 dtvm
1223 2018 1330 2087 sentit,
1352 2014 1382 2076 ad

198 2134 305 2178 navem
329 2118 443 2179 accedit
470 2127 509 2191 et,
535 2137 624 2197 quem
647 2122 759 2200 poterit
773 2137 891 2199 rapere,
915 2137 1020 2180 secum
1045 2108 1129 2181 ducit
1152 2118 1191 2180 ad
1205 2118 1314 2180 locum
1330 2121 1381 2179 sic-

200 2241 285 2295 cum,
309 2231 340 2284 et
363 2225 460 2304 primo
484 2227 585 2304 ipsum
608 2242 713 2286 secum
737 2226 817 2294 coire
842 2226 932 2302 cogit,
957 2230 985 2283 et
1004 2224 1028 2282 si
1045 2223 1104 2283 hob
1123 2222 1231 2283 iacere
1246 2215 1381 2294 noluerit,

197 2328 246 2391 vel
269 2346 328 2388 non
352 2331 502 2408 potuerit,
525 2331 556 2389 in
579 2347 650 2390 euru
672 2331 732 2389 ruit
755 2336 786 2389 et
807 2329 930 2415 perimit
953 2326 1078 2406 ejusque
1103 2343 1212 2397 carnes
1240 2328 1378 2407 comedit

197 2431 366 2510 Aliquando
390 2431 529 2493 videntur
552 2439 583 2493 et
604 2451 664 2493 non
688 2440 813 2504 canunt,
849 2439 881 2493 et
903 2439 975 2492 tunc
1002 2437 1111 2492 nautae
1144 2432 1191 2490 eis
1223 2432 1381 2510 projiciunt

197 2534 318 2615 lagenas
339 2554 459 2607 vacuas,
483 2556 552 2597 cum
575 2539 682 2615 quihus
706 2537 821 2607 ludunt,
849 2536 946 2597 donec
970 2536 1053 2596 navis
1077 2542 1283 2613 pertranseat.

285 2639 319 2701 ln
351 2642 475 2701 historia
505 2638 667 2702 Alexandri
697 2639 800 2720 Magni
832 2640 869 2701 de
899 2629 946 2700 his
980 2640 1099 2718 legitur.
1145 2637 1244 2701 Porro
1280 2648 1381 2722 poelae

199 2742 319 2816 dicunt,
343 2751 470 2823 quatuor
493 2743 586 2807 luisse
610 2746 750 2816 Sirenas,
789 2746 863 2806 filias
887 2743 1013 2805 Acheloi
1048 2751 1079 2803 et
1101 2742 1232 2817 Musae,
1260 2763 1381 2825 quarum

199 2849 293 2927 prima
309 2865 393 2920 voce,
418 2844 511 2912 altera
527 2849 649 2921 cithara,
673 2851 760 2909 tertia
786 2851 876 2921 tibia,
901 2856 1006 2927 quarta
1030 2855 1172 2928 lympano
1198 2858 1293 2912 cantu
1316 2869 1381 2911 con·

201 2951 359 3023 cinnahat,
391 2962 535 3033 erantque
559 2958 660 3016 sociae
682 2954 897 3035 Proserpinae,
938 2972 1028 3033 quam
1052 2954 1243 3032 raptamdiu
1269 2957 1382 3036 quaesi·

198 3060 318 3123 verunt,
355 3055 410 3115 sed
433 3057 504 3119 dum
527 3062 662 3122 invenire
686 3059 823 3120 sodalem
845 3062 1020 3138 nequirent,
1054 3059 1084 3118 in
1109 3067 1247 3122 monstra
1273 3063 1382 3122 marina

201 3175 365 3219 conversae
389 3169 468 3223 sunl.

285 3261 331 3322 De
354 3261 463 3344 Ulysse
487 3269 614 3349 legitur,
638 3269 717 3350 quod
742 3269 812 3330 dum
836 3288 892 3349 per
915 3286 996 3330 mare
1019 3274 1178 3348 vagaretur
1202 3277 1232 3331 et
1259 3272 1297 3334 ad
1319 3272 1382 3332 loca

200 3366 374 3430 Sirenarum
398 3374 547 3446 venisset,
572 3375 717 3436 obstruxit
735 3376 869 3434 omnium
886 3393 1008 3433 suorum
1024 3376 1176 3435 sociorum
1197 3394 1290 3438 aures
1316 3393 1382 3436 cera

200 3477 287 3534 etse
313 3476 392 3536 malo
417 3480 500 3541 navis
532 3479 645 3558 alligari
672 3478 764 3556 jussit
799 3486 829 3539 ct
852 3481 897 3538 sic
921 3481 965 3539 eis
989 3474 1164 3539 canentibus
1187 3480 1256 3540 loca
1281 3500 1382 3543 earum

198 3586 380 3660 pertransiit.
425 3584 491 3644 Nec
514 3592 584 3644 sunt
607 3584 775 3655 timcndae,
812 3583 931 3660 quando
956 3583 1080 3644 secundi
1104 3585 1185 3645 venti
1208 3584 1300 3658 llant,
1330 3585 1383 3647 sed

198 3686 227 3743 in
253 3685 386 3746 adversis
418 3688 649 3765 tempestatibus
680 3687 813 3767 gaudent
847 3695 877 3747 et
900 3693 1020 3748 canunt.
1066 3687 1102 3746 Et
1131 3707 1187 3766 pro
1217 3699 1321 3762 certo,
1357 3695 1382 3753 si

198 3795 304 3848 cantus
327 3803 433 3848 earum
456 3787 575 3850 auditur
589 3797 728 3870 tempore
749 3794 948 3872 tempestatis,
973 3798 1102 3871 oportet,
1120 3792 1201 3870 quod
1218 3794 1381 3856 altissimas

198 3909 290 3952 voces
313 3891 463 3962 habeant,
487 3910 563 3969 quae
588 3899 650 3952 tam
673 3896 799 3958 terribili
822 3899 913 3957 maris
938 3899 1037 3957 sonitu
1060 3896 1263 3976 praevaleant.
1310 3898 1383 3959 ldeo

199 3994 291 4071 aliqui
313 3993 426 4062 dicunt,
451 3992 531 4070 quod
546 3993 618 4053 dum
642 4014 751 4058 canere
766 4000 923 4080 incipiunt,
939 4004 968 4062 in
984 4009 1137 4080 stuporem
1162 4007 1193 4060 et
1217 4007 1383 4064 amentiam

199 4095 355 4173 audientes
373 4101 493 4155 vertunt
508 4105 633 4176 propter
646 4104 729 4164 vocis
754 4106 992 4184 magnitudinem
1015 4116 1047 4170 et
1069 4106 1244 4167 horribilem
1271 4124 1384 4169 sonum

199 4207 231 4264 ei
251 4199 473 4265 intolerabilem
496 4203 670 4268 clamorem.
