<?xml version="1.0" encoding="UTF-8"?>
<!DOCTYPE html PUBLIC "-//W3C//DTD XHTML 1.0 Transitional//EN"
    "http://www.w3.org/TR/xhtml1/DTD/xhtml1-transitional.dtd">
<html xmlns="http://www.w3.org/1999/xhtml" xml:lang="en" lang="en">
 <head>
  <title>
</title>
<meta http-equiv="Content-Type" content="text/html;charset=utf-8" />
  <meta name='ocr-system' content='tesseract 3.04.00' />
  <meta name='ocr-capabilities' content='ocr_page ocr_carea ocr_par ocr_line ocrx_word'/>
</head>
<body>
  <div class='ocr_page' id='page_1' title='image "./fratrisfelicisf00fabrgoog_0253.png"; bbox 0 0 2874 4770; ppageno 0'>
   <div class='ocr_carea' id='block_1_1' title="bbox 679 115 747 187">
    <p class='ocr_par' dir='ltr' id='par_1_1' title="bbox 679 115 747 187">
     <span class='ocr_line' id='line_1_1' title="bbox 679 115 747 187; baseline 0 0"><span class='ocrx_word' id='word_1_1' title='bbox 679 115 747 187; x_wconf 74' lang='lat'><strong>250</strong></span> 
     </span>
    </p>
   </div>
   <div class='ocr_carea' id='block_1_2' title="bbox 94 293 1305 4226">
    <p class='ocr_par' dir='ltr' id='par_1_2' title="bbox 94 293 1305 4226">
     <span class='ocr_line' id='line_1_2' title="bbox 122 293 1301 376; baseline -0.001 -17"><span class='ocrx_word' id='word_1_2' title='bbox 122 301 207 368; x_wconf 89' lang='lat' dir='ltr'><strong>runt,</strong></span> <span class='ocrx_word' id='word_1_3' title='bbox 232 295 289 358; x_wconf 84' lang='lat' dir='ltr'><strong>sod</strong></span> <span class='ocrx_word' id='word_1_4' title='bbox 309 313 403 359; x_wconf 91' lang='lat' dir='ltr'><strong>nemo</strong></span> <span class='ocrx_word' id='word_1_5' title='bbox 424 293 566 376; x_wconf 76' lang='lat' dir='ltr'><strong>sperabat</strong></span> <span class='ocrx_word' id='word_1_6' title='bbox 585 293 618 356; x_wconf 91' lang='lat' dir='ltr'><strong>id</strong></span> <span class='ocrx_word' id='word_1_7' title='bbox 632 296 756 373; x_wconf 75' lang='lat' dir='ltr'><strong>assequi</strong></span> <span class='ocrx_word' id='word_1_8' title='bbox 777 299 903 376; x_wconf 88' lang='lat' dir='ltr'><strong>propter</strong></span> <span class='ocrx_word' id='word_1_9' title='bbox 916 293 1099 357; x_wconf 78' lang='lat' dir='ltr'><strong>inevitabilia</strong></span> <span class='ocrx_word' id='word_1_10' title='bbox 1119 295 1301 358; x_wconf 88' lang='lat' dir='ltr'><strong>discrimina.</strong></span> 
     </span>
     <span class='ocr_line' id='line_1_3' title="bbox 122 397 1302 473; baseline -0.003 -9"><span class='ocrx_word' id='word_1_11' title='bbox 122 402 194 464; x_wconf 78' lang='lat' dir='ltr'><strong>Erat</strong></span> <span class='ocrx_word' id='word_1_12' title='bbox 215 408 318 463; x_wconf 85' lang='lat' dir='ltr'><strong>autem</strong></span> <span class='ocrx_word' id='word_1_13' title='bbox 340 400 451 461; x_wconf 80' lang='lat' dir='ltr'><strong>Peleus</strong></span> <span class='ocrx_word' id='word_1_14' title='bbox 473 406 546 461; x_wconf 90' lang='lat' dir='ltr'><strong>tunc</strong></span> <span class='ocrx_word' id='word_1_15' title='bbox 568 417 621 460; x_wconf 83' lang='lat' dir='ltr'><strong>rex</strong></span> <span class='ocrx_word' id='word_1_16' title='bbox 644 397 835 473; x_wconf 79' lang='lat' dir='ltr'><strong>Thessaliae,</strong></span> <span class='ocrx_word' id='word_1_17' title='bbox 868 401 917 459; x_wconf 90' lang='lat' dir='ltr'><strong>cui</strong></span> <span class='ocrx_word' id='word_1_18' title='bbox 939 400 1063 461; x_wconf 91' lang='lat' dir='ltr'><strong>oraculo</strong></span> <span class='ocrx_word' id='word_1_19' title='bbox 1093 400 1210 463; x_wconf 87' lang='lat' dir='ltr'><strong>dictum</strong></span> <span class='ocrx_word' id='word_1_20' title='bbox 1240 402 1302 472; x_wconf 90' lang='lat' dir='ltr'><strong>fuit,</strong></span> 
     </span>
     <span class='ocr_line' id='line_1_4' title="bbox 124 503 1304 586; baseline 0.002 -20"><span class='ocrx_word' id='word_1_21' title='bbox 124 504 220 585; x_wconf 90' lang='lat' dir='ltr'><strong>quod,</strong></span> <span class='ocrx_word' id='word_1_22' title='bbox 251 504 370 584; x_wconf 65' lang='lat' dir='ltr'><strong>quaudo</strong></span> <span class='ocrx_word' id='word_1_23' title='bbox 400 506 497 565; x_wconf 89' lang='lat' dir='ltr'><strong>sacris</strong></span> <span class='ocrx_word' id='word_1_24' title='bbox 531 504 665 583; x_wconf 80' lang='lat' dir='ltr'><strong>Neptuni</strong></span> <span class='ocrx_word' id='word_1_25' title='bbox 696 516 821 582; x_wconf 88' lang='lat' dir='ltr'><strong>operam</strong></span> <span class='ocrx_word' id='word_1_26' title='bbox 851 503 936 565; x_wconf 89' lang='lat' dir='ltr'><strong>daret</strong></span> <span class='ocrx_word' id='word_1_27' title='bbox 970 512 1001 565; x_wconf 84' lang='lat' dir='ltr'><strong>et</strong></span> <span class='ocrx_word' id='word_1_28' title='bbox 1028 505 1148 568; x_wconf 88' lang='lat' dir='ltr'><strong>videret</strong></span> <span class='ocrx_word' id='word_1_29' title='bbox 1175 508 1304 586; x_wconf 85' lang='lat' dir='ltr'><strong>aliquem</strong></span> 
     </span>
     <span class='ocr_line' id='line_1_5' title="bbox 123 607 1304 690; baseline 0.001 -19"><span class='ocrx_word' id='word_1_30' title='bbox 123 608 204 673; x_wconf 89' lang='lat' dir='ltr'><strong>nudo</strong></span> <span class='ocrx_word' id='word_1_31' title='bbox 235 608 314 689; x_wconf 87' lang='lat' dir='ltr'><strong>pede</strong></span> <span class='ocrx_word' id='word_1_32' title='bbox 345 625 465 669; x_wconf 88' lang='lat' dir='ltr'><strong>sacrum</strong></span> <span class='ocrx_word' id='word_1_33' title='bbox 495 607 630 688; x_wconf 78' lang='lat' dir='ltr'><strong>ingredi,</strong></span> <span class='ocrx_word' id='word_1_34' title='bbox 662 610 797 685; x_wconf 87' lang='lat' dir='ltr'><strong>proxime</strong></span> <span class='ocrx_word' id='word_1_35' title='bbox 828 611 991 670; x_wconf 87' lang='lat' dir='ltr'><strong>moriturus</strong></span> <span class='ocrx_word' id='word_1_36' title='bbox 1023 617 1116 670; x_wconf 86' lang='lat' dir='ltr'><strong>esset.</strong></span> <span class='ocrx_word' id='word_1_37' title='bbox 1175 611 1304 690; x_wconf 86' lang='lat' dir='ltr'><strong>Contigit</strong></span> 
     </span>
     <span class='ocr_line' id='line_1_6' title="bbox 124 710 1302 790; baseline 0.004 -18"><span class='ocrx_word' id='word_1_38' title='bbox 124 719 224 773; x_wconf 88' lang='lat' dir='ltr'><strong>autern</strong></span> <span class='ocrx_word' id='word_1_39' title='bbox 247 730 284 774; x_wconf 89' lang='lat' dir='ltr'><strong>eo</strong></span> <span class='ocrx_word' id='word_1_40' title='bbox 307 711 479 774; x_wconf 78' lang='lat' dir='ltr'><strong>celebrante</strong></span> <span class='ocrx_word' id='word_1_41' title='bbox 501 729 603 783; x_wconf 91' lang='lat' dir='ltr'><strong>sacra,</strong></span> <span class='ocrx_word' id='word_1_42' title='bbox 624 710 769 773; x_wconf 76' lang='lat' dir='ltr'><strong>tasonem</strong></span> <span class='ocrx_word' id='word_1_43' title='bbox 791 712 927 774; x_wconf 91' lang='lat' dir='ltr'><strong>inclitum</strong></span> <span class='ocrx_word' id='word_1_44' title='bbox 939 711 1085 790; x_wconf 81' lang='lat' dir='ltr'><strong>juvenem</strong></span> <span class='ocrx_word' id='word_1_45' title='bbox 1107 714 1302 778; x_wconf 79' lang='lat' dir='ltr'><strong>festinantem</strong></span> 
     </span>
     <span class='ocr_line' id='line_1_7' title="bbox 124 813 1301 898; baseline 0.004 -22"><span class='ocrx_word' id='word_1_46' title='bbox 124 813 305 876; x_wconf 88' lang='lat' dir='ltr'><strong>adsacrum</strong></span> <span class='ocrx_word' id='word_1_47' title='bbox 334 818 365 876; x_wconf 93' lang='lat' dir='ltr'><strong>iu</strong></span> <span class='ocrx_word' id='word_1_48' title='bbox 386 815 459 877; x_wconf 90' lang='lat' dir='ltr'><strong>limo</strong></span> <span class='ocrx_word' id='word_1_49' title='bbox 482 813 615 876; x_wconf 89' lang='lat' dir='ltr'><strong>fluminis</strong></span> <span class='ocrx_word' id='word_1_50' title='bbox 638 815 877 878; x_wconf 87' lang='lat' dir='ltr'><strong>calceamentum</strong></span> <span class='ocrx_word' id='word_1_51' title='bbox 910 816 1034 878; x_wconf 90' lang='lat' dir='ltr'><strong>alterius</strong></span> <span class='ocrx_word' id='word_1_52' title='bbox 1057 817 1145 897; x_wconf 87' lang='lat' dir='ltr'><strong>pedis</strong></span> <span class='ocrx_word' id='word_1_53' title='bbox 1169 821 1301 898; x_wconf 89' lang='lat' dir='ltr'><strong>liquisse,</strong></span> 
     </span>
     <span class='ocr_line' id='line_1_8' title="bbox 124 917 1302 999; baseline 0.004 -20"><span class='ocrx_word' id='word_1_54' title='bbox 124 917 206 998; x_wconf 91' lang='lat' dir='ltr'><strong>quod</strong></span> <span class='ocrx_word' id='word_1_55' title='bbox 236 919 343 981; x_wconf 86' lang='lat' dir='ltr'><strong>videns</strong></span> <span class='ocrx_word' id='word_1_56' title='bbox 372 918 482 982; x_wconf 84' lang='lat' dir='ltr'><strong>Peleus</strong></span> <span class='ocrx_word' id='word_1_57' title='bbox 514 921 633 999; x_wconf 81' lang='lat' dir='ltr'><strong>expavit</strong></span> <span class='ocrx_word' id='word_1_58' title='bbox 663 923 818 999; x_wconf 89' lang='lat' dir='ltr'><strong>suasitque</strong></span> <span class='ocrx_word' id='word_1_59' title='bbox 851 920 988 992; x_wconf 81' lang='lat' dir='ltr'><strong>lasani,¹</strong></span> <span class='ocrx_word' id='word_1_60' title='bbox 1013 927 1047 981; x_wconf 92' lang='lat' dir='ltr'><strong>ut</strong></span> <span class='ocrx_word' id='word_1_61' title='bbox 1077 922 1211 984; x_wconf 88' lang='lat' dir='ltr'><strong>Colchos</strong></span> <span class='ocrx_word' id='word_1_62' title='bbox 1247 926 1302 984; x_wconf 91' lang='lat' dir='ltr'><strong>iret</strong></span> 
     </span>
     <span class='ocr_line' id='line_1_9' title="bbox 123 1012 1301 1104; baseline 0 -18"><span class='ocrx_word' id='word_1_63' title='bbox 123 1040 249 1086; x_wconf 84' lang='lat' dir='ltr'><strong>aureum</strong></span> <span class='ocrx_word' id='word_1_64' title='bbox 270 1023 368 1087; x_wconf 81' lang='lat' dir='ltr'><strong>vellus</strong></span> <span class='ocrx_word' id='word_1_65' title='bbox 390 1025 596 1104; x_wconf 88' lang='lat' dir='ltr'><strong>quaesiturus,</strong></span> <span class='ocrx_word' id='word_1_66' title='bbox 630 1041 701 1086; x_wconf 91' lang='lat' dir='ltr'><strong>eum</strong></span> <span class='ocrx_word' id='word_1_67' title='bbox 723 1012 784 1085; x_wconf 88' lang='lat' dir='ltr'><strong>non</strong></span> <span class='ocrx_word' id='word_1_68' title='bbox 807 1022 974 1086; x_wconf 85' lang='lat' dir='ltr'><strong>rediturum</strong></span> <span class='ocrx_word' id='word_1_69' title='bbox 1007 1025 1200 1099; x_wconf 89' lang='lat' dir='ltr'><strong>existimans,</strong></span> <span class='ocrx_word' id='word_1_70' title='bbox 1236 1045 1301 1088; x_wconf 91' lang='lat' dir='ltr'><strong>cum</strong></span> 
     </span>
     <span class='ocr_line' id='line_1_10' title="bbox 124 1126 1302 1208; baseline 0 -19"><span class='ocrx_word' id='word_1_71' title='bbox 124 1127 273 1199; x_wconf 84' lang='lat' dir='ltr'><strong>audisset,</strong></span> <span class='ocrx_word' id='word_1_72' title='bbox 297 1145 374 1205; x_wconf 87' lang='lat' dir='ltr'><strong>opus</strong></span> <span class='ocrx_word' id='word_1_73' title='bbox 397 1145 468 1188; x_wconf 89' lang='lat' dir='ltr'><strong>esse</strong></span> <span class='ocrx_word' id='word_1_74' title='bbox 491 1128 631 1188; x_wconf 90' lang='lat' dir='ltr'><strong>humanis</strong></span> <span class='ocrx_word' id='word_1_75' title='bbox 653 1129 767 1189; x_wconf 82' lang='lat' dir='ltr'><strong>viribus</strong></span> <span class='ocrx_word' id='word_1_76' title='bbox 783 1127 995 1207; x_wconf 81' lang='lat' dir='ltr'><strong>insuperabile.</strong></span> <span class='ocrx_word' id='word_1_77' title='bbox 1027 1126 1087 1199; x_wconf 87' lang='lat' dir='ltr'><strong>Qui</strong></span> <span class='ocrx_word' id='word_1_78' title='bbox 1110 1130 1302 1208; x_wconf 78' lang='lat' dir='ltr'><strong>expeditione</strong></span> 
     </span>
     <span class='ocr_line' id='line_1_11' title="bbox 94 1225 1301 1308; baseline 0.002 -16"><span class='ocrx_word' id='word_1_79' title='bbox 94 1225 97 1232; x_wconf 72' lang='grc'><strong>’</strong></span> <span class='ocrx_word' id='word_1_80' title='bbox 124 1238 256 1292; x_wconf 89' lang='lat' dir='ltr'><strong>assumta</strong></span> <span class='ocrx_word' id='word_1_81' title='bbox 278 1230 423 1292; x_wconf 86' lang='lat' dir='ltr'><strong>fabricata</strong></span> <span class='ocrx_word' id='word_1_82' title='bbox 444 1236 492 1291; x_wconf 91' lang='lat' dir='ltr'><strong>est</strong></span> <span class='ocrx_word' id='word_1_83' title='bbox 513 1230 557 1291; x_wconf 92' lang='lat' dir='ltr'><strong>illi</strong></span> <span class='ocrx_word' id='word_1_84' title='bbox 579 1232 662 1291; x_wconf 84' lang='lat' dir='ltr'><strong>uaris</strong></span> <span class='ocrx_word' id='word_1_85' title='bbox 685 1230 792 1308; x_wconf 90' lang='lat' dir='ltr'><strong>longa,</strong></span> <span class='ocrx_word' id='word_1_86' title='bbox 816 1237 847 1290; x_wconf 90' lang='lat' dir='ltr'><strong>et</strong></span> <span class='ocrx_word' id='word_1_87' title='bbox 869 1229 985 1292; x_wconf 90' lang='lat' dir='ltr'><strong>nobiles</strong></span> <span class='ocrx_word' id='word_1_88' title='bbox 1004 1231 1151 1294; x_wconf 84' lang='lat' dir='ltr'><strong>Graeciae</strong></span> <span class='ocrx_word' id='word_1_89' title='bbox 1174 1234 1301 1294; x_wconf 81' lang='lat' dir='ltr'><strong>audaces</strong></span> 
     </span>
     <span class='ocr_line' id='line_1_12' title="bbox 122 1332 1301 1413; baseline -0.001 -17"><span class='ocrx_word' id='word_1_90' title='bbox 122 1334 187 1396; x_wconf 89' lang='lat' dir='ltr'><strong>fere</strong></span> <span class='ocrx_word' id='word_1_91' title='bbox 211 1351 316 1396; x_wconf 90' lang='lat' dir='ltr'><strong>omues</strong></span> <span class='ocrx_word' id='word_1_92' title='bbox 340 1335 533 1405; x_wconf 83' lang='lat' dir='ltr'><strong>conuocauit,</strong></span> <span class='ocrx_word' id='word_1_93' title='bbox 557 1335 636 1394; x_wconf 84' lang='lat' dir='ltr'><strong>inter</strong></span> <span class='ocrx_word' id='word_1_94' title='bbox 659 1351 734 1412; x_wconf 88' lang='lat' dir='ltr'><strong>quos</strong></span> <span class='ocrx_word' id='word_1_95' title='bbox 750 1332 979 1407; x_wconf 84' lang='lat' dir='ltr'><strong>fuit-Hercules,</strong></span> <span class='ocrx_word' id='word_1_96' title='bbox 1004 1334 1164 1413; x_wconf 90' lang='lat' dir='ltr'><strong>Orpheus,</strong></span> <span class='ocrx_word' id='word_1_97' title='bbox 1189 1337 1301 1406; x_wconf 87' lang='lat' dir='ltr'><strong>Castor,</strong></span> 
     </span>
     <span class='ocr_line' id='line_1_13' title="bbox 122 1436 1301 1518; baseline -0.002 -17"><span class='ocrx_word' id='word_1_98' title='bbox 122 1439 226 1501; x_wconf 81' lang='lat' dir='ltr'><strong>Pollux</strong></span> <span class='ocrx_word' id='word_1_99' title='bbox 256 1446 288 1500; x_wconf 89' lang='lat' dir='ltr'><strong>et</strong></span> <span class='ocrx_word' id='word_1_100' title='bbox 320 1440 432 1500; x_wconf 89' lang='lat' dir='ltr'><strong>caeteri</strong></span> <span class='ocrx_word' id='word_1_101' title='bbox 462 1436 704 1517; x_wconf 88' lang='lat' dir='ltr'><strong>splendidissimi</strong></span> <span class='ocrx_word' id='word_1_102' title='bbox 720 1437 860 1518; x_wconf 85' lang='lat' dir='ltr'><strong>genere,</strong></span> <span class='ocrx_word' id='word_1_103' title='bbox 893 1440 944 1518; x_wconf 91' lang='lat' dir='ltr'><strong>qui</strong></span> <span class='ocrx_word' id='word_1_104' title='bbox 980 1442 1141 1501; x_wconf 91' lang='lat' dir='ltr'><strong>anomine</strong></span> <span class='ocrx_word' id='word_1_105' title='bbox 1166 1442 1249 1502; x_wconf 86' lang='lat' dir='ltr'><strong>navis</strong></span> <span class='ocrx_word' id='word_1_106' title='bbox 1273 1445 1301 1500; x_wconf 90' lang='lat' dir='ltr'><strong>et</strong></span> 
     </span>
     <span class='ocr_line' id='line_1_14' title="bbox 123 1540 1301 1622; baseline -0.002 -18"><span class='ocrx_word' id='word_1_107' title='bbox 123 1544 247 1605; x_wconf 87' lang='lat' dir='ltr'><strong>factoris</strong></span> <span class='ocrx_word' id='word_1_108' title='bbox 270 1541 352 1620; x_wconf 87' lang='lat' dir='ltr'><strong>ejus,</strong></span> <span class='ocrx_word' id='word_1_109' title='bbox 381 1540 479 1620; x_wconf 85' lang='lat' dir='ltr'><strong>Argo,</strong></span> <span class='ocrx_word' id='word_1_110' title='bbox 510 1543 609 1603; x_wconf 85' lang='lat' dir='ltr'><strong>vocati</strong></span> <span class='ocrx_word' id='word_1_111' title='bbox 630 1548 702 1602; x_wconf 90' lang='lat' dir='ltr'><strong>sunt</strong></span> <span class='ocrx_word' id='word_1_112' title='bbox 723 1540 931 1621; x_wconf 75' lang='lat' dir='ltr'><strong>Argonautae,</strong></span> <span class='ocrx_word' id='word_1_113' title='bbox 962 1543 1066 1621; x_wconf 82' lang='lat' dir='ltr'><strong>quiin</strong></span> <span class='ocrx_word' id='word_1_114' title='bbox 1090 1542 1301 1622; x_wconf 85' lang='lat' dir='ltr'><strong>Peloponneso</strong></span> 
     </span>
     <span class='ocr_line' id='line_1_15' title="bbox 124 1645 1300 1729; baseline -0.003 -19"><span class='ocrx_word' id='word_1_115' title='bbox 124 1662 251 1712; x_wconf 88' lang='lat' dir='ltr'><strong>ascensa</strong></span> <span class='ocrx_word' id='word_1_116' title='bbox 273 1650 341 1710; x_wconf 83' lang='lat' dir='ltr'><strong>navi</strong></span> <span class='ocrx_word' id='word_1_117' title='bbox 364 1646 553 1710; x_wconf 88' lang='lat' dir='ltr'><strong>devenerunt</strong></span> <span class='ocrx_word' id='word_1_118' title='bbox 574 1647 606 1708; x_wconf 92' lang='lat' dir='ltr'><strong>in</strong></span> <span class='ocrx_word' id='word_1_119' title='bbox 627 1653 749 1727; x_wconf 88' lang='lat' dir='ltr'><strong>portum</strong></span> <span class='ocrx_word' id='word_1_120' title='bbox 771 1645 984 1725; x_wconf 87' lang='lat' dir='ltr'><strong>Trojanorum,</strong></span> <span class='ocrx_word' id='word_1_121' title='bbox 1016 1665 1093 1729; x_wconf 92' lang='lat' dir='ltr'><strong>quos</strong></span> <span class='ocrx_word' id='word_1_122' title='bbox 1114 1656 1166 1709; x_wconf 80' lang='lat' dir='ltr'><strong>rex</strong></span> <span class='ocrx_word' id='word_1_123' title='bbox 1195 1645 1300 1725; x_wconf 87' lang='lat' dir='ltr'><strong>Trojae</strong></span> 
     </span>
     <span class='ocr_line' id='line_1_16' title="bbox 122 1749 1300 1832; baseline -0.005 -17"><span class='ocrx_word' id='word_1_124' title='bbox 122 1752 297 1815; x_wconf 89' lang='lat' dir='ltr'><strong>Laomedon</strong></span> <span class='ocrx_word' id='word_1_125' title='bbox 321 1770 337 1813; x_wconf 93' lang='lat' dir='ltr'><strong>a</strong></span> <span class='ocrx_word' id='word_1_126' title='bbox 363 1759 453 1832; x_wconf 90' lang='lat' dir='ltr'><strong>portu</strong></span> <span class='ocrx_word' id='word_1_127' title='bbox 483 1770 553 1813; x_wconf 90' lang='lat' dir='ltr'><strong>curn</strong></span> <span class='ocrx_word' id='word_1_128' title='bbox 571 1749 676 1830; x_wconf 86' lang='lat' dir='ltr'><strong>jurgio</strong></span> <span class='ocrx_word' id='word_1_129' title='bbox 699 1752 821 1830; x_wconf 89' lang='lat' dir='ltr'><strong>repulit.</strong></span> <span class='ocrx_word' id='word_1_130' title='bbox 867 1750 986 1813; x_wconf 91' lang='lat' dir='ltr'><strong>Ponunt</strong></span> <span class='ocrx_word' id='word_1_131' title='bbox 1008 1759 1110 1816; x_wconf 88' lang='lat' dir='ltr'><strong>autem</strong></span> <span class='ocrx_word' id='word_1_132' title='bbox 1134 1753 1300 1812; x_wconf 88' lang='lat' dir='ltr'><strong>scribentes</strong></span> 
     </span>
     <span class='ocr_line' id='line_1_17' title="bbox 123 1855 1300 1935; baseline -0.002 -17"><span class='ocrx_word' id='word_1_133' title='bbox 123 1857 161 1918; x_wconf 91' lang='lat' dir='ltr'><strong>de</strong></span> <span class='ocrx_word' id='word_1_134' title='bbox 184 1856 242 1916; x_wconf 93' lang='lat' dir='ltr'><strong>hoc</strong></span> <span class='ocrx_word' id='word_1_135' title='bbox 264 1855 376 1918; x_wconf 87' lang='lat' dir='ltr'><strong>diversi</strong></span> <span class='ocrx_word' id='word_1_136' title='bbox 397 1857 496 1917; x_wconf 82' lang='lat' dir='ltr'><strong>varias</strong></span> <span class='ocrx_word' id='word_1_137' title='bbox 519 1857 583 1918; x_wconf 83' lang='lat' dir='ltr'><strong>vias</strong></span> <span class='ocrx_word' id='word_1_138' title='bbox 601 1863 638 1917; x_wconf 87' lang='lat' dir='ltr'><strong>et</strong></span> <span class='ocrx_word' id='word_1_139' title='bbox 659 1856 831 1929; x_wconf 90' lang='lat' dir='ltr'><strong>mirabiles,</strong></span> <span class='ocrx_word' id='word_1_140' title='bbox 858 1857 964 1935; x_wconf 89' lang='lat' dir='ltr'><strong>quihus</strong></span> <span class='ocrx_word' id='word_1_141' title='bbox 986 1858 1031 1918; x_wconf 92' lang='lat' dir='ltr'><strong>illi</strong></span> <span class='ocrx_word' id='word_1_142' title='bbox 1052 1856 1248 1935; x_wconf 77' lang='lat' dir='ltr'><strong>Argonautae</strong></span> <span class='ocrx_word' id='word_1_143' title='bbox 1271 1857 1300 1916; x_wconf 91' lang='lat' dir='ltr'><strong>in</strong></span> 
     </span>
     <span class='ocr_line' id='line_1_18' title="bbox 124 1958 1300 2044; baseline -0.002 -23"><span class='ocrx_word' id='word_1_144' title='bbox 124 1958 302 2021; x_wconf 87' lang='lat' dir='ltr'><strong>Colchidem</strong></span> <span class='ocrx_word' id='word_1_145' title='bbox 324 1960 515 2038; x_wconf 87' lang='lat' dir='ltr'><strong>navigarunt:</strong></span> <span class='ocrx_word' id='word_1_146' title='bbox 539 1962 678 2021; x_wconf 87' lang='lat' dir='ltr'><strong>atenim</strong></span> <span class='ocrx_word' id='word_1_147' title='bbox 700 1977 815 2044; x_wconf 66' lang='lat' dir='ltr'><strong>navem=</strong></span> <span class='ocrx_word' id='word_1_148' title='bbox 824 1962 993 2036; x_wconf 85' lang='lat' dir='ltr'><strong>solverunt,</strong></span> <span class='ocrx_word' id='word_1_149' title='bbox 1016 1959 1151 2021; x_wconf 87' lang='lat' dir='ltr'><strong>secundo</strong></span> <span class='ocrx_word' id='word_1_150' title='bbox 1176 1967 1300 2038; x_wconf 89' lang='lat' dir='ltr'><strong>urgente</strong></span> 
     </span>
     <span class='ocr_line' id='line_1_19' title="bbox 122 2050 1300 2144; baseline -0.002 -19"><span class='ocrx_word' id='word_1_151' title='bbox 122 2069 214 2126; x_wconf 87' lang='lat' dir='ltr'><strong>vento</strong></span> <span class='ocrx_word' id='word_1_152' title='bbox 245 2080 281 2123; x_wconf 84' lang='lat' dir='ltr'><strong>ex</strong></span> <span class='ocrx_word' id='word_1_153' title='bbox 311 2064 378 2124; x_wconf 89' lang='lat' dir='ltr'><strong>sinu</strong></span> <span class='ocrx_word' id='word_1_154' title='bbox 407 2060 524 2141; x_wconf 88' lang='lat' dir='ltr'><strong>Pegaso</strong></span> <span class='ocrx_word' id='word_1_155' title='bbox 547 2065 579 2126; x_wconf 91' lang='lat' dir='ltr'><strong>in</strong></span> <span class='ocrx_word' id='word_1_156' title='bbox 609 2063 732 2142; x_wconf 88' lang='lat' dir='ltr'><strong>Trojam</strong></span> <span class='ocrx_word' id='word_1_157' title='bbox 769 2072 800 2139; x_wconf 87' lang='lat' dir='ltr'><strong>et</strong></span> <span class='ocrx_word' id='word_1_158' title='bbox 832 2050 902 2125; x_wconf 89' lang='lat' dir='ltr'><strong>inde</strong></span> <span class='ocrx_word' id='word_1_159' title='bbox 931 2066 1058 2144; x_wconf 85' lang='lat' dir='ltr'><strong>repulsi</strong></span> <span class='ocrx_word' id='word_1_160' title='bbox 1086 2067 1116 2125; x_wconf 93' lang='lat' dir='ltr'><strong>in</strong></span> <span class='ocrx_word' id='word_1_161' title='bbox 1151 2063 1300 2125; x_wconf 85' lang='lat' dir='ltr'><strong>Lemnum</strong></span> 
     </span>
     <span class='ocr_line' id='line_1_20' title="bbox 123 2166 1301 2246; baseline -0.003 -17"><span class='ocrx_word' id='word_1_162' title='bbox 123 2167 252 2230; x_wconf 88' lang='lat' dir='ltr'><strong>insulam</strong></span> <span class='ocrx_word' id='word_1_163' title='bbox 289 2167 495 2239; x_wconf 87' lang='lat' dir='ltr'><strong>devenerunt,</strong></span> <span class='ocrx_word' id='word_1_164' title='bbox 531 2166 608 2241; x_wconf 43' lang='lat' dir='ltr'><strong>iude,</strong></span> <span class='ocrx_word' id='word_1_165' title='bbox 633 2169 664 2228; x_wconf 92' lang='lat' dir='ltr'><strong>in</strong></span> <span class='ocrx_word' id='word_1_166' title='bbox 700 2167 768 2228; x_wconf 86' lang='lat' dir='ltr'><strong>loca</strong></span> <span class='ocrx_word' id='word_1_167' title='bbox 793 2168 1002 2246; x_wconf 81' lang='lat' dir='ltr'><strong>innavigabilia</strong></span> <span class='ocrx_word' id='word_1_168' title='bbox 1040 2170 1213 2238; x_wconf 90' lang='lat' dir='ltr'><strong>venientes,</strong></span> <span class='ocrx_word' id='word_1_169' title='bbox 1251 2167 1301 2226; x_wconf 92' lang='lat' dir='ltr'><strong>ob-</strong></span> 
     </span>
     <span class='ocr_line' id='line_1_21' title="bbox 129 2263 1302 2353; baseline -0.004 -18"><span class='ocrx_word' id='word_1_170' title='bbox 129 2274 277 2335; x_wconf 87' lang='lat' dir='ltr'><strong>stantibus</strong></span> <span class='ocrx_word' id='word_1_171' title='bbox 314 2274 382 2336; x_wconf 80' lang='lat' dir='ltr'><strong>nnvi</strong></span> <span class='ocrx_word' id='word_1_172' title='bbox 421 2263 503 2333; x_wconf 84' lang='lat' dir='ltr'><strong>sacdi</strong></span> <span class='ocrx_word' id='word_1_173' title='bbox 541 2269 686 2353; x_wconf 86' lang='lat' dir='ltr'><strong>(sabuli‘l)</strong></span> <span class='ocrx_word' id='word_1_174' title='bbox 724 2274 892 2345; x_wconf 86' lang='lat' dir='ltr'><strong>montibus,</strong></span> <span class='ocrx_word' id='word_1_175' title='bbox 928 2274 1004 2334; x_wconf 89' lang='lat' dir='ltr'><strong>socii</strong></span> <span class='ocrx_word' id='word_1_176' title='bbox 1039 2289 1132 2333; x_wconf 87' lang='lat' dir='ltr'><strong>naves</strong></span> <span class='ocrx_word' id='word_1_177' title='bbox 1170 2272 1302 2331; x_wconf 90' lang='lat' dir='ltr'><strong>humeris</strong></span> 
     </span>
     <span class='ocr_line' id='line_1_22' title="bbox 124 2374 1301 2458; baseline -0.003 -19"><span class='ocrx_word' id='word_1_178' title='bbox 124 2375 339 2458; x_wconf 86' lang='lat' dir='ltr'><strong>imposuerunt</strong></span> <span class='ocrx_word' id='word_1_179' title='bbox 361 2383 392 2439; x_wconf 91' lang='lat' dir='ltr'><strong>et</strong></span> <span class='ocrx_word' id='word_1_180' title='bbox 406 2382 525 2437; x_wconf 87' lang='lat' dir='ltr'><strong>montes</strong></span> <span class='ocrx_word' id='word_1_181' title='bbox 541 2384 776 2457; x_wconf 86' lang='lat' dir='ltr'><strong>superaverunt,</strong></span> <span class='ocrx_word' id='word_1_182' title='bbox 798 2379 965 2457; x_wconf 90' lang='lat' dir='ltr'><strong>inquibus</strong></span> <span class='ocrx_word' id='word_1_183' title='bbox 991 2377 1130 2457; x_wconf 88' lang='lat' dir='ltr'><strong>tigrides,</strong></span> <span class='ocrx_word' id='word_1_184' title='bbox 1155 2374 1301 2437; x_wconf 89' lang='lat' dir='ltr'><strong>dracones</strong></span> 
     </span>
     <span class='ocr_line' id='line_1_23' title="bbox 127 2468 1301 2561; baseline -0.004 -16"><span class='ocrx_word' id='word_1_185' title='bbox 127 2490 157 2545; x_wconf 88' lang='lat' dir='ltr'><strong>et</strong></span> <span class='ocrx_word' id='word_1_186' title='bbox 180 2484 253 2547; x_wconf 88' lang='lat' dir='ltr'><strong>alias</strong></span> <span class='ocrx_word' id='word_1_187' title='bbox 276 2483 355 2543; x_wconf 91' lang='lat' dir='ltr'><strong>feras</strong></span> <span class='ocrx_word' id='word_1_188' title='bbox 372 2489 606 2560; x_wconf 85' lang='lat' dir='ltr'><strong>superaverunt,</strong></span> <span class='ocrx_word' id='word_1_189' title='bbox 630 2489 661 2542; x_wconf 87' lang='lat' dir='ltr'><strong>et</strong></span> <span class='ocrx_word' id='word_1_190' title='bbox 677 2468 847 2560; x_wconf 52' lang='lat' dir='ltr'><strong>&#39;ubique&#39;in</strong></span> <span class='ocrx_word' id='word_1_191' title='bbox 861 2481 936 2542; x_wconf 90' lang='lat' dir='ltr'><strong>locis</strong></span> <span class='ocrx_word' id='word_1_192' title='bbox 951 2474 1174 2561; x_wconf 81' lang='lat' dir='ltr'><strong>triumphorum</strong></span> <span class='ocrx_word' id='word_1_193' title='bbox 1199 2479 1301 2540; x_wconf 89' lang='lat' dir='ltr'><strong>altaria</strong></span> 
     </span>
     <span class='ocr_line' id='line_1_24' title="bbox 125 2580 1300 2654; baseline -0.004 -7"><span class='ocrx_word' id='word_1_194' title='bbox 125 2586 228 2649; x_wconf 85' lang='lat' dir='ltr'><strong>lasani</strong></span> <span class='ocrx_word' id='word_1_195' title='bbox 258 2593 427 2649; x_wconf 82' lang='lat' dir='ltr'><strong>erexerunt.</strong></span> <span class='ocrx_word' id='word_1_196' title='bbox 472 2585 603 2646; x_wconf 90' lang='lat' dir='ltr'><strong>Demum</strong></span> <span class='ocrx_word' id='word_1_197' title='bbox 625 2584 760 2646; x_wconf 87' lang='lat' dir='ltr'><strong>Histrum</strong></span> <span class='ocrx_word' id='word_1_198' title='bbox 792 2587 856 2646; x_wconf 90' lang='lat' dir='ltr'><strong>sive</strong></span> <span class='ocrx_word' id='word_1_199' title='bbox 879 2583 1064 2654; x_wconf 87' lang='lat' dir='ltr'><strong>Danubium,</strong></span> <span class='ocrx_word' id='word_1_200' title='bbox 1087 2580 1215 2643; x_wconf 53' lang='lat' dir='ltr'><strong>„flumen</strong></span> <span class='ocrx_word' id='word_1_201' title='bbox 1244 2585 1300 2643; x_wconf 91' lang='lat' dir='ltr'><strong>cis·</strong></span> 
     </span>
     <span class='ocr_line' id='line_1_25' title="bbox 126 2687 1301 2772; baseline -0.009 -17"><span class='ocrx_word' id='word_1_202' title='bbox 126 2693 274 2772; x_wconf 87' lang='lat' dir='ltr'><strong>alpinum,</strong></span> <span class='ocrx_word' id='word_1_203' title='bbox 298 2693 494 2762; x_wconf 86' lang='lat' dir='ltr'><strong>transierunt,</strong></span> <span class='ocrx_word' id='word_1_204' title='bbox 518 2708 587 2750; x_wconf 88' lang='lat' dir='ltr'><strong>eum</strong></span> <span class='ocrx_word' id='word_1_205' title='bbox 610 2688 812 2756; x_wconf 73' lang='lat' dir='ltr'><strong>Amazonibus</strong></span> <span class='ocrx_word' id='word_1_206' title='bbox 835 2689 977 2750; x_wconf 88' lang='lat' dir='ltr'><strong>foeminis</strong></span> <span class='ocrx_word' id='word_1_207' title='bbox 1001 2693 1142 2748; x_wconf 89' lang='lat' dir='ltr'><strong>conserto</strong></span> <span class='ocrx_word' id='word_1_208' title='bbox 1164 2687 1245 2749; x_wconf 87' lang='lat' dir='ltr'><strong>hello</strong></span> <span class='ocrx_word' id='word_1_209' title='bbox 1268 2705 1301 2746; x_wconf 91' lang='lat' dir='ltr'><strong>se</strong></span> 
     </span>
     <span class='ocr_line' id='line_1_26' title="bbox 126 2792 1301 2882; baseline -0.006 -26"><span class='ocrx_word' id='word_1_210' title='bbox 126 2801 371 2874; x_wconf 88' lang='lat' dir='ltr'><strong>composuerunt.</strong></span> <span class='ocrx_word' id='word_1_211' title='bbox 402 2796 493 2855; x_wconf 88' lang='lat' dir='ltr'><strong>Erant</strong></span> <span class='ocrx_word' id='word_1_212' title='bbox 526 2793 801 2882; x_wconf 40' lang='lat' dir='ltr'><strong>enim⁴Amaaones</strong></span> <span class='ocrx_word' id='word_1_213' title='bbox 817 2792 984 2863; x_wconf 83' lang='lat' dir='ltr'><strong>foeminae,</strong></span> <span class='ocrx_word' id='word_1_214' title='bbox 1007 2792 1141 2852; x_wconf 87' lang='lat' dir='ltr'><strong>virorum</strong></span> <span class='ocrx_word' id='word_1_215' title='bbox 1165 2794 1301 2870; x_wconf 89' lang='lat' dir='ltr'><strong>regimen</strong></span> 
     </span>
     <span class='ocr_line' id='line_1_27' title="bbox 125 2893 1303 2977; baseline -0.006 -17"><span class='ocrx_word' id='word_1_216' title='bbox 125 2903 317 2975; x_wconf 87' lang='lat' dir='ltr'><strong>aspernatae,</strong></span> <span class='ocrx_word' id='word_1_217' title='bbox 342 2915 467 2975; x_wconf 91' lang='lat' dir='ltr'><strong>quarum</strong></span> <span class='ocrx_word' id='word_1_218' title='bbox 491 2901 587 2977; x_wconf 82' lang='lat' dir='ltr'><strong>prima</strong></span> <span class='ocrx_word' id='word_1_219' title='bbox 610 2900 694 2976; x_wconf 90' lang='lat' dir='ltr'><strong>origo</strong></span> <span class='ocrx_word' id='word_1_220' title='bbox 718 2898 827 2958; x_wconf 87' lang='lat' dir='ltr'><strong>dicitur</strong></span> <span class='ocrx_word' id='word_1_221' title='bbox 848 2896 943 2956; x_wconf 90' lang='lat' dir='ltr'><strong>fuisse</strong></span> <span class='ocrx_word' id='word_1_222' title='bbox 966 2897 997 2955; x_wconf 91' lang='lat' dir='ltr'><strong>in</strong></span> <span class='ocrx_word' id='word_1_223' title='bbox 1019 2893 1161 2963; x_wconf 73' lang='lat' dir='ltr'><strong>Boemia,</strong></span> <span class='ocrx_word' id='word_1_224' title='bbox 1191 2896 1222 2954; x_wconf 92' lang='lat' dir='ltr'><strong>in</strong></span> <span class='ocrx_word' id='word_1_225' title='bbox 1245 2911 1303 2973; x_wconf 93' lang='lat' dir='ltr'><strong>qua</strong></span> 
     </span>
     <span class='ocr_line' id='line_1_28' title="bbox 125 2999 1301 3080; baseline -0.004 -18"><span class='ocrx_word' id='word_1_226' title='bbox 125 2999 259 3062; x_wconf 86' lang='lat' dir='ltr'><strong>ereditur</strong></span> <span class='ocrx_word' id='word_1_227' title='bbox 275 2999 418 3061; x_wconf 88' lang='lat' dir='ltr'><strong>lasonem</strong></span> <span class='ocrx_word' id='word_1_228' title='bbox 441 3001 550 3064; x_wconf 70' lang='lat' dir='ltr'><strong>fuisse.¹</strong></span> <span class='ocrx_word' id='word_1_229' title='bbox 575 3002 727 3063; x_wconf 87' lang='lat' dir='ltr'><strong>Posthac</strong></span> <span class='ocrx_word' id='word_1_230' title='bbox 750 3004 781 3062; x_wconf 90' lang='lat' dir='ltr'><strong>in</strong></span> <span class='ocrx_word' id='word_1_231' title='bbox 804 3007 929 3080; x_wconf 88' lang='lat' dir='ltr'><strong>pontum</strong></span> <span class='ocrx_word' id='word_1_232' title='bbox 944 2999 1091 3059; x_wconf 80' lang='lat' dir='ltr'><strong>Euxinum</strong></span> <span class='ocrx_word' id='word_1_233' title='bbox 1107 3000 1301 3070; x_wconf 75' lang='lat' dir='ltr'><strong>transierunt,</strong></span> 
     </span>
     <span class='ocr_line' id='line_1_29' title="bbox 126 3100 1303 3184; baseline -0.003 -20"><span class='ocrx_word' id='word_1_234' title='bbox 126 3109 157 3165; x_wconf 84' lang='lat' dir='ltr'><strong>et</strong></span> <span class='ocrx_word' id='word_1_235' title='bbox 180 3102 250 3163; x_wconf 89' lang='lat' dir='ltr'><strong>inde</strong></span> <span class='ocrx_word' id='word_1_236' title='bbox 275 3100 368 3183; x_wconf 76' lang='lat' dir='ltr'><strong>(lul</strong></span> <span class='ocrx_word' id='word_1_237' title='bbox 381 3101 424 3184; x_wconf 76' lang='lat' dir='ltr'><strong>a)</strong></span> <span class='ocrx_word' id='word_1_238' title='bbox 447 3108 477 3166; x_wconf 91' lang='lat' dir='ltr'><strong>in</strong></span> <span class='ocrx_word' id='word_1_239' title='bbox 495 3105 671 3167; x_wconf 86' lang='lat' dir='ltr'><strong>Colchidem</strong></span> <span class='ocrx_word' id='word_1_240' title='bbox 694 3108 917 3184; x_wconf 85' lang='lat' dir='ltr'><strong>navigaverunt.</strong></span> <span class='ocrx_word' id='word_1_241' title='bbox 953 3102 997 3163; x_wconf 92' lang='lat' dir='ltr'><strong>lbi</strong></span> <span class='ocrx_word' id='word_1_242' title='bbox 1020 3120 1092 3180; x_wconf 88' lang='lat' dir='ltr'><strong>ergo</strong></span> <span class='ocrx_word' id='word_1_243' title='bbox 1116 3103 1210 3163; x_wconf 86' lang='lat' dir='ltr'><strong>lason</strong></span> <span class='ocrx_word' id='word_1_244' title='bbox 1234 3103 1303 3181; x_wconf 88' lang='lat' dir='ltr'><strong>quia</strong></span> 
     </span>
     <span class='ocr_line' id='line_1_30' title="bbox 125 3204 1303 3288; baseline -0.001 -23"><span class='ocrx_word' id='word_1_245' title='bbox 125 3204 230 3267; x_wconf 88' lang='lat' dir='ltr'><strong>florida</strong></span> <span class='ocrx_word' id='word_1_246' title='bbox 248 3205 405 3284; x_wconf 86' lang='lat' dir='ltr'><strong>juventute</strong></span> <span class='ocrx_word' id='word_1_247' title='bbox 436 3209 538 3272; x_wconf 83' lang='lat' dir='ltr'><strong>valens</strong></span> <span class='ocrx_word' id='word_1_248' title='bbox 568 3217 648 3282; x_wconf 89' lang='lat' dir='ltr'><strong>erat,</strong></span> <span class='ocrx_word' id='word_1_249' title='bbox 681 3209 793 3273; x_wconf 87' lang='lat' dir='ltr'><strong>Medea</strong></span> <span class='ocrx_word' id='word_1_250' title='bbox 826 3211 905 3288; x_wconf 88' lang='lat' dir='ltr'><strong>regis</strong></span> <span class='ocrx_word' id='word_1_251' title='bbox 930 3208 1112 3269; x_wconf 83' lang='lat' dir='ltr'><strong>Colchorum</strong></span> <span class='ocrx_word' id='word_1_252' title='bbox 1141 3205 1200 3266; x_wconf 89' lang='lat' dir='ltr'><strong>lilia</strong></span> <span class='ocrx_word' id='word_1_253' title='bbox 1232 3223 1303 3265; x_wconf 89' lang='lat' dir='ltr'><strong>eum</strong></span> 
     </span>
     <span class='ocr_line' id='line_1_31' title="bbox 124 3309 1303 3395; baseline -0.001 -26"><span class='ocrx_word' id='word_1_254' title='bbox 124 3313 243 3389; x_wconf 89' lang='lat' dir='ltr'><strong>accepit</strong></span> <span class='ocrx_word' id='word_1_255' title='bbox 265 3311 442 3392; x_wconf 89' lang='lat' dir='ltr'><strong>docuitque,</strong></span> <span class='ocrx_word' id='word_1_256' title='bbox 471 3333 531 3395; x_wconf 91' lang='lat' dir='ltr'><strong>quc</strong></span> <span class='ocrx_word' id='word_1_257' title='bbox 554 3321 642 3393; x_wconf 88' lang='lat' dir='ltr'><strong>pacto</strong></span> <span class='ocrx_word' id='word_1_258' title='bbox 666 3313 823 3394; x_wconf 87' lang='lat' dir='ltr'><strong>aeripedes</strong></span> <span class='ocrx_word' id='word_1_259' title='bbox 850 3321 951 3374; x_wconf 82' lang='lat' dir='ltr'><strong>tauros</strong></span> <span class='ocrx_word' id='word_1_260' title='bbox 976 3318 1013 3371; x_wconf 68' lang='lat' dir='ltr'><strong>et·</strong></span> <span class='ocrx_word' id='word_1_261' title='bbox 1030 3309 1153 3381; x_wconf 87' lang='lat' dir='ltr'><strong>domare</strong></span> <span class='ocrx_word' id='word_1_262' title='bbox 1177 3316 1208 3370; x_wconf 90' lang='lat' dir='ltr'><strong>et</strong></span> <span class='ocrx_word' id='word_1_263' title='bbox 1228 3309 1303 3388; x_wconf 87' lang='lat' dir='ltr'><strong>jugo</strong></span> 
     </span>
     <span class='ocr_line' id='line_1_32' title="bbox 124 3414 1302 3497; baseline 0.002 -24"><span class='ocrx_word' id='word_1_264' title='bbox 124 3414 264 3494; x_wconf 88' lang='lat' dir='ltr'><strong>subigere</strong></span> <span class='ocrx_word' id='word_1_265' title='bbox 287 3423 408 3496; x_wconf 89' lang='lat' dir='ltr'><strong>posset,</strong></span> <span class='ocrx_word' id='word_1_266' title='bbox 432 3418 572 3480; x_wconf 78' lang='lat' dir='ltr'><strong>occidere</strong></span> <span class='ocrx_word' id='word_1_267' title='bbox 596 3418 759 3480; x_wconf 87' lang='lat' dir='ltr'><strong>draconem</strong></span> <span class='ocrx_word' id='word_1_268' title='bbox 781 3417 975 3497; x_wconf 79' lang='lat' dir='ltr'><strong>pervigilem,</strong></span> <span class='ocrx_word' id='word_1_269' title='bbox 999 3422 1030 3476; x_wconf 90' lang='lat' dir='ltr'><strong>et</strong></span> <span class='ocrx_word' id='word_1_270' title='bbox 1051 3416 1110 3476; x_wconf 90' lang='lat' dir='ltr'><strong>hoc</strong></span> <span class='ocrx_word' id='word_1_271' title='bbox 1125 3421 1212 3494; x_wconf 89' lang='lat' dir='ltr'><strong>pacto</strong></span> <span class='ocrx_word' id='word_1_272' title='bbox 1229 3431 1302 3493; x_wconf 90' lang='lat' dir='ltr'><strong>qua·</strong></span> 
     </span>
     <span class='ocr_line' id='line_1_33' title="bbox 123 3517 1304 3603; baseline -0.001 -23"><span class='ocrx_word' id='word_1_273' title='bbox 123 3518 193 3580; x_wconf 87' lang='lat' dir='ltr'><strong>liter</strong></span> <span class='ocrx_word' id='word_1_274' title='bbox 223 3519 266 3580; x_wconf 94' lang='lat' dir='ltr'><strong>illi</strong></span> <span class='ocrx_word' id='word_1_275' title='bbox 295 3522 332 3584; x_wconf 93' lang='lat' dir='ltr'><strong>ad</strong></span> <span class='ocrx_word' id='word_1_276' title='bbox 355 3540 481 3586; x_wconf 88' lang='lat' dir='ltr'><strong>aureum</strong></span> <span class='ocrx_word' id='word_1_277' title='bbox 511 3526 606 3587; x_wconf 84' lang='lat' dir='ltr'><strong>vellus</strong></span> <span class='ocrx_word' id='word_1_278' title='bbox 638 3527 696 3585; x_wconf 86' lang='lat' dir='ltr'><strong>iter</strong></span> <span class='ocrx_word' id='word_1_279' title='bbox 718 3526 854 3603; x_wconf 84' lang='lat' dir='ltr'><strong>pervium</strong></span> <span class='ocrx_word' id='word_1_280' title='bbox 888 3529 980 3593; x_wconf 87' lang='lat' dir='ltr'><strong>esset.</strong></span> <span class='ocrx_word' id='word_1_281' title='bbox 1027 3521 1086 3594; x_wconf 84' lang='lat' dir='ltr'><strong>Qui</strong></span> <span class='ocrx_word' id='word_1_282' title='bbox 1119 3537 1188 3580; x_wconf 89' lang='lat' dir='ltr'><strong>cum</strong></span> <span class='ocrx_word' id='word_1_283' title='bbox 1217 3517 1304 3595; x_wconf 87' lang='lat' dir='ltr'><strong>juxta</strong></span> 
     </span>
     <span class='ocr_line' id='line_1_34' title="bbox 123 3604 1305 3710; baseline 0 -25"><span class='ocrx_word' id='word_1_284' title='bbox 123 3623 237 3685; x_wconf 86' lang='lat' dir='ltr'><strong>monita</strong></span> <span class='ocrx_word' id='word_1_285' title='bbox 253 3627 421 3705; x_wconf 84' lang='lat' dir='ltr'><strong>peregisset</strong></span> <span class='ocrx_word' id='word_1_286' title='bbox 435 3631 545 3702; x_wconf 92' lang='lat' dir='ltr'><strong>omnia,</strong></span> <span class='ocrx_word' id='word_1_287' title='bbox 566 3632 597 3690; x_wconf 92' lang='lat' dir='ltr'><strong>in</strong></span> <span class='ocrx_word' id='word_1_288' title='bbox 614 3629 756 3710; x_wconf 86' lang='lat' dir='ltr'><strong>praedam</strong></span> <span class='ocrx_word' id='word_1_289' title='bbox 772 3629 894 3691; x_wconf 83' lang='lat' dir='ltr'><strong>devenit</strong></span> <span class='ocrx_word' id='word_1_290' title='bbox 909 3604 1050 3707; x_wconf 76' lang='lat' dir='ltr'><strong>opfatam</strong></span> <span class='ocrx_word' id='word_1_291' title='bbox 1074 3633 1104 3687; x_wconf 84' lang='lat' dir='ltr'><strong>et</strong></span> <span class='ocrx_word' id='word_1_292' title='bbox 1127 3642 1164 3685; x_wconf 89' lang='lat' dir='ltr'><strong>ea</strong></span> <span class='ocrx_word' id='word_1_293' title='bbox 1187 3624 1305 3685; x_wconf 89' lang='lat' dir='ltr'><strong>sublata</strong></span> 
     </span>
     <span class='ocr_line' id='line_1_35' title="bbox 123 3726 1304 3812; baseline 0.001 -24"><span class='ocrx_word' id='word_1_294' title='bbox 123 3726 201 3788; x_wconf 90' lang='lat' dir='ltr'><strong>clam</strong></span> <span class='ocrx_word' id='word_1_295' title='bbox 225 3744 294 3787; x_wconf 92' lang='lat' dir='ltr'><strong>cum</strong></span> <span class='ocrx_word' id='word_1_296' title='bbox 316 3732 407 3790; x_wconf 89' lang='lat' dir='ltr'><strong>sociis</strong></span> <span class='ocrx_word' id='word_1_297' title='bbox 431 3736 462 3790; x_wconf 91' lang='lat' dir='ltr'><strong>et</strong></span> <span class='ocrx_word' id='word_1_298' title='bbox 490 3728 601 3794; x_wconf 87' lang='lat' dir='ltr'><strong>Medea</strong></span> <span class='ocrx_word' id='word_1_299' title='bbox 623 3733 722 3812; x_wconf 91' lang='lat' dir='ltr'><strong>fugam</strong></span> <span class='ocrx_word' id='word_1_300' title='bbox 752 3732 876 3811; x_wconf 88' lang='lat' dir='ltr'><strong>arripuit</strong></span> <span class='ocrx_word' id='word_1_301' title='bbox 907 3738 938 3791; x_wconf 92' lang='lat' dir='ltr'><strong>et</strong></span> <span class='ocrx_word' id='word_1_302' title='bbox 960 3749 1015 3811; x_wconf 89' lang='lat' dir='ltr'><strong>per</strong></span> <span class='ocrx_word' id='word_1_303' title='bbox 1043 3731 1132 3809; x_wconf 85' lang='lat' dir='ltr'><strong>longa</strong></span> <span class='ocrx_word' id='word_1_304' title='bbox 1154 3728 1264 3791; x_wconf 85' lang='lat' dir='ltr'><strong>itinera</strong></span> <span class='ocrx_word' id='word_1_305' title='bbox 1287 3746 1304 3789; x_wconf 93' lang='lat' dir='ltr'><strong>a</strong></span> 
     </span>
     <span class='ocr_line' id='line_1_36' title="bbox 123 3823 1303 3922; baseline 0 -30"><span class='ocrx_word' id='word_1_306' title='bbox 123 3833 244 3912; x_wconf 88' lang='lat' dir='ltr'><strong>propria</strong></span> <span class='ocrx_word' id='word_1_307' title='bbox 266 3831 348 3894; x_wconf 85' lang='lat' dir='ltr'><strong>veuit</strong></span> <span class='ocrx_word' id='word_1_308' title='bbox 379 3850 448 3922; x_wconf 89' lang='lat' dir='ltr'><strong>cum</strong></span> <span class='ocrx_word' id='word_1_309' title='bbox 472 3829 565 3912; x_wconf 87' lang='lat' dir='ltr'><strong>gloria</strong></span> <span class='ocrx_word' id='word_1_310' title='bbox 594 3836 632 3898; x_wconf 92' lang='lat' dir='ltr'><strong>ad</strong></span> <span class='ocrx_word' id='word_1_311' title='bbox 654 3823 784 3908; x_wconf 86' lang='lat' dir='ltr'><strong>Peliam,</strong></span> <span class='ocrx_word' id='word_1_312' title='bbox 817 3851 921 3913; x_wconf 89' lang='lat' dir='ltr'><strong>regem</strong></span> <span class='ocrx_word' id='word_1_313' title='bbox 945 3834 1135 3904; x_wconf 89' lang='lat' dir='ltr'><strong>Thessaliae,</strong></span> <span class='ocrx_word' id='word_1_314' title='bbox 1169 3832 1303 3911; x_wconf 91' lang='lat' dir='ltr'><strong>dixitque</strong></span> 
     </span>
     <span class='ocr_line' id='line_1_37' title="bbox 123 3933 1302 4018; baseline 0.001 -23"><span class='ocrx_word' id='word_1_315' title='bbox 123 3936 168 4007; x_wconf 93' lang='lat' dir='ltr'><strong>ei,</strong></span> <span class='ocrx_word' id='word_1_316' title='bbox 202 3933 353 4013; x_wconf 93' lang='lat' dir='ltr'><strong>quomodo</strong></span> <span class='ocrx_word' id='word_1_317' title='bbox 376 3935 515 4014; x_wconf 88' lang='lat' dir='ltr'><strong>repulsus</strong></span> <span class='ocrx_word' id='word_1_318' title='bbox 538 3935 647 3999; x_wconf 83' lang='lat' dir='ltr'><strong>fuisset</strong></span> <span class='ocrx_word' id='word_1_319' title='bbox 669 3958 686 4000; x_wconf 91' lang='lat' dir='ltr'><strong>a</strong></span> <span class='ocrx_word' id='word_1_320' title='bbox 709 3946 797 4018; x_wconf 82' lang='lat' dir='ltr'><strong>portu</strong></span> <span class='ocrx_word' id='word_1_321' title='bbox 820 3934 929 4015; x_wconf 82' lang='lat' dir='ltr'><strong>Trojae</strong></span> <span class='ocrx_word' id='word_1_322' title='bbox 953 3957 1009 4018; x_wconf 86' lang='lat' dir='ltr'><strong>per</strong></span> <span class='ocrx_word' id='word_1_323' title='bbox 1031 3955 1135 4016; x_wconf 87' lang='lat' dir='ltr'><strong>regem</strong></span> <span class='ocrx_word' id='word_1_324' title='bbox 1171 3953 1302 4014; x_wconf 86' lang='lat' dir='ltr'><strong>eamque</strong></span> 
     </span>
     <span class='ocr_line' id='line_1_38' title="bbox 122 4037 1304 4122; baseline -0.001 -21"><span class='ocrx_word' id='word_1_325' title='bbox 122 4056 188 4101; x_wconf 89' lang='lat' dir='ltr'><strong>rem</strong></span> <span class='ocrx_word' id='word_1_326' title='bbox 200 4039 351 4102; x_wconf 80' lang='lat' dir='ltr'><strong>vindicare</strong></span> <span class='ocrx_word' id='word_1_327' title='bbox 367 4037 469 4102; x_wconf 86' lang='lat' dir='ltr'><strong>vellet.</strong></span> <span class='ocrx_word' id='word_1_328' title='bbox 500 4038 593 4101; x_wconf 91' lang='lat' dir='ltr'><strong>Porro</strong></span> <span class='ocrx_word' id='word_1_329' title='bbox 603 4041 647 4103; x_wconf 88' lang='lat' dir='ltr'><strong>de</strong></span> <span class='ocrx_word' id='word_1_330' title='bbox 658 4043 832 4122; x_wconf 88' lang='lat' dir='ltr'><strong>longissima</strong></span> <span class='ocrx_word' id='word_1_331' title='bbox 843 4041 990 4103; x_wconf 87' lang='lat' dir='ltr'><strong>redeundi</strong></span> <span class='ocrx_word' id='word_1_332' title='bbox 1006 4044 1052 4105; x_wconf 86' lang='lat' dir='ltr'><strong>via</strong></span> <span class='ocrx_word' id='word_1_333' title='bbox 1062 4041 1304 4120; x_wconf 88' lang='lat' dir='ltr'><strong>Argonautarum</strong></span> 
     </span>
     <span class='ocr_line' id='line_1_39' title="bbox 122 4139 1304 4226; baseline -0.002 -19"><span class='ocrx_word' id='word_1_334' title='bbox 122 4141 191 4208; x_wconf 80' lang='lat' dir='ltr'><strong>ride</strong></span> <span class='ocrx_word' id='word_1_335' title='bbox 206 4144 283 4209; x_wconf 88' lang='lat' dir='ltr'><strong>infra</strong></span> <span class='ocrx_word' id='word_1_336' title='bbox 304 4139 446 4208; x_wconf 69' lang='lat' dir='ltr'><strong>aetatu</strong></span> <span class='ocrx_word' id='word_1_337' title='bbox 458 4160 484 4206; x_wconf 81' lang='lat' dir='ltr'><strong>a.</strong></span> <span class='ocrx_word' id='word_1_338' title='bbox 528 4142 721 4226; x_wconf 81' lang='lat' dir='ltr'><strong>linteumque</strong></span> <span class='ocrx_word' id='word_1_339' title='bbox 744 4146 889 4209; x_wconf 87' lang='lat' dir='ltr'><strong>assumtis</strong></span> <span class='ocrx_word' id='word_1_340' title='bbox 910 4146 1006 4226; x_wconf 85' lang='lat' dir='ltr'><strong>copiis</strong></span> <span class='ocrx_word' id='word_1_341' title='bbox 1021 4146 1173 4208; x_wconf 87' lang='lat' dir='ltr'><strong>inchoavit</strong></span> <span class='ocrx_word' id='word_1_342' title='bbox 1187 4145 1304 4206; x_wconf 82' lang='lat' dir='ltr'><strong>bobum</strong></span> 
     </span>
    </p>
   </div>
   <div class='ocr_carea' id='block_1_3' title="bbox 0 0 1442 4770">
    <p class='ocr_par' dir='ltr' id='par_1_3' title="bbox 0 0 1442 4770">
     <span class='ocr_line' id='line_1_40' title="bbox 0 0 1442 4770; baseline 0 0"><span class='ocrx_word' id='word_1_343' title='bbox 0 0 1442 4770; x_wconf 95' lang='lat' dir='ltr'><strong> </strong></span> 
     </span>
    </p>
   </div>
  </div>
 </body>
</html>
