2874 4770
712 193 810 262 14'

137 359 211 434 dixi,
235 368 283 423 est
305 364 393 426 arbor
414 365 538 427 baboni
561 375 593 427 et
615 367 740 430 luerunt
763 388 836 449 ergo
859 371 939 432 horti
962 370 1059 431 1b·
1088 356 1111 447 {tt
1127 354 1168 446 Ῐ,«
1182 404 1199 430 η
1269 379 1275 391 ·

137 462 273 542 Engaddi
296 474 327 527 et
349 470 380 528 in
403 468 499 529 hortis
522 468 659 543 iericho,
694 491 751 535 nec
782 481 853 536 sunt
882 481 1016 535 remotae
1051 491 1060 529 x
1081 460 1104 536 ‘fit
1134 452 1187 546 Ἦ
1204 499 1259 542 em
1281 482 1329 544 illa

137 568 197 630 duo
220 568 300 642 loca,
333 573 403 650 quia
433 578 504 632 sunt
531 574 561 632 in
584 572 692 634 eadem
715 577 838 653 regione
862 582 892 637 et
914 582 1015 655 potest
1144 544 1188 633 '⁷³2
1204 581 1327 646 Jericbo
1388 537 1391 693 4

135 675 167 733 in
189 681 309 735 montes
331 674 480 753 Engaddi,
509 681 640 755 suntque
672 675 732 737 duo
764 665 948 738 calidissima
981 687 1079 741 terrae
1102 691 1236 746 sanotae
1261 687 1325 749 loca
1389 696 1391 755 ἶ

137 782 169 863 et
190 776 321 838 humida.
366 777 411 839 Ab
434 776 481 838 bis
503 777 596 849 locis,
629 777 732 839 dicunt
754 779 860 858 aliqui,
890 781 970 860 qnod
993 785 1086 844 etiam
1108 785 1237 851 adalia
1260 790 1325 852 loca

136 864 196 943 s'irrt
227 884 311 962 cypri
340 882 564 961 transplantati,
605 880 660 943 sed
691 888 793 943 tamen
825 886 883 944 etsi
916 887 1086 959 viruerunt,
1118 882 1199 952 non'
1218 898 1322 955 tamen
1385 900 1391 981 Ι

135 984 266 1046 iructum
297 1004 354 1046 nec
385 1003 510 1046 succum
539 991 743 1063 portaverunt.
789 985 817 1046 A
844 986 1005 1049 Salomone
1038 1007 1110 1070 ergo
1126 1021 1132 1030 ·
1146 1011 1253 1073 usque
1286 996 1322 1058 ad
1385 988 1391 1071 i

134 1098 270 1170 tempora
293 1090 421 1153 llerodis
443 1087 563 1168 Magni,
587 1092 639 1169 qui
661 1089 717 1151 luit
737 1108 815 1153 anno
831 1088 874 1156 49
892 1100 960 1153 ante
975 1092 1097 1154 Domini
1113 1098 1319 1170 nativitatem,
1386 1080 1389 1087 ¹

134 1201 312 1258 manserunt
331 1195 410 1255 borti
432 1193 566 1279 balsprni.
604 1193 647 1254 Eo
669 1201 808 1274 tempore
831 1195 894 1258 iuit'
904 1199 1067 1280 constituta
1081 1215 1178 1277 super
1192 1199 1317 1282 Aegyp·

133 1307 198 1362 tum
226 1296 330 1378 regina
353 1286 527 1376 Cleops&
560 1296 619 1358 lilia
641 1298 777 1378 Dionysii
799 1297 932 1372 doletis,
962 1302 1043 1379 regis
1066 1301 1216 1382 Aegypti,
1247 1323 1315 1366 sce·
1385 1310 1389 1385 j

132 1403 289 1464 lestissimi
322 1404 393 1472 viri,
427 1418 484 1461 nec
514 1399 571 1461 luit
592 1401 651 1462 lilia
675 1420 712 1463 eo
735 1385 851 1464 melior.
898 1404 975 1466 Cum
997 1406 1078 1465 enim
1093 1413 1187 1467 'esset
1209 1411 1316 1486 regina
1386 1426 1391 1499 p

133 1514 164 1568 et
185 1506 320 1568 favorem
341 1501 463 1564 Antonii
486 1506 708 1582 acquisivisset,
743 1508 794 1584 qui
816 1524 853 1567 eo
876 1513 907 1567 te
961 1525 1013 1568 ore
1036 1509 1313 1587 rempublicamin
1386 1502 1391 1571 i

133 1615 251 1675 oriente
273 1609 472 1697 gubernabat,
496 1611 575 1669 sicut
597 1608 779 1671 Octavianus
793 1525 1015 1878 Augu&
1024 1612 1203 1687 occidente,
1228 1633 1312 1676 com·
1386 1582 1391 1673 l

119 1690 418 1785 monochronon
447 1719 552 1773 contra
581 1729 670 1790 reges
699 1716 839 1786 orientis,
1017 1734 1034 1776 e
1068 1723 1171 1779 tamen
1205 1725 1313 1780 contra

131 1783 437 1919 lierffliirfbegem
460 1814 591 1877 iudaeae
625 1823 656 1877 et
684 1824 788 1878 contra
822 1835 924 1896 rogem
975 1819 1080 1879 rabum
1103 1826 1134 1881 et
1156 1820 1216 1883 boc
1242 1822 1312 1884 ideo

131 1900 367 1995 reociiidtffittlts
397 1917 564 1980 interfectis
596 1927 701 1997 posset
722 1922 813 1980 etiam
836 1922 866 1981 in
890 1921 948 1981 illis
972 1923 1143 2000 regionibus
1167 1940 1310 2002 regnare.

132 2026 194 2088 Sed
218 2032 286 2086 curn
309 2022 472 2084 Antonium
493 2021 616 2083 inficere
640 2030 743 2085 contra
765 2023 919 2085 Herodem
941 2043 1002 2085 non
1026 2033 1145 2104 posset,
1176 2028 1311 2106 ipsamet

131 2148 201 2192 curn
224 2130 357 2191 exercitu
374 2109 535 2187 'adsccndit
556 2128 586 2186 in
609 2126 753 2188 iudaeam
778 2135 809 2187 et
832 2127 981 2206 quaedam
1003 2129 1069 2189 loca
1091 2133 1228 2203 vastavit,
1254 2132 1311 2193 alia

130 2237 226 2314 cepit,
257 2235 289 2295 in
312 2230 416 2292 odium
438 2235 539 2290 autem
561 2228 687 2290 Herodis
712 2231 847 2292 ascendit
867 2225 901 2292 in
924 2240 1042 2293 montes
1065 2231 1200 2312 Enggcdi
1223 2242 1257 2295 ot
1279 2237 1310 2296 in

128 2339 231 2401 bortos
256 2334 377 2399 Jericho
406 2334 527 2395 intravit
549 2340 581 2394 et
602 2336 702 2395 omnia
725 2336 844 2395 arbusta
872 2334 997 2397 balsami
1027 2334 1170 2397 radicitus
1196 2337 1309 2399 evulsit

63 2470 67 2485 ·
129 2449 160 2504 et
183 2441 307 2512 excidit,
329 2457 390 2500 nou
414 2436 589 2515 deliuquens
612 2439 653 2499 ibi
676 2456 845 2500 occurram
868 2439 1010 2502 radicem.
1056 2439 1188 2502 Portavit
1204 2447 1309 2504 autem

128 2565 235 2608 secum
265 2547 304 2605 in'
326 2543 498 2623 Aegyptum
532 2540 679 2618 quosdam
707 2542 846 2620 palmitas
880 2560 950 2603 cum
982 2542 1131 2605 radicibus
1155 2551 1187 2604 et
1208 2544 1252 2608 ibi
1276 2547 1308 2606 io

128 2648 259 2730 quodam
293 2648 360 2708 loco
389 2646 541 2725 plantavit.
586 2646 697 2706 Dicunt
729 2645 863 2725 quidam,
898 2645 979 2725 quod
1013 2665 1067 2708 eos
1100 2648 1247 2726 plantavit
1276 2637 1332 2720 in¹

49 2767 51 2769 ’
127 2751 259 2823 Busiris,
291 2753 322 2812 in
352 2751 434 2821 loco,
465 2748 515 2809 ubi
545 2747 635 2809 hodie
668 2756 715 2810 est
735 2749 841 2810 hortus
863 2749 1003 2821 balsami,
1036 2756 1067 2811 et
1089 2749 1170 2829 quod
1193 2750 1230 2811 ab
1254 2752 1307 2812 illo

127 2862 264 2934 tempore
288 2870 384 2931 usque
408 2869 487 2913 nunc
508 2851 549 2912 ibi
571 2855 724 2914 manserit.
770 2853 807 2914 Et
828 2853 886 2914 boc
900 2851 1022 2925 ludaei,
1046 2855 1159 2915 inimici
1172 2853 1307 2933 Virginis

126 2955 241 3020 Mariae
263 2963 376 3019 tenent.
422 2955 484 3016 Nos
506 2972 578 3018 vero
602 2957 744 3029 dicimus,
776 2956 856 3036 quod
881 2957 1040 3035 Cleopatra
1072 2957 1195 3035 quidem
1217 2957 1306 3037 plan·

126 3064 234 3124 taverit
256 3062 376 3121 hortum
398 3060 538 3132 balsami,
562 3060 745 3122 transferens
770 3079 840 3122 eum
864 3060 901 3122 de
924 3069 1005 3123 terra
1019 3053 1167 3123 sancta'in
1181 3059 1305 3143 Aegyp-

125 3173 206 3236 tum,
231 3164 367 3226 sednon
392 3167 499 3237 crevit,
523 3183 580 3226 nec
603 3167 708 3244 viruit,
733 3164 789 3227 sed
812 3154 935 3226 exaruit.
981 3165 1061 3226 Dum
1084 3172 1185 3227 autem
1207 3164 1306 3228 Maria

125 3268 218 3348 Virgo
242 3268 278 3330 ad
300 3268 400 3329 locum
422 3271 504 3330 venit
525 3268 656 3342 Busiris,
680 3268 796 3330 iontem
811 3270 982 3349 impetravit
997 3275 1028 3329 et
1041 3269 1166 3330 balsami
1181 3270 1305 3331 hortum

125 3373 157 3434 io
189 3374 283 3437 totius
308 3366 538 3433 Christianitatis
570 3380 748 3452 perpetuam
782 3372 1029 3434 consolationem.
1074 3371 1116 3433 Ex
1149 3389 1186 3433 eo
1219 3376 1304 3434 enirn

124 3475 212 3536 borto
236 3475 301 3536 solo
324 3475 467 3536 habemus
489 3475 673 3549 balsamum,
698 3476 777 3556 quod
802 3476 869 3537 oleo
891 3477 1016 3537 mixtum
1041 3483 1072 3537 et
1095 3477 1130 3538 ab
1155 3480 1302 3556 episcopo

126 3575 323 3642 sacrificatum
345 3581 378 3642 lit
409 3581 552 3651 chrisma,
586 3598 645 3659 quo
668 3582 699 3641 in
721 3580 870 3659 baptismo
893 3573 1065 3659 inungimur
1087 3587 1118 3641 et
1139 3582 1170 3641 in
1193 3580 1301 3641 coniir·

124 3689 256 3747 matione
286 3687 317 3745 io
344 3687 423 3746 sacri
446 3683 557 3746 ordinis
581 3689 783 3765 susceptione.
828 3685 871 3746 Eo
903 3687 993 3745 etiarn
1027 3701 1120 3763 papa,
1154 3685 1300 3762 episcopi,

124 3789 322 3867 imperatores
346 3794 377 3848 et
398 3790 492 3848 nostri
523 3805 611 3866 reges
644 3791 834 3866 inunguntur.
881 3787 1116 3880 Colendissimus
1151 3793 1197 3848 est
1227 3803 1300 3864 ergo

124 3895 229 3956 hortus
251 3894 319 3965 iiie,
343 3891 380 3952 de
396 3909 456 3970 quo
473 3899 605 3952 aromata
618 3892 669 3953 ilia
684 3894 903 3970 pretiosissima
918 3891 1033 3964 fluunt,
1056 3908 1132 3971 quae
1151 3893 1180 3951 in
1197 3896 1301 3951 nostra

124 3983 374 4059 transfunduntur
388 4000 585 4067 sacramenta,
601 3997 708 4075 quibus
726 3987 873 4058 abluimur
887 4003 918 4058 et
932 3996 1153 4058 sanctificamur
1162 3989 1231 4077 (79
1243 3993 1298 4076 a).

123 4097 273 4164 Eximium
296 4118 368 4179 ergo
391 4118 467 4179 opus
491 4105 589 4170 esset,
622 4099 700 4161 hanc
729 4080 946 4161 nobilissimam
968 4089 1133 4179 plantulam
1155 4101 1245 4161 etiam
1264 4100 1300 4161 in

123 4211 241 4266 nostras
264 4204 476 4284 transplantari
497 4204 636 4284 regiones
660 4210 692 4266 et
714 4203 820 4266 rnodos
844 4204 1020 4284 excogitari,
1053 4221 1113 4283 quo
1136 4218 1298 4267 conserva·
