2874 4770
706 155 769 224 tot

149 341 279 412 nubant,
311 356 401 418 qoam
431 337 533 398 statim
555 353 649 396 annos
671 334 838 414 pubertatis
862 335 1023 413 attigerint.
1069 332 1132 393 llos
1156 337 1327 410 sequuntur

48 424 53 433 ⁵
152 446 241 526 quasi
260 459 367 504 omnes
389 441 550 512 mulieres,
585 439 773 519 disciplinam
804 455 910 499 eorum
938 443 1091 498 sectantes
1115 443 1146 496 et
1165 439 1263 495 minus
1287 435 1326 496 ad

153 547 342 609 ceremonias
363 543 502 605 Alcorani
533 543 732 604 attendentes.
779 543 854 603 Sunt
888 544 969 602 enirn
1001 541 1149 601 foeminae
1182 540 1325 600 Sarrace-

152 667 261 712 norum
291 647 567 709 verecundissimae
600 654 631 706 et
662 647 875 706 honestissime
905 647 935 704 in
966 646 1077 704 vestitu
1100 642 1216 703 velatae
1240 649 1271 701 et
1294 644 1325 701 in

152 751 291 813 omnibus
315 751 512 811 exterioribus
530 750 605 810 adeo
621 750 764 827 pudicae,
788 747 869 827 quod
884 766 943 807 non
959 754 1007 807 est
1022 748 1204 825 comparatio
1221 763 1327 805 earum

153 853 190 914 ad
205 859 332 913 nostras.
378 853 502 913 Faciunt
525 861 626 914 autem
648 852 714 913 illas
732 854 883 921 actiones,
902 857 940 910 -ut
955 851 1037 910 Deus
1061 850 1113 910 det
1129 852 1173 909 eis
1189 850 1325 926 gratiam,

153 974 214 1018 non
237 963 271 1017 ut
294 964 475 1018 mereantur.
776 1019 781 1027 ,
1136 950 1143 957 ’

240 1058 341 1120 Tertia
365 1067 450 1120 secta
473 1059 593 1120 illorum
616 1065 677 1130 est,
709 1059 760 1136 qui
784 1058 901 1129 dieunt,
926 1057 1007 1136 quod
1029 1059 1121 1118 homo
1145 1057 1243 1117 solum
1267 1057 1327 1117 sal-

151 1170 239 1226 vatur
260 1180 315 1242 per
338 1166 458 1241 propria
481 1180 572 1241 opera
604 1169 636 1221 et
667 1161 747 1240 quod
776 1180 833 1222 nec
860 1165 954 1240 gratia
984 1165 1022 1221 sit
1052 1162 1236 1231 necessaria,
1269 1178 1328 1219 nec

152 1266 228 1345 legis
251 1267 437 1337 observatio,
462 1272 493 1325 et
516 1266 559 1325 illi
581 1267 657 1326 mira
679 1273 842 1343 operantur
863 1267 893 1325 in
917 1266 1044 1328 diversis
1068 1267 1235 1335 exercitiis,
1258 1266 1328 1343 plus

153 1371 398 1450 quampriores,
434 1371 503 1446 quia
534 1369 571 1428 de
600 1370 692 1447 priori
715 1375 798 1429 secta
821 1377 892 1429 sunt
913 1370 999 1430 multi
1023 1372 1113 1430 otiosi
1137 1376 1168 1428 et
1191 1368 1327 1438 taediosi,

152 1473 196 1534 illi
219 1479 320 1534 autem
343 1478 414 1531 sunt
435 1472 542 1549 vigiles
565 1479 596 1531 et
618 1471 758 1531 laboriosi
782 1478 812 1531 et
834 1472 945 1532 habent
977 1472 1062 1533 valde
1094 1472 1206 1532 multos
1229 1478 1326 1531 secta·

93 1605 101 1618 .
152 1582 244 1637 tores.
290 1574 368 1635 lstae
384 1592 455 1635 vero
472 1583 534 1634 tres
551 1582 653 1636 sectae
669 1581 738 1635 suut
753 1578 835 1635 omni
853 1576 964 1655 populo
981 1576 1160 1638 manifestae
1178 1583 1209 1635 et
1224 1574 1326 1652 plures

154 1681 234 1740 inter
256 1696 290 1739 se
313 1686 376 1739 tam
399 1680 428 1738 in
452 1681 566 1758 privato
590 1697 681 1757 quam
703 1680 733 1737 in
757 1679 877 1756 publico
894 1680 1101 1740 dissensiones
1118 1684 1234 1755 gerunt.
1266 1677 1328 1738 Sed

154 1784 224 1861 quia
246 1783 413 1861 aequaliter
426 1790 496 1842 sunt
512 1785 686 1843 aestimatae
710 1781 745 1841 ab
768 1784 849 1841 omni
874 1782 1002 1862 populo,
1026 1781 1226 1859 nulla‘potest
1241 1798 1328 1858 prae·

152 1885 255 1947 valere
279 1887 381 1958 alteri,
404 1886 459 1947 sed
481 1893 622 1965 potentes
647 1883 769 1945 student
793 1903 844 1946 eas
868 1886 1070 1946 commodare.
1150 1865 1153 1872 ¹

242 1986 354 2062 Quarta
376 1997 460 2051 secta
483 1995 531 2049 est
553 1988 690 2056 illorum,
714 1989 765 2064 qui
789 1988 907 2059 dicunt,
933 1988 1013 2068 quod
1036 1989 1244 2065 unnsquisque
1268 1988 1327 2046 sal·

153 2099 241 2155 vatur
261 2094 290 2152 in
315 2109 368 2155 suu
391 2093 474 2172 lege,
508 2093 562 2153 sub
594 2109 651 2170 qua
680 2098 853 2163 natusest,
886 2110 945 2152 nee
968 2093 1097 2170 aliquam
1120 2091 1220 2167 legem
1244 2089 1329 2149 alteri

153 2195 342 2285 praeferunt,
375 2197 430 2258 sed
453 2214 559 2257 omnes
583 2195 667 2274 leges
690 2176 837 2256 salutares
861 2214 929 2256 esse
954 2196 1058 2256 dicunt
1081 2202 1111 2254 et
1134 2213 1188 2273 pro
1214 2201 1325 2272 marty-

153 2282 233 2362 ribus
265 2301 367 2362 colunt
398 2319 505 2362 omnes
529 2302 648 2361 occisos
673 2319 726 2378 pro
751 2318 940 2378 quacumque
964 2299 1041 2377 lege.
1086 2297 1189 2375 lpsum
1212 2296 1327 2356 Anaxa-

153 2421 255 2484 goram
271 2405 500 2486 philosophum,
525 2406 576 2483 qui
592 2404 647 2465 fuit
662 2405 698 2464 ab
713 2404 946 2465 Atheniensibus
961 2403 1097 2471 occisus,
1123 2403 1191 2478 quia
1207 2399 1328 2460 dicebat

153 2509 249 2568 solem
279 2527 350 2569 esse
380 2508 511 2587 lapidem
542 2509 683 2585 ignitum,
717 2514 747 2567 et
770 2506 968 2572 Maccabaeos
992 2512 1023 2565 et
1047 2505 1156 2564 Christi
1182 2512 1328 2581 martyres

152 2619 344 2673 venerantur.
390 2611 472 2672 lllius
496 2619 598 2671 sectae
622 2617 692 2672 sunt
715 2611 819 2681 multi,
844 2611 897 2671 sed
920 2628 981 2670 non
1004 2609 1037 2668 tit
1051 2608 1209 2668 manifeste
1225 2608 1327 2686 dispu-

153 2717 225 2775 tatio
249 2715 287 2775 de
311 2733 361 2785 ea,
387 2718 456 2792 quio
480 2713 604 2790 derogat
626 2714 686 2792 legi
709 2712 911 2781 Machometi,
935 2720 966 2772 et
989 2714 1059 2792 quia
1075 2714 1232 2799 pauciores
1248 2715 1328 2778 sunt,

153 2818 387 2899 succumberent
409 2820 439 2877 in
464 2816 727 2895 disputationibus.
774 2817 950 2895 Elphahallo
975 2816 1096 2876 Calinus
1128 2822 1233 2874 noster
1265 2820 1330 2873 erat

153 2918 233 2979 illius
256 2929 377 2991 sectae,
412 2926 446 2979 ut.
468 2925 551 2996 patet
573 2918 605 2979 P.
632 2918 659 2981 1.
685 2920 735 2979 fol.
760 2918 834 2982 222.
857 2918 892 2979 Α.
937 2919 969 2978 ln
1006 2919 1113 2978 talibus
1144 2918 1329 2977 fatuitatibus

153 3026 224 3082 sunt
246 3021 465 3100 disputationes
489 3039 593 3081 eorum
617 3030 648 3082 et
670 3021 784 3093 studia,
808 3024 867 3093 ita,
902 3022 982 3100 quud
1012 3022 1061 3082 illa
1091 3022 1161 3081 urbs
1185 3022 1257 3080 olim
1280 3039 1327 3080 sa-

153 3125 284 3204 pientiae
308 3127 419 3197 nutrix,
442 3123 611 3204 Memphis,
634 3126 737 3195 Delta,
762 3125 945 3203 Heliopolis,
972 3133 1019 3186 est
1040 3145 1121 3186 nunc
1144 3126 1190 3184 his
1210 3133 1327 3202 tempo-

152 3227 235 3288 ribus
259 3244 395 3287 errorum
425 3229 576 3290 inutilium
606 3231 762 3291 inventrix.
808 3228 839 3288 ln
865 3248 932 3290 eam
956 3232 1037 3289 enim
1059 3231 1130 3290 olim
1154 3229 1257 3290 mundi
1280 3246 1327 3288 sa-

153 3333 271 3411 pientes
288 3333 523 3412 commigrabant
539 3350 555 3393 a
572 3333 680 3393 finibus
696 3333 808 3404 mundi,
832 3340 864 3393 ut
878 3331 1096 3412 Memphiticos
1115 3341 1199 3394 vates
1225 3332 1327 3393 audire

153 3441 292 3516 possent;
316 3443 350 3497 ut
369 3435 570 3515 Pythagoras,
596 3436 633 3496 de
657 3454 716 3515 quo
740 3437 872 3513 loquitur
887 3435 1068 3514 leronymus
1092 3439 1123 3496 in
1147 3437 1274 3514 epistola
1291 3434 1328 3496 ad

154 3538 325 3609 Paulinum,
357 3545 387 3599 et
418 3538 511 3599 Plato.
567 3539 627 3600 Sed
659 3547 689 3599 et
720 3537 807 3620 (111
827 3535 872 3618 a)
903 3538 1054 3600 Abraham
1085 3548 1116 3600 et
1143 3536 1267 3618 Moyses
1298 3541 1328 3598 in

153 3640 302 3720 Heliopoli
318 3642 509 3722 prudentiam
526 3643 678 3704 discentes
693 3643 758 3702 Deo
781 3642 882 3703 dilecti
903 3642 972 3702 facti
996 3648 1075 3703 sunt.
1121 3643 1158 3703 Et
1174 3642 1210 3702 de
1227 3642 1328 3703 multis

153 3743 264 3820 legitur
286 3744 335 3804 hie
358 3745 539 3823 profecisse,
564 3754 596 3808 ut
619 3747 695 3807 infra
719 3753 802 3827 patet
825 3746 876 3806 fol.
905 3741 975 3810 128.
1023 3745 1083 3806 Sed
1107 3764 1186 3811 nunc
1210 3753 1329 3824 praeter

152 3845 320 3925 praedictas
350 3855 448 3908 sectas
478 3849 579 3927 plures
613 3857 683 3909 sunt
711 3850 785 3910 aliae
815 3858 918 3910 sectae
948 3851 1026 3909 inter
1058 3867 1126 3921 eos,
1156 3851 1188 3909 in
1220 3851 1328 3928 quibus

153 3948 311 4010 manifeste
335 3958 433 4029 putet,
458 3969 562 4012 corum
585 3953 685 4032 legem
708 3971 775 4014 esse
798 3954 898 4014 fictam
922 3960 952 4014 et
975 3953 1082 4015 falsam
1099 3961 1130 4014 et
1146 3955 1204 4015 nisi
1219 3953 1328 4014 diaboli

152 4048 230 4114 nexu
254 4061 357 4115 essent
380 4056 576 4134 conglutinati
600 4063 630 4118 et
652 4058 744 4128 uniti,
769 4075 828 4117 non
853 4064 1028 4135 paterentur
1051 4077 1084 4118 se
1107 4060 1246 4129 invicein,
1270 4074 1327 4116 nee

153 4165 278 4237 possent
308 4159 381 4236 regi.
426 4158 509 4220 llaec
543 4159 663 4238 grandis
697 4162 896 4222 communitas
930 4162 1044 4240 regitur
1073 4180 1128 4242 per
1162 4161 1327 4224 Soldanum
