2874 4770
680 145 750 219 23⁴

122 321 1151 406 propterquauvenerissimtaunututtdemopretioso,
1175 326 1300 388 sedin·

123 429 220 509 polito
242 437 276 490 et
295 429 479 500 iulormato,
499 431 571 506 quia
591 429 702 489 luisset
721 427 899 507 indiguum,
929 435 963 489 ut
985 427 1119 489 Veneris
1158 432 1258 508 imago
1278 438 1304 491 et

122 531 239 595 iddum
259 532 349 593 heret
369 532 481 592 christi
501 533 708 611 sepulchrum.
737 531 824 592 lianc
844 548 985 592 caussam
1014 551 1078 592 uon
1107 535 1228 594 invenit
1243 532 1302 593 loh.

122 635 215 699 boa.
247 639 279 698 iu
302 635 499 698 Genethliaco
528 636 633 716 gentil.
665 634 796 697 deorum
816 633 852 695 h
873 633 924 695 lll.
949 635 983 695 C.
1006 633 1062 698 23.
1091 635 1129 695 lu
1153 637 1214 697 hoe
1238 656 1303 715 ergo

122 739 204 802 lacto
225 757 287 800 uon
309 741 409 801 minus
432 739 665 802 eoueudandi
687 746 760 801 suut
780 740 882 818 Cyprii
904 741 1051 818 genbles,
1074 759 1171 818 quam
1197 741 1304 820 loseph

122 850 155 905 et
175 841 360 905 Nicodemus
382 844 506 914 ludaei,
527 844 728 907 tumulatores
750 844 878 916 Christi,
900 852 932 904 et
953 847 1066 904 merito
1087 847 1121 904 in
1145 848 1304 923 gratiarum

123 946 274 1010 actionem
288 967 450 1028 possemus
465 953 511 1012 eis
534 949 637 1011 dicere
652 949 728 1011 illud
744 949 776 1012 2
791 949 867 1028 lleg.
890 948 933 1009 ll:
955 949 1111 1010 benedieti
1136 968 1194 1012 ros
1209 950 1303 1027 Cyprii

123 1050 308 1123 allomiuo,
337 1055 389 1131 qui
416 1053 532 1115 fecistis
561 1053 801 1114 misericordiam
831 1053 910 1114 hanc
942 1071 1013 1113 eum
1034 1053 1172 1114 Domino
1196 1062 1303 1125 restro,

122 1161 248 1218 etcum
268 1158 401 1236 sepelire
424 1158 621 1231 decrevistis,
653 1166 686 1219 et
716 1176 798 1219 nunc
828 1158 978 1218 retribuas
1005 1156 1134 1236 quidem
1158 1158 1304 1218 Dominus

122 1260 362 1322 misericordiam
383 1268 416 1322 et
437 1264 610 1334 veriutem,
633 1260 691 1322 sed
712 1268 745 1322 et
765 1279 823 1340 ego
845 1259 970 1321 reddam
991 1263 1121 1338 gratiam
1145 1279 1205 1333 eo,
1227 1260 1305 1339 quod

123 1363 239 1425 fecistis
260 1366 386 1426 verbum
407 1364 500 1426 istud.
544 1365 583 1426 llt
603 1372 721 1425 tautum
744 1364 783 1426 de
803 1364 866 1424 illo.

208 1466 286 1529 lluic
309 1467 472 1529 cathedrali
494 1468 646 1530 ecclesiae
668 1469 814 1530 adhaeret
841 1467 1219 1548 grandis-archiepiscopi
1255 1486 1304 1528 cu·

124 1573 178 1634 ria.
223 1571 256 1632 ln
279 1589 316 1633 ea
337 1573 464 1651 insuper
484 1572 559 1634 urhe
581 1579 629 1633 est
648 1579 819 1633 conventus
841 1572 970 1652 pulcher
991 1569 1107 1631 ordinis
1131 1573 1247 1643 nostri,
1276 1577 1304 1630 et

124 1682 173 1739 est
204 1676 328 1738 ultimus
368 1684 535 1738 conventus
565 1674 814 1738 Praedicatorum
843 1681 949 1736 contra
978 1676 1130 1735 orientem
1165 1679 1303 1752 situsque

123 1792 172 1845 cst
192 1787 224 1845 iu
247 1787 331 1862 regio
354 1785 481 1846 castello
504 1802 595 1863 supra
616 1790 801 1855 torrentem,
824 1782 976 1862 siquidem
998 1799 1051 1842 rer
1066 1778 1195 1858 qnidam
1216 1778 1306 1856 Cypri

122 1893 208 1947 tauto
230 1886 269 1947 ad
291 1887 400 1948 iratres
421 1888 585 1949 inclinabat
607 1887 733 1961 allecto,
768 1894 803 1948 ut
823 1886 955 1947 noluerit
976 1903 1030 1945 eos
1053 1885 1169 1944 habere
1204 1883 1305 1943 locum

122 1990 183 2049 nisi
213 1990 244 2048 iu
266 1991 334 2067 ipso
355 1991 498 2063 castello,
530 1990 612 2071 quod
635 1993 739 2069 utique
761 1989 944 2050 firmissimis
967 1989 1061 2048 muris
1085 1993 1118 2047 et
1141 1986 1212 2047 altis
1238 2003 1304 2046 cum

124 2092 260 2173 pluribus
282 2094 416 2157 turribus
438 2098 588 2156 munitum
612 2103 675 2168 est,
704 2101 736 2156 et
756 2112 814 2174 per
833 2093 985 2172 lapideum
1008 2098 1152 2170 pontem,
1183 2095 1304 2150 arcuato

124 2214 217 2276 opere
241 2197 372 2271 lactum,
395 2200 568 2276 ingressum
589 2200 679 2262 habet
703 2206 763 2260 mm
779 2197 938 2258 castellum
961 2213 1053 2274 quam
1070 2201 1253 2264 conventus,
1276 2200 1305 2254 et

124 2302 349 2365 circumductus
383 2312 432 2365 est
459 2311 578 2366 torrens
600 2323 658 2385 per
684 2323 792 2384 gyrum
814 2305 893 2364 muri
915 2304 1113 2363 extrinsecus.
1160 2300 1304 2360 Desolato

124 2415 226 2470 autem
255 2413 287 2469 et
315 2406 473 2470 devastato
501 2426 595 2487 reguo
626 2408 848 2488 multipliciter,
881 2412 916 2466 ut
939 2422 1030 2483 supra
1051 2407 1170 2483 patuit,
1204 2406 1305 2482 ipsum

125 2513 283 2574 castellum
306 2530 445 2574 eversum
474 2511 531 2572 tuit
554 2513 590 2572 ab
612 2513 691 2572 iutra
712 2518 745 2572 et
767 2510 973 2579 combustum,
1008 2513 1179 2568 conventus
1203 2515 1304 2568 tamen

125 2618 252 2680 fratrom
275 2617 431 2696 diligentia
452 2617 484 2677 in
507 2617 598 2676 tantis
620 2613 768 2675 incendiis
789 2615 909 2690 integer
931 2613 1057 2682 mansit,
1080 2616 1111 2669 et
1127 2628 1235 2671 murus
1251 2628 1306 2689 per

127 2742 235 2802 gyrum
259 2740 329 2783 cum
352 2727 444 2800 ponte
467 2722 559 2780 etiam
582 2719 692 2778 mansit
722 2723 754 2777 et
783 2716 874 2776 hodie
897 2722 960 2787 est,
995 2715 1033 2776 de
1057 2713 1177 2774 castelli
1201 2721 1304 2775 autem

125 2825 301 2886 habitaculis
334 2825 407 2886 nihil
436 2825 546 2885 mansit
579 2821 639 2880 nisi
670 2819 722 2880 alti
750 2821 843 2891 muri,
876 2837 953 2897 quos
980 2819 1061 2895 vignis
1090 2834 1152 2878 nou
1183 2823 1305 2897 poterat

126 2942 319 2988 consumere.
364 2930 415 2989 Sic
439 2945 510 3007 ergo
533 2930 700 2987 conventus
722 2930 828 2984 noster
843 2920 933 2982 hodie
957 2921 1019 2980 sols
1040 2922 1134 2979 muris
1156 2919 1218 2980 illis
1246 2927 1305 2981 stat

125 3027 278 3098 inclusus,
302 3048 359 3090 nec
382 3031 564 3100 admittitur,
599 3033 631 3087 ut
663 3025 771 3104 aliquis
803 3025 844 3084 ihi
867 3023 1032 3103 quidquam
1055 3022 1213 3094 aedificet,
1249 3022 1305 3083 sed

125 3131 234 3192 iratres
256 3138 350 3192 totam
373 3133 563 3196 latitudinem
585 3130 703 3191 castelli
725 3128 892 3208 possident.
937 3126 1074 3187 Ecclesia
1097 3125 1226 3187 fratrum
1259 3131 1306 3185 est

125 3233 210 3312 regio
232 3240 339 3295 ornatu
362 3234 518 3308 decorata,
542 3242 574 3296 et
594 3236 624 3294 in
649 3251 685 3293 ea
708 3238 757 3291 est
779 3230 935 3309 sepultura
957 3246 1065 3306 regum
1088 3229 1189 3308 Cypri.
1219 3230 1304 3291 Duos

125 3335 254 3398 ambitus
277 3336 367 3399 habet
389 3341 566 3400 marmoreis
590 3337 741 3398 columnis
764 3340 950 3395 sustentatos
966 3349 1158 3411 pergyrum,
1182 3341 1216 3395 et
1237 3353 1304 3395 om-

125 3456 182 3503 nes
205 3439 339 3504 cilicinas
362 3441 475 3504 ordinis
491 3441 660 3505 admodum
684 3439 825 3518 pulchras
849 3445 879 3499 et
902 3443 986 3516 aptas
1010 3435 1110 3496 habet.
1156 3437 1305 3516 Superius

125 3541 225 3603 lucida
247 3545 338 3621 hahet
359 3544 548 3619 dormitoria,
572 3545 698 3606 interius
715 3559 865 3603 marmore
887 3546 980 3600 strata
1006 3541 1187 3618 pavimenta.
1222 3540 1304 3613 Qua·

126 3645 195 3708 darn
217 3648 284 3709 vice
307 3667 376 3711 cum
399 3649 483 3711 solus
508 3668 563 3731 per
587 3646 798 3712 dormitorium
824 3643 1066 3713 deambularem,
1089 3645 1191 3721 reperi
1206 3649 1303 3723 quan-

127 3747 196 3810 datu
226 3747 334 3812 cellam
361 3757 513 3829 apertam,
546 3759 578 3814 et
599 3751 672 3815 dum
695 3749 833 3829 percepi,
867 3744 949 3824 quod
983 3753 1066 3805 esset
1100 3764 1211 3818 vacua,
1246 3764 1304 3807 nec

125 3850 234 3930 aliquis
255 3853 316 3914 iam
338 3853 431 3915 irater
453 3872 521 3915 eam
541 3855 737 3926 inhabitaret,
760 3857 915 3933 ingressus
939 3870 1007 3912 sum
1030 3849 1154 3921 cellam,
1178 3856 1213 3911 ut
1236 3866 1304 3910 eam

125 3957 271 4022 riderem.
316 3956 388 4021 Erat
409 3963 512 4018 autem
534 3961 566 4019 iu
589 3959 685 4019 cellae
711 3959 828 4036 pariete
851 3957 964 4018 iactum
987 3953 1214 4016 reservaculum
1238 3955 1303 4014 sine

126 4077 210 4133 sera,
231 4061 311 4141 liguo
331 4061 486 4130 clausum,
516 4059 617 4123 terreo
650 4066 751 4118 tamen
783 4078 876 4138 parvo
906 4059 1050 4138 repagulo
1073 4058 1230 4128 clausum;
1265 4055 1304 4117 ad

125 4164 210 4233 illam
232 4181 355 4246 capsam
376 4177 451 4242 erge
471 4166 506 4225 ut
524 4162 665 4228 curiosus
687 4163 805 4236 amussi
827 4168 860 4225 ot
880 4170 998 4226 minoto
1022 4162 1167 4243 repagulo
1188 4163 1304 4240 aperui,
