2874 4770
682 224 748 293 523

130 398 299 454 metallorum
316 416 382 454 9999
400 400 447 454 9111
466 399 551 469 primo
570 400 697 452 iuventus
715 399 772 451 sit?
792 399 841 452 150
860 413 876 448 a
894 400 921 449 et
940 397 989 451 179
1009 415 1033 453 9.

128 487 241 540 11191999
254 486 350 540 civitas
364 493 405 540 est
418 487 446 539 ia
460 487 549 539 medio
563 488 635 539 iuter
646 486 775 539 Venetias
790 493 816 537 et
827 486 989 550 Jerusalem,
1007 485 1035 537 111
1050 485 1164 555 regione
1176 488 1307 555 Achajae,

201 575 234 628 63
252 575 290 642 B,
310 575 482 642 describitur,
504 578 552 629 189
570 577 597 629 b.
643 577 646 582 '

129 663 215 715 metra
238 662 267 714 in
292 662 377 714 valvis
397 662 528 714 ecclesiae
547 661 576 715 S.
595 660 747 730 sepulchri,
775 662 825 713 132
843 659 880 726 Β,
907 660 936 711 19
954 661 1099 729 sepulchro
1116 662 1228 713 Domini
1248 678 1307 713 exc·

199 755 272 817 rata,
293 752 342 804 129
360 751 391 802 Β.
412 750 448 816 (1,
468 751 496 801 19
515 756 606 802 monte
625 749 784 814 calvariae,
810 785 844 802 ..
870 748 904 799 dc
923 748 1073 809 Vcrcnica,
1094 748 1144 799 137
1162 748 1202 812 Β,
1231 764 1308 816 pere·

199 837 339 903 griccrum
359 834 388 890 S.
408 836 588 903 Gatharinac,
609 839 693 904 591,
713 837 878 905 pyramidum
896 853 990 903 regum
1008 835 1140 904 Aegypti,
1159 836 1193 887 89
1213 836 1246 900 b,
1274 836 1308 887 dc

198 922 352 975 Venetiana
369 925 448 990 urbe,
468 925 516 977 221
538 940 568 989 a,
589 924 622 974 de
641 922 778 975 desiderio
797 923 877 993 patrii
895 923 963 988 scli,
983 923 1031 976 291
1053 938 1083 987 a,
1103 921 1307 990 intempestate

200 1010 233 1064 ad
253 1012 283 1065 S.
300 1010 456 1077 Nicolaum,
478 1013 527 1064 185
545 1012 578 1077 b,
598 1010 626 1062 ia
646 1012 790 1081 sepulchro
809 1010 892 1062 Γ19191
910 1009 1018 1076 magni,
1040 1012 1090 1062 146
1109 1025 1132 1061 9.

127 1097 248 1151 Michael
266 1099 454 1167 Archangelus
472 1114 537 1150 vere
558 1099 684 1168 apparuit
708 1103 841 1163 armatos,
869 1097 915 1165 qui
938 1103 1026 1149 tamen
1052 1111 1195 1162 numquam
1221 1096 1305 1147 armis

200 1191 243 1239 est
261 1203 340 1253 usus,
365 1184 432 1238 ubi?
464 1188 515 1239 293
533 1187 564 1238 Β.
602 1185 785 1238 Christianum
806 1186 931 1254 populum
950 1185 983 1236 ad
1003 1183 1160 1251 capiendum
1179 1182 1307 1234 Hieroso-

199 1275 300 1343 lymam.
315 1273 471 1341 commorit,
491 1275 542 1326 273
560 1275 591 1328 Α.

128 1362 273 1415 Michaelis
291 1367 372 1414 19999
383 1362 544 1429 Gorganus,
564 1361 630 1413 ubi?
651 1361 707 1414 196.
739 1359 882 1411 Michaelis
901 1359 945 1410 alc
964 1364 1004 1412 991
1017 1357 1162 1410 Teucriam
1182 1374 1307 1426 promou-

200 1450 314 1514 tcrium,
335 1450 387 1503 289
405 1452 430 1501 b.
462 1448 605 1501 Michaelis
625 1448 720 1499 festum
740 1463 797 1498 cum
817 1445 927 1497 miseria
945 1447 1150 1497 celebraverunt
1168 1444 1308 1513 peregrini

199 1537 228 1587 in
248 1535 368 1604 deserto,
389 1538 421 1589 63
442 1555 465 1590 c.
485 1537 519 1603 b,
548 1534 664 1587 ecclesia
689 1534 717 1585 iu
736 1533 902 1585 Alexandria
926 1540 968 1584 est
993 1533 1197 1601 peregrinorum
1218 1532 1307 1599 sepul·

201 1629 278 1691 tura,
298 1627 349 1679 139
366 1642 390 1680 a.
410 1631 436 1677 91
457 1626 507 1678 142
525 1624 550 1679 b.
570 1641 593 1677 c.
845 1616 848 1622 ’

129 1709 251 1763 Michael
269 1707 349 1780 Sytn,
376 1727 538 1775 conversus,
567 1715 593 1761 et
611 1724 713 1777 coquus
732 1714 826 1760 noster
844 1707 872 1759 in
891 1707 984 1774 Ulma,
1010 1708 1039 1763 S.
1058 1707 1220 1761 Michaelem
1242 1704 1307 1757 visi·

201 1797 313 1851 teritio
332 1798 493 1864 Britannia,
514 1798 564 1851 203
583 1799 634 1850 Β.“
756 1865 758 1871 ,

130 1885 221 1938 Midas
239 1901 287 1936 rex
304 1885 493 1952 avarissimus,
513 1902 578 1937 aurc
597 1884 710 1937 satiatus
730 1900 796 1937 curo
816 1878 958 1949 occubuit,
974 1884 1007 1935 55
1027 1899 1058 1949 a,
1079 1884 1129 1937 176
1147 1899 1174 1934 a.

128 1972 258 2024 milliaria
274 1988 329 2024 ncn
348 1979 412 2026 sunt
430 1980 503 2026 certa
522 1988 571 2041 per
588 1988 676 2037 mare,
696 1973 712 2022 2
730 1970 762 2023 Β.

129 2058 208 2112 1111199
233 2057 339 2127 quidam
359 2060 521 2129 peregrinus
540 2066 629 2112 terrac
648 2064 759 2112 sanctae
784 2056 813 2108 iu
837 2057 897 2109 1999
921 2058 1093 2110 ascensionis
1112 2059 1224 2112 Domini
1242 2077 1307 2130 prae

198 2146 343 2200 devotione
362 2148 517 2216 exspiravit,
543 2152 592 2202 157
601 2148 633 2214 Β,
653 2148 731 2200 191199
751 2146 857 2215 quidam
871 2146 1136 2214 Hierosolymitanus
1155 2164 1221 2216 prae
1241 2147 1306 2199 levi·

198 2242 253 2288 tate
271 2235 300 2286 in
319 2241 414 2288 sancto
432 2237 577 2305 sepulchro
597 2234 735 2303 paralysin
754 2234 881 2300 incurrit,
909 2234 959 2287 216
977 2234 1013 2299 Β,
1043 2234 1149 2301 quidam
1168 2234 1197 2287 in
1218 2235 1306 2287 odium

198 2324 410 2378 111991199191119
430 2325 582 2376 muscheanr
603 2322 805 2388 stercoriaavit,
825 2325 876 2375 262
895 2328 922 2374 91
942 2324 971 2373 11
992 2322 1019 2373 b.
1038 2337 1066 2386 9,
1088 2319 1193 2388 quidam
1213 2322 1240 2372 ia
1261 2339 1306 2390 pe-

199 2410 312 2464 riculum
330 2410 402 2463 vitae
421 2426 487 2463 suae
505 2411 534 2463 in
553 2412 682 2463 muschea
701 2408 875 2475 obdormivit,
896 2411 928 2463 29
948 2426 972 2461 9.

127 2496 231 2551 milites
249 2499 336 2550 999911
360 2498 496 2567 sepulchri
515 2499 646 2567 quomodo
666 2496 866 2567 percutiantur,
892 2495 910 2546 i.
930 2512 953 2550 9.
973 2495 1117 2549 9199111911
1137 2498 1200 2564 184,
1230 2512 1306 2564 prae·

199 2588 308 2637 9991991
326 2601 356 2637 99
374 2586 435 2653 regi
454 2585 553 2654 Cypri,
573 2588 605 2639 16
624 2587 655 2638 A.

128 2671 230 2724 milites
248 2671 276 2726 S.
297 2672 391 2725 Gecrii
410 2679 474 2726 sunt
493 2673 598 2742 optimi,
617 2678 645 2724 et
663 2672 708 2724 nbi
727 2672 873 2723 creentur?
892 2671 926 2723 92
945 2687 968 2722 9.

129 2759 493 2830 militiailiercsolymitana
511 2768 553 2815 991
571 2759 740 2813 nobilissima
760 2765 787 2811 et
805 2759 1038 2829 praestantissima
1057 2767 1168 2830 propter
1186 2764 1307 2819 rationes

199 2849 381 2919 1111111111,
401 2853 451 2903 184
469 2850 499 2902 Β.
520 2851 596 2906 91).

127 2936 250 2990 militiam
269 2937 376 3005 quidam
391 2939 519 3006 plebeius
538 2936 667 2989 inhabilis
686 2936 758 2988 iuter
772 2937 878 2988 nobiles
897 2935 1025 3004 suscipit,
1044 2936 1092 2988 sed
1105 2938 1195 2990 statim
1209 2940 1305 3008 degra-

200 3025 279 3077 datus
297 3024 362 3091 tuit,
383 3027 433 3077 187
452 3027 483 3078 Β.

125 3111 241 3165 militum
259 3112 348 3165 999911
364 3109 503 3181 sepulchri
523 3129 650 3166 excessus
674 3114 702 3165 in
722 3113 790 3164 mari
808 3111 991 3166 insistentium
1011 3112 1164 3166 taxillorum
1183 3120 1209 3167 et
1230 3117 1306 3168 char-

199 3203 285 3252 tarum
298 3200 387 3267 ludis,
407 3203 440 3269 64
452 3202 491 3266 A,
511 3201 618 3254 vanitas
637 3208 663 3254 et
681 3202 792 3255 fatuitas
806 3200 833 3252 111
848 3217 957 3253 9991919
974 3199 1110 3253 nominum
1129 3208 1156 3254 et
1174 3219 1306 3256 armorum

200 3285 322 3352 pictura,
342 3285 393 3339 216
411 3287 442 3340 Β.
463 3286 494 3339 C.

128 3371 219 3438 Milo,
239 3372 330 3425 199919
348 3390 406 3426 cum
426 3374 602 3443 capacissimo
622 3382 715 3443 portu,
735 3377 785 3428 182
804 3392 828 3426 a.

128 3456 466 3513 9119991199111991991919
485 3464 654 3515 metallorum
674 3463 755 3514 habet
774 3461 887 3532 Cyprus,
910 3464 958 3515 155
977 3478 1007 3527 9,
1032 3461 1092 3512 9911
1110 3461 1219 3512 Arabici
1238 3464 1305 3514 vidi-

202 3562 260 3598 mus
278 3545 307 3597 in
325 3547 446 3615 deserto,
467 3550 500 3601 37
520 3566 551 3615 9,
571 3549 680 3619 argenti
699 3549 727 3601 in
746 3555 820 3600 19119
838 3547 915 3600 ducis
927 3547 1070 3613 Austriac,
1091 3549 1140 3600 227
1154 3550 1185 3614 b,
1206 3550 1305 3603 habent

201 3634 301 3702 Alpes,
321 3635 371 3687 213
390 3636 415 3688 b.

127 3720 270 3788 Minerva,
290 3722 341 3774 dea
359 3723 526 3792 sapientiae,
548 3724 596 3776 179
615 3726 642 3776 b.

127 3808 243 3876 Mincn,
261 3809 368 3875 Minos,
388 3810 480 3864 habuit
499 3827 607 3867 uxorem
625 3809 706 3862 tiliam
726 3808 813 3875 Solis,
834 3811 885 3862 228
904 3825 928 3863 9.

126 3897 268 3966 Minores,
286 3899 418 3966 quomodo
437 3899 609 3951 9999119119
628 3900 781 3951 Jerusalem
800 3898 827 3950 in
847 3904 963 3950 montem
983 3897 1064 3962 Sion,
1085 3900 1137 3952 299
1149 3916 1172 3955 9.
1185 3903 1217 3966 b,
1238 3918 1305 3970 quae

199 3987 259 4038 loca
278 3991 373 4042 999919
391 3987 549 4055 possideant
566 3988 594 4038 ic
613 3986 828 4055 Hierosolymis,
849 3988 899 4040 296
916 3989 949 4041 Β.
984 3985 1139 4038 Minoribus
1159 3994 1221 4040 sunt
1240 3989 1306 4041 haee

199 4074 260 4124 loca
277 4078 362 4139 emta,
382 4076 434 4128 299
451 4075 483 4129 Β.
519 4076 643 4127 Minores
662 4076 765 4127 habent
784 4080 945 4127 conventum
964 4074 992 4126 in
1011 4073 1178 4139 Jerusalem,
1206 4077 1256 4127 198
1273 4076 1304 4127 Β.

201 4160 271 4213 Sunt
289 4161 443 4214 charitativi
467 4162 502 4215 ad
521 4162 683 4232 peregriaos
701 4162 731 4214 19
749 4163 915 4229 Jerusalem,
939 4165 972 4216 89
991 4163 1024 4216 Δ.
1058 4161 1131 4213 Lccc
1148 4161 1306 4214 Latinorum

199 4251 263 4300 9991
279 4247 309 4300 19
328 4249 465 4303 dominico
484 4251 646 4320 sepulchro,
667 4250 717 4304 134
728 4251 761 4303 A.
797 4249 934 4303 Miaccum
952 4250 1065 4303 fratrum
1084 4252 1161 4317 pater
1178 4247 1304 4302 8111911-
