2874 4770
692 180 756 272 aen

134 356 304 437 portionata
327 355 474 420 ridentur.
505 358 587 419 luter
602 358 659 420 alia
674 358 791 432 dicunt,
815 378 883 422 eam
906 359 1002 421 fuisse
1024 359 1258 439 pulcherrimam
1281 368 1313 423 et

133 460 290 523 invitatam
307 463 343 524 ab
357 461 496 542 Apolline
521 463 557 524 ad
575 465 745 524 convivium
763 465 798 525 ab
816 482 916 543 eoque
947 464 1004 525 sibi
1018 463 1151 526 lactucas
1175 472 1311 543 agrestes

134 565 303 645 appositas,
337 583 412 645 quas
441 586 511 627 cum
535 566 720 627 comedisset
742 586 812 628 cum
835 566 1003 639 desiderio,
1035 567 1115 628 illico
1143 586 1310 648 praegnans

134 667 244 730 effecta
274 677 323 753 est
353 673 534 750 peperitque
557 670 661 732 lleben
684 670 774 732 filiam
797 673 863 732 sine
887 673 960 732 viro.
1007 673 1104 752 Supra
1127 673 1204 733 hanc
1226 675 1310 734 insu·

129 771 196 847 lam
217 779 321 835 contra
344 775 516 851 aquilonem
540 773 719 836 declinando
742 777 772 835 in
797 777 946 835 orientem
970 782 1018 835 est
1039 774 1181 836 Pathmos
1205 777 1310 848 insula,

134 877 297 939 noninter
320 877 425 939 orbem
449 877 630 957 Cycladum,
654 879 684 938 in
700 895 790 957 quam
809 879 840 940 S.
857 877 1008 940 lohannes
1025 880 1209 957 evangelista
1231 880 1309 940 rele-

133 988 220 1063 gatus
244 980 333 1042 exilio
348 980 471 1054 dicitur,
493 984 596 1062 ibique
611 980 826 1063 Apocalypsim
855 984 1051 1060 conscripsit,
1075 1000 1091 1042 a
1115 999 1172 1061 qua
1196 982 1310 1044 directa

132 1086 322 1164 navigatione
345 1092 449 1147 contra
471 1088 619 1148 orientem
642 1088 672 1148 in
693 1085 785 1149 Asiae
808 1088 874 1149 loca
900 1089 984 1148 venit
1005 1094 1037 1147 et
1058 1089 1087 1146 in
1111 1086 1215 1148 Cariae
1239 1105 1308 1166 pro·

131 1190 271 1260 vinciam,
295 1191 325 1250 in
349 1207 406 1268 qua
431 1198 478 1250 est
491 1191 640 1270 Ephesus.
674 1192 759 1252 Caria
775 1177 868 1271 regin
883 1192 918 1253 ah
935 1193 1050 1252 oriente
1074 1190 1164 1251 habet
1177 1190 1309 1269 Lyciam,

133 1297 164 1353 et
187 1299 235 1353 est
250 1293 336 1354 Caria
358 1294 437 1355 dicta
461 1313 478 1356 a
503 1295 611 1366 Carro,
635 1312 710 1373 rege
734 1297 830 1374 primo
854 1293 935 1372 ejus,
960 1297 1011 1373 qui
1035 1293 1189 1356 adinvenit
1212 1296 1308 1373 primo

133 1414 235 1459 carros
265 1398 318 1458 rel·
335 1399 419 1476 bigas
448 1406 499 1460 aut
533 1417 638 1467 currus
649 1404 662 1471 ,’
688 1406 718 1459 et
740 1398 796 1460 fuit
821 1401 936 1478 primus
959 1401 1061 1479 auriga
1090 1398 1206 1476 fuitque
1230 1398 1308 1459 tilius

131 1499 220 1561 Erebi
243 1508 274 1562 et
296 1502 415 1574 Noctis,
449 1521 542 1582 quem
568 1503 683 1563 furere
707 1510 825 1565 veteres
853 1521 923 1564 esse
954 1502 1066 1565 factum
1088 1509 1307 1580 postmortem

132 1611 254 1666 nautam
277 1593 469 1680 infernalem,
505 1609 556 1686 qui
580 1609 693 1667 animas
717 1608 911 1681 morientium
941 1606 979 1671 ad
1002 1604 1198 1686 profundiora
1219 1606 1307 1667 Erebi

130 1709 273 1770 transfert
295 1727 350 1788 per
371 1707 576 1771 Acherontem
599 1709 733 1771 flurium.
810 1744 812 1751 ·

217 1812 252 1873 ln
282 1793 338 1875 hac
367 1815 454 1876 Caria
487 1820 534 1876 est
566 1816 671 1876 civitas
694 1813 936 1886 Halicarnassus,
973 1814 1004 1873 in
1027 1829 1088 1892 qua
1110 1812 1306 1891 sepulchrum

129 1900 271 1977 fuit'tam
295 1918 501 1997 magnificum,
535 1918 568 1978 ut
591 1919 669 1978 inter
699 1924 818 1997 septem
849 1917 929 1978 orbis
953 1915 1126 1999 spectaculo
1150 1923 1306 1994 computa·

130 2024 228 2093 retur,
263 2020 345 2099 quod
379 2021 531 2100 quondam
558 2021 691 2082 foemina
714 2039 769 2082 suo
794 2022 858 2083 uiro
888 2023 1052 2082 construxit
1076 2019 1227 2082 defuncto.
1273 2017 1307 2081 ln

130 2140 168 2185 ea
189 2108 344 2204 provincia
367 2132 414 2187 est
434 2126 588 2204 Ephesus,
620 2131 653 2186 ot
676 2125 751 2196 diri,
774 2127 804 2185 in
828 2142 888 2203 qua
911 2125 942 2185 S.
966 2122 1076 2184 Paulus
1107 2131 1137 2185 et
1161 2125 1192 2185 S.
1217 2140 1307 2185 evan·

130 2226 238 2307 gelista
262 2227 414 2290 lohannes
437 2232 512 2289 mira
537 2235 671 2306 egerunt.
717 2228 762 2288 De
786 2228 845 2289 boc
875 2228 1003 2290 habetur
1024 2228 1126 2289 Actor.
1149 2225 1228 2288 xlx.
1274 2226 1306 2287 ln

130 2346 168 2393 ea
191 2333 313 2412 regione
344 2333 400 2394 fuit
429 2335 543 2412 primus
577 2334 608 2394 S.
633 2333 718 2394 Pauli
747 2332 915 2405 discursus,
950 2339 984 2393 ut
1014 2336 1096 2411 patet
1126 2332 1157 2390 in
1182 2326 1306 2392 Actibus

127 2414 354 2515 Apostolorum.
417 2519 419 2523 ,

214 2537 307 2601 Porro
331 2526 431 2619 plures
455 2547 526 2601 sunt
549 2539 646 2600 adhuc
668 2539 785 2601 insulae
803 2536 978 2619 Cycladum,
1002 2547 1032 2601 et
1055 2540 1167 2601 multae
1190 2538 1305 2599 inhabi-

127 2632 245 2704 tabiles,
278 2643 323 2705 De
346 2646 413 2706 istis
437 2644 516 2707 dicta
539 2644 690 2706 sufficiunt
713 2644 926 2724 adpraesens,
949 2645 1192 2724 insequentibus
1209 2642 1306 2706 adbuc

127 2747 215 2828 plura
237 2747 275 2810 de
297 2749 344 2810 his
367 2751 472 2811 insulis
495 2753 619 2814 veniunt
643 2750 783 2812 dicenda.
996 2759 1000 2765 '

218 3107 225 3121 .
299 3049 351 3126 De
378 3050 814 3142 reliquiistllhodieusium
843 3053 922 3134 vide
951 3053 1018 3139 Fol.
1052 3047 1133 3124 172.

96 3292 99 3297 ’
148 3336 177 3359 ι,
215 3271 305 3335 Sexta
330 3273 463 3344 decima,
496 3293 573 3353 quae
598 3275 745 3336 dominica
769 3282 834 3337 erat
856 3274 962 3337 xxvi.
987 3282 1055 3353 post
1078 3274 1249 3348 Trinitatis,
1273 3277 1304 3336 in

99 3379 224 3441 ‚noctis
248 3378 348 3439 medio
372 3380 518 3440 solvimus
543 3380 659 3459 galeam
682 3389 802 3466 aportu
827 3380 978 3442 rhodiensi
1003 3386 1032 3442 et
1055 3379 1183 3459 profecti
1199 3398 1304 3441 sumus

127 3498 196 3542 curn
220 3484 297 3542 satis
323 3483 402 3545 bono
434 3492 524 3546 vento
560 3492 589 3546 et
613 3493 682 3546 ante
714 3486 794 3547 diem
819 3486 1000 3565 Carpathum
1029 3485 1158 3546 insulam
1181 3491 1212 3544 et
1235 3483 1304 3544 Cesi

124 3588 334 3661 transivimus,
358 3565 553 3650 illucescente
577 3599 678 3651 autem
702 3591 750 3652 die
773 3589 902 3652 vidimus
926 3588 1055 3650 insulam
1078 3589 1159 3650 Choa
1183 3587 1303 3661 dictam,

127 3706 218 3774 quam
240 3692 300 3750 iam
323 3694 412 3772 vulgo
427 3691 531 3772 Longo
554 3702 677 3767 vocant,
700 3712 789 3756 unam
813 3694 851 3755 de
866 3692 1055 3775 Cycladibus,
1080 3694 1229 3772 quondam
1253 3714 1303 3756 ce·
1364 3728 1366 3732 Α

125 3781 334 3874 leberrimam‚
369 3799 399 3858 in
423 3816 457 3859 ea
482 3801 563 3860 enim
594 3802 662 3878 equi
692 3801 797 3878 optimi
829 3801 1007 3878 gignuntur,
1042 3798 1239 3872 velocissimi,
1274 3805 1304 3861 et

126 3901 241 3970 securi.;
274 3898 356 3961 unde
387 3902 506 3980 regibus
539 3903 575 3964 ad
606 3905 784 3981 longinquas
817 3909 917 3982 partes
951 3901 1177 3975 describuntur,
1212 3907 1302 3966 etiam

126 4001 182 4080 ipsi
206 4002 354 4065 ditissimo
370 4005 539 4091 Salomoni,
564 4010 627 4086 regi
650 4008 828 4080 Jerusalem,
852 4015 885 4069 ut
908 4007 1035 4068 habetur
1058 4003 1168 4087 3lleg.
1185 4004 1215 4069 3.
1245 4006 1302 4070 Ars

127 4106 216 4167 etiam
248 4106 367 4169 lanificii
402 4110 570 4173 secundum
602 4110 713 4174 Isidem
748 4113 856 4175 dicitur
896 4114 935 4173 ibi
974 4114 1070 4191 primo
1100 4115 1237 4185 inventa,
1272 4119 1304 4176 et

126 4215 226 4270 vestes
252 4211 359 4273 lineae.
