2902 4710
682 163 746 233 345

123 344 325 406 adhaerentes
349 343 518 414 columnis,
547 341 712 421 parietibus
742 346 773 401 et
795 341 891 400 saccis
915 338 1073 419 gravibus,
1094 358 1142 401 ne
1165 341 1210 400 sio
1232 357 1301 419 pro·

120 447 202 525 jecta
225 449 293 509 navi
316 447 353 508 de
376 448 470 508 latere
500 449 541 506 iu·
565 447 644 506 latus
667 444 757 504 simul
780 443 958 504 laberemur.
1003 445 1068 507 Nec
1094 447 1182 506 alicui
1205 443 1301 504 indul·

123 552 249 630 gebatur
272 551 309 613 de
334 553 436 612 carina
459 549 561 628 egredi
593 548 629 609 ad
653 564 875 627 quamcumque
907 550 1137 619 necessitatem,
1171 566 1228 609 uec
1250 549 1302 609 illo

124 653 173 715 die
197 654 313 716 oblatus
338 654 424 714 uobis
447 655 502 714 tuit
525 653 609 713 cibus
632 669 690 713 neo
706 657 808 729 potus,
828 652 904 728 ¹quia
921 654 1049 729 coquina
1071 671 1131 713 nou
1155 656 1223 730 igue
1247 651 1302 713 sad

123 775 200 836 aqua
221 759 311 836 plena
335 754 413 828 erat,
443 758 548 835 sicque
572 758 602 816 in
626 756 677 816 illo
701 762 779 816 tetro
811 755 975 814 mansimus
999 772 1121 816 carcere
1143 774 1241 833 usque
1265 754 1302 818 ad

123 878 281 940 vesperas3
306 859 579 939 advesperascente
603 859 668 930 die,
702 875 775 918 ecoe
800 860 885 935 quasi
908 859 939 918 iu
963 864 1082 919 antrum
1103 858 1190 919 Aeoli
1214 878 1300 921 revo-

123 965 181 1025 cati
208 969 278 1024 sunt
292 965 382 1036 venti,
407 969 438 1023 et
458 964 559 1023 omnia
583 965 762 1040 quieveruut
785 968 816 1021 et
839 960 958 1038 turgida
979 961 1126 1024 hacteuus
1148 963 1215 1023 vela
1237 963 1304 1024 lau-

123 1066 214 1146 gnida
244 1066 448 1144 exhaustaque
473 1066 685 1127 adhaeserunt
708 1067 811 1138 molis,
844 1067 950 1143 sicque
973 1069 1003 1127 in
1026 1065 1164 1127 taediosa
1186 1068 1301 1128 bonam

122 1171 287 1232 mansimus
303 1188 400 1248 usque
424 1172 454 1230 in
478 1169 561 1230 diem
584 1171 727 1241 alterum,
758 1171 789 1230 in
812 1169 895 1240 loco,
919 1170 969 1230 ubi
992 1187 1074 1230 mare
1092 1169 1222 1230 effusum
1245 1188 1299 1230 no-

121 1274 301 1334 bilissimum
326 1275 481 1334 constituit
504 1276 604 1335 sinum
626 1272 832 1335 Ambratioum
856 1274 886 1332 in
908 1272 1017 1352 Eppro.

173 1417 176 1421 «
209 1378 265 1438 Die
294 1376 373 1438 lllX.
408 1379 525 1439 revenit
554 1385 662 1438 ventus
694 1379 805 1447 bonus,
839 1381 870 1435 et
901 1376 976 1437 velis
1006 1375 1116 1438 inflatis
1140 1379 1299 1440 celerrimo

122 1499 213 1542 cursu
236 1483 455 1561 navigavimus,
480 1498 515 1541 ac
538 1481 564 1540 si
586 1486 693 1541 ventos
715 1482 746 1541 in
769 1479 883 1540 utribus
899 1480 934 1539 ab
949 1477 1044 1540 Aeolo
1061 1483 1297 1560 accepissemus.

121 1584 174 1645 lllo
198 1585 246 1646 die
270 1585 383 1646 insulas
408 1583 515 1644 multas
538 1585 802 1662 pertransivimus,
837 1599 915 1659 quae
938 1581 1078 1644 dicuntur
1101 1586 1246 1664 Casopiae
1268 1590 1300 1648 iu

126 1689 276 1766 generali,
301 1687 373 1748 alias
390 1688 501 1748 babent
516 1674 637 1764 propria
652 1686 782 1746 nomina.
827 1683 890 1745 Hae
905 1686 1030 1758 insulae,
1048 1695 1082 1749 ut
1093 1687 1209 1761 dicitur,
1233 1690 1297 1752 iue-

122 1799 191 1852 runt
206 1800 274 1853 aute
287 1792 583 1854 confoederationem
598 1790 783 1851 Venetorum
798 1805 868 1848 oum
882 1787 989 1848 Turcis
1007 1791 1164 1868 cujusdam
1185 1794 1299 1856 dornini

122 1894 282 1956 Christiani
306 1893 430 1967 Graeci,
465 1896 517 1973 qui
538 1895 569 1952 iu
593 1893 695 1953 multis
719 1894 859 1954 subvenit
884 1909 975 1971 saepe
998 1894 1132 1957 Venetiis
1164 1904 1194 1958 et
1217 1898 1298 1960 utilis

120 1997 177 2066 tuit
199 1998 285 2082 quasi
307 2000 397 2082 maris
420 2004 524 2057 custos
548 2004 652 2056 contra
673 1996 899 2074 Turcos,‹quia
924 1997 1040 2059 insulae
1061 2001 1137 2060 istae
1158 2019 1297 2080 magnam

120 2109 269 2180 occupant
300 2104 390 2163 maris
418 2107 536 2179 partem
569 2106 601 2160 et
626 2100 759 2160 mediant
789 2101 867 2160 iuter
901 2102 1046 2178 regiones
1070 2101 1237 2164 lurcorum
1266 2111 1298 2167 et

122 2202 372 2276 Christianorum,
396 2205 450 2266 sed
473 2204 552 2266 iacta
575 2204 839 2264 confoederatione
863 2221 932 2263 cum
947 2201 1054 2263 'furcis
1078 2205 1210 2266 Venetos
1234 2225 1296 2266 am·

120 2307 198 2384 plius
221 2326 281 2368 non
297 2311 475 2380 timuerunt,
499 2310 651 2370 irruerunt
665 2307 779 2368 insulas
803 2310 876 2368 istas
901 2315 931 2367 et
953 2314 1040 2387 capto
1056 2309 1177 2370 domino
1193 2328 1296 2371 aarum

121 2426 191 2470 eum
219 2412 407 2473 tributarium
448 2417 668 2475 constituerunt
706 2420 737 2473 et
765 2413 898 2491 aliquaas
936 2411 1155 2489 desolaverunt.
1209 2411 1295 2474 Unde

120 2520 258 2592 tempore
281 2516 397 2593 primae
420 2534 506 2577 meae
537 2518 786 2596 peregrinationis
819 2517 980 2595 episcopus
1005 2517 1223 2594 Sophoniensis
1256 2516 1295 2576 da

120 2636 181 2679 una
203 2619 321 2680 illamm
344 2629 467 2682 coactus
491 2621 548 2682 iuit
572 2621 714 2683 deserere
739 2620 842 2682 sedem
859 2637 960 2692 suam,
984 2627 1108 2699 eratque
1131 2622 1176 2682 vir
1199 2627 1295 2680 matu·

121 2739 173 2781 rus
197 2729 228 2782 et
251 2723 453 2802 grandaevus,
478 2732 509 2785 et
530 2727 690 2787 nobiseum
706 2725 847 2800 Venetias
863 2727 1026 2804 navigavit,
1051 2727 1101 2802 qui
1117 2725 1190 2786 dixit
1202 2724 1296 2795 nobis,

118 2827 199 2905 quod
221 2827 311 2889 Turci
335 2831 365 2889 iu
389 2831 529 2908 captione
553 2831 672 2890 illarum
694 2831 861 2891 insularum
883 2830 998 2890 nullum
1018 2829 1219 2889 Christianum
1242 2847 1294 2889 oc·
1376 2829 1380 2838 '

57 2946 60 2951 ’
118 2931 255 3019 ciderunt
286 2950 344 2992 uec
375 2933 521 3011 populum
549 2935 782 3005 transtulerunt,
818 2951 875 2994 nec
898 2935 1046 3013 abnegare
1068 2933 1159 2994 fldem
1183 2935 1292 3012 codge÷

118 3041 202 3105 runt,
229 3034 284 3096 sed
306 3041 423 3097 tentum
447 3053 520 3098 suae
543 3039 680 3098 servituti
707 3036 904 3114 subjecerunt
927 3038 1032 3099 dautes
1056 3039 1100 3096 eis
1124 3037 1293 3115 praefectos

118 3143 149 3196 et
171 3140 344 3217 capitaneos
367 3138 493 3200 Turcos.
540 3141 649 3201 Statim
682 3149 781 3203 autem
805 3142 883 3209 lacta
911 3142 960 3203 illa
982 3145 1147 3203 mutatione
1171 3142 1295 3203 dominii

117 3243 291 3320 temporalis
315 3242 426 3304 deiecit
448 3247 538 3304 etiam
562 3250 696 3322 potestas
725 3247 887 3323 spiritualis
921 3252 952 3305 et
983 3246 1204 3317 ecclesiastica,
1236 3263 1294 3306 uec

116 3344 244 3422 populus
268 3348 438 3406 communis
462 3350 576 3409 curavit
599 3348 726 3426 amplius
750 3350 909 3427 episcopos
926 3367 982 3408 nec
1006 3351 1208 3427 presbyteros,
1232 3368 1293 3409 non

115 3448 352 3527 praedicatores,
387 3456 418 3511 et
441 3452 663 3512 ecclesiasticas
688 3468 831 3512 censuras
855 3457 1095 3520 contemserunt,
1131 3458 1293 3528 praccepta

116 3556 311 3630 spreverunt,
327 3554 399 3612 etsi
416 3554 616 3615 ecclesiastici
631 3555 756 3633 praelati
772 3555 903 3634 aliquem
916 3561 1125 3615 contumacem
1141 3557 1293 3632 corrigere

114 3652 269 3725 volebant,
293 3654 343 3715 ille
367 3662 528 3718 contumax
552 3659 794 3735 conquerebatur
816 3658 874 3719 boc
892 3657 988 3735 judici
1011 3658 1165 3737 praelecto
1182 3657 1291 3731 Turco,

116 3766 147 3818 et
168 3762 286 3832 statim,
310 3762 336 3820 si
360 3763 478 3822 occisus
502 3762 653 3840 praelatus
676 3762 830 3834 nonfuit,
854 3762 905 3823 ille
928 3770 1030 3824 tamen
1047 3763 1104 3824 tuit
1119 3764 1291 3842 compulsus

116 3862 247 3923 exulare.
293 3863 374 3925 Dixit
397 3867 487 3926 etiam
510 3866 596 3926 nobis
619 3866 700 3927 idem
724 3871 904 3946 episcopus,
936 3867 1016 3946 quod
1048 3868 1166 3947 quando
1189 3887 1293 3932 rumor

116 3967 214 4043 primo
236 3969 370 4029 venitin
392 3968 505 4031 insulas
529 3969 566 4030 de
583 3970 712 4032 adventu
727 3969 903 4044 Turonium,
927 3979 1027 4034 tantus
1050 3983 1167 4046 metus,
1189 3981 1290 4037 tantus

116 4069 248 4131 ulutatus
272 4077 336 4132 erat
359 4074 390 4133 iu
413 4074 541 4153 populo,
577 4073 657 4151 quod
686 4076 858 4159 miserabile
890 4077 947 4138 tuit
969 4077 1087 4153 videre;
1122 4078 1176 4142 sed
1199 4098 1290 4159 quam

117 4172 175 4231 cito
198 4171 305 4237 Tuccia
324 4175 510 4253 juraveruut,
534 4180 637 4257 statim
658 4178 861 4242 obedientiam
885 4181 1088 4262 praelatorum
1104 4184 1289 4244 ecclesiasti·
