2902 4710
694 137 757 208 211
847 220 849 224 ,

134 311 387 387 reverentiuliter‚
411 313 461 375 cui
484 330 574 373 nemo
598 312 816 393 dedignabatur
836 319 962 394 propter
985 331 1072 375 suam
1095 313 1313 376 humanitatem

136 419 320 480 conversari.
341 480 345 489 ,
364 417 510 479 Foemina
531 435 618 490 vero,
642 435 678 478 eo
699 416 817 495 junior,
840 417 897 477 tuit
919 419 1068 497 pretiosa,
1103 418 1259 479 muliebris
1283 425 1314 480 et

135 527 199 584 tota
221 519 393 582 verecunda
416 527 450 582 ut
472 523 556 599 virgo
578 519 674 581 silens
703 526 734 581 et
757 523 876 599 quieta,
908 527 939 580 et
962 521 1071 582 multas
1094 522 1200 599 longas
1223 522 1313 582 horas

134 623 245 687 babuit·
258 642 314 704 per
336 641 419 685 mare
441 625 473 684 in
496 642 551 686 sua
574 624 698 695 cumba,
727 641 798 684 nam
827 641 883 702 per
905 629 1003 684 totum
1034 643 1117 687 mare
1149 641 1315 702 numquam

136 727 173 790 ad
196 730 279 789 navis
302 729 461 806 superiora
482 712 679 800 conscendit,
712 745 770 790 nec
793 729 885 815 etiam
916 727 955 788 ad
982 746 1059 806 opus
1082 736 1224 800 naturae,
1258 727 1315 789 sed

136 833 258 912 quidam
281 832 398 911 galeota
422 831 460 892 ad
482 833 541 894 hoc
564 831 731 893 conductus
754 830 890 892 misellae
914 825 1095 892 ministravit
1119 832 1260 893 deterens
1284 839 1316 890 et

134 935 285 998 inferens..
323 934 357 996 ln
379 935 485 996 insulis
509 938 601 997 etiarn
624 942 655 996 et
677 935 823 1016 portubus
839 935 930 1014 maris
946 952 1007 994 non
1022 952 1055 1020 se
1071 936 1220 1006 movebat,
1244 953 1315 996 cum
1375 941 1377 949 '

134 1047 366 1102 tamenomnes
390 1041 590 1101 communiter
613 1040 743 1110 exirent,
768 1036 824 1097 sed
846 1038 925 1096 sicut
948 1039 1087 1098 monialis
1109 1038 1227 1098 inclusa
1251 1054 1314 1097 ma·

134 1143 243 1215 nebat,
263 1150 297 1204 et
318 1145 360 1204 ita
381 1146 537 1228 neminem
560 1160 617 1203 nec
640 1144 720 1202 intus
743 1158 801 1201 nec
825 1148 907 1202 extra
928 1143 1068 1219 gravabat
1091 1147 1142 1201 aut
1165 1138 1312 1201 scandali·

133 1246 230 1308 nabat.
262 1246 309 1323 De
324 1246 370 1307 his
386 1247 556 1326 prostitutis
573 1245 652 1325 apud
667 1243 876 1306 Alexandriam
891 1244 960 1306 vide
975 1263 1066 1325 supra
1081 1244 1143 1306 Fol.
1163 1242 1224 1309 122
1241 1245 1269 1304 b.
1310 1282 1317 1289 ·

522 1600 528 1608 a
554 1545 663 1618 Aliud
689 1492 899 1637 Capitulum.

223 1744 348 1838 Quaut’a⁴
366 1764 415 1825 die
430 1830 432 1835 ,
449 1763 575 1852 prandio
607 1761 741 1843 peracto'
772 1766 927 1828 dominus
943 1764 1096 1826 lohannes
1129 1763 1252 1826 Latinus
1283 1771 1316 1826 et
1409 1746 1417 1755 ’

139 1886 196 1947 ego
220 1868 310 1930 simul
341 1869 549 1947 navigavimus.
576 1866 613 1929 ad
635 1867 726 1945 litus,
759 1876 791 1931 et
814 1870 944 1949 ingressi
973 1887 1077 1930 sumus
1100 1867 1312 1931 Alexandriam

76 1976 82 1982 ”
139 1970 177 2033 ad
191 1971 354 2058 emendum
371 1971 469 2050 aliqua
491 1991 547 2052 pro
562 1974 752 2051 navigatione
774 1976 860 2035 nobis
877 1950 1135 2055 necessariaanos
1156 1976 1237 2035 enim
1254 1974 1313 2035 duo

134 2073 199 2152 jam
221 2075 279 2136 soli
302 2092 422 2136 eramus
454 2082 485 2136 et
506 2076 592 2136 nobis
615 2064 691 2155 ipsis
714 2080 919 2158 provisionem
940 2076 1071 2145 ¹lecimus
1093 2084 1128 2138 ut
1149 2080 1314 2156 potuimus.

136 2176 171 2239 ln
192 2178 257 2240 soro
280 2181 362 2243 venit
380 2178 423 2261 ⁸ad
435 2197 491 2239 nos
507 2179 696 2241 Schambecl
719 2182 882 2242 consulens
904 2181 1000 2253 nobis,
1019 2199 1057 2241 ne
1072 2182 1162 2240 nimis
1186 2180 1315 2241 audaces

138 2298 276 2354 essemus
299 2280 336 2342 ad
355 2267 588 2367 ingrediendum
610 2283 726 2355 urbem,
751 2287 821 2362 quia
837 2286 863 2345 si
878 2285 985 2363 aliquis
1001 2284 1186 2364 Sarracenos
1210 2291 1324 2345 contu·

139 2383 262 2444 meliam
296 2389 327 2444 et
358 2381 499 2459 injuriam
515 2383 672 2457 interret,
706 2384 770 2462 jam
800 2406 861 2448 non
900 2392 983 2447 esset
1020 2385 1172 2447 defensor.
1217 2388 1314 2466 Expe-

78 2468 86 2476 ’
138 2485 201 2548 dito
231 2503 304 2566 ergo
337 2488 475 2565 negotio,
508 2505 563 2565 pro
594 2505 653 2564 quo
681 2490 811 2567 ingressi
841 2490 1013 2560 fueramus,
1048 2477 1149 2550 statim
1180 2489 1218 2550 de
1232 2490 1315 2551 urbe

138 2593 285 2654 exivimus
308 2589 437 2670 amplius
461 2610 522 2653 non
542 2594 720 2670 ingressuri.
752 2595 829 2656 Cum
845 2601 947 2662 autem
971 2591 1008 2653 ad
1030 2591 1100 2653 litus
1116 2595 1206 2653 maris
1229 2610 1315 2654 reve-

138 2697 308 2775 nissemus‚
331 2697 502 2775 reperimus
525 2698 566 2759 ibi
588 2695 665 2758 duos
688 2695 727 2757 dc
750 2691 892 2760 iratribus
914 2698 1026 2759 nostris
1049 2694 1144 2778 (147
1159 2693 1202 2779 a)
1226 2714 1315 2776 pere-

138 2802 230 2880 grinis
261 2800 400 2863 dolentes
420 2807 463 2861 et
485 2802 597 2862 tristes.
643 2801 720 2862 Nam
743 2820 799 2880 pro
817 2809 877 2862 'suo
901 2800 1007 2861 solatio
1031 2799 1069 2861 dc
1092 2799 1176 2878 galea
1200 2818 1255 2860 sua
1279 2798 1317 2860 ad

133 2905 209 2984 litus
230 2908 443 2984 navigaverant
465 2912 505 2966 et*
521 2906 679 2998 spatiando
702 2907 769 2967 sinc
795 2908 905 2966 timore
922 2907 1105 2983 vagabantur
1120 2907 1150 2966 in
1166 2902 1317 2966 incertum

127 3002 218 3086 iuxta
240 3027 323 3070 marc
341 3027 433 3088 super
446 3009 580 3087 linguam
595 3016 703 3081 terrae,
726 3027 804 3088 quae
820 3006 925 3070 dividit
940 3015 1061 3089 portum
1070 3008 1317 3069 ⁸Christianorum

139 3118 266 3194 aportu
290 3114 540 3184 sarracenorum
572 3112 777 3175 ascendebant
791 3120 901 3174 vautem
932 3117 962 3172 et
990 3110 1093 3175 videre
1124 3113 1263 3175 volebant
1284 3114 1316 3172 in

138 3215 373 3298 Sarracenomm
395 3223 484 3295 portu
507 3217 623 3277 classes
650 3223 684 3278 ‘et
707 3235 813 3289 naves,
848 3216 1004 3295 quasego
1026 3216 1225 3277 libentissime
1248 3217 1316 3293 ipse
1423 3269 1429 3286 ,

138 3307 298 3392 vidissem,
333 3321 403 3397 quia
425 3318 581 3380 dicebatur
610 3317 680 3380 esse
708 3326 814 3397 portus
844 3314 1083 3396 pulcherrimus,
1117 3321 1263 3381 classibus
1287 3324 1318 3378 et

138 3424 263 3497 navibus
285 3421 421 3502 repletus
444 3428 476 3482 et
496 3425 634 3484 maximis
657 3423 808 3482 mercibus
831 3419 1017 3494 redundans,
1041 3435 1111 3483 cum
1133 3439 1240 3501 magna
1261 3421 1316 3481 ho·

138 3528 255 3588 minum
276 3526 456 3604 frequentia.
502 3525 578 3586 Cum
601 3532 703 3586 autem
725 3524 769 3585 illi
792 3523 851 3584 duo
875 3525 919 3584 sic
944 3524 1048 3585 contra
1077 3524 1178 3586 locum
1208 3541 1316 3604 proca-

140 3628 262 3703 derent,
295 3634 491 3692 accurrerunt
523 3626 682 3688 Sarraoerri
713 3627 922 3706 cummagno
950 3625 1028 3687 iuria
1061 3634 1091 3689 et
1113 3632 1264 3691 irruerunt
1286 3630 1317 3690 in

140 3738 443 3813 eosprostcrnentes
475 3737 506 3793 ct
528 3732 661 3810 pessime
684 3733 907 3811 percutientes,
941 3728 1099 3809 trudentes
1123 3740 1155 3794 et
1177 3739 1316 3811 strangu·

138 3835 236 3899 lantes
270 3839 355 3917 quasi
377 3854 474 3915 usque
506 3828 735 3913 ad'interitum
765 3831 845 3896 unde
867 3852 946 3921 uuus
970 3852 1076 3896 eorum
1099 3838 1230 3914 graviter
1251 3834 1315 3897 vu'l·

139 3947 262 4003 notatus
285 3943 317 4002 in
339 3943 439 4021 capite
462 3939 630 4021 periculum
651 3940 730 4001 vitae
752 3939 809 4002 sibi
831 3938 956 4000 timebat
983 3939 1152 4000 imminerc
1197 3940 1235 3999 Et
1257 3938 1319 4004 nisi

140 4045 261 4124 quidam
285 4045 468 4108 Sarracenos
499 4044 742 4124 supervenisset,
776 4045 828 4122 qui
845 4061 913 4105 eos
942 4042 1079 4120 liberavit
1108 4043 1147 4105 de
1179 4042 1317 4103 manibus
1426 4087 1429 4093 .

141 4149 373 4241 corumptum
395 4149 492 4212 occisi
511 4148 650 4226 tuissent.
695 4145 925 4228 strangulabant
941 4152 1057 4214 autem
1080 4164 1150 4220 eos,
1179 4147 1250 4225 quia
1272 4145 1318 4206 sic

1047 4260 1108 4315 14v
