2902 4710
730 136 794 209 198

168 319 349 397 gloriosam,
396 315 536 396 Rhodum
583 316 847 396 inexpugnabilem
896 315 1127 378 convenientius
1171 310 1346 388 deseribere

166 440 294 501 queam,
326 421 446 499 resigno
478 438 574 499 usque
605 419 642 480 ad
665 417 768 481 XVIII.
803 419 885 480 diem
907 418 997 496 hujus
1021 416 1135 480 mensis
1160 418 1290 484 classem
1314 423 1347 478 et

168 543 259 586 naves
282 531 485 585 mercatorum
515 529 546 583 et
579 541 693 600 repono
724 541 774 583 me
793 525 834 585 ¹In
857 525 972 602 galeam
995 524 1224 603 peregrinorum
1246 528 1346 583 terrae

167 635 289 690 sanetae
324 645 482 688 resumens
517 627 665 686 marInum
687 627 746 686 iter
777 644 896 698 meum,
933 626 1015 706 quod
1038 625 1222 689 ‘revertendo
1246 625 1346 686 iouia

168 729 266 809 ioppe
289 748 345 808 per
367 746 448 790 mare
472 728 630 807 Syriacum
652 729 684 788 iu
707 726 855 807 Cyprum,
890 729 928 791 (16
952 731 1051 811 Cypro
1074 732 1106 790 io
1128 729 1284 799 Rhodum,
1307 727 1346 788 de

169 833 277 895 Rhodo
300 835 330 892 in
354 831 473 893 Cretam
495 850 551 911 per
572 833 666 892 maria
696 833 893 907 intermedia,
925 840 956 895 et
972 824 1016 895 in
1037 834 1127 896 Creta
1158 830 1347 912 reingredior

170 937 285 1015 galeam
306 934 451 995 institoris
476 934 591 997 domiui
608 936 959 998 Sebastianisconterini.
989 936 1102 999 Multos
1126 937 1345 999 enim-utinsos
1370 986 1374 991 .

168 1038 472 1118 taediososquedies
496 1039 654 1100 habuimus
684 1040 714 1099 in
738 1049 826 1118 portu
850 1039 1066 1112 Alexandrino,
1091 1045 1123 1099 ot
1144 1041 1210 1099 istis
1239 1038 1346 1098 diebus

169 1142 316 1220 evagabor
340 1141 378 1203 de
401 1145 475 1203 mari
498 1140 646 1222 Aegyptio
660 1144 700 1223 'in
726 1144 844 1222 Syriam
867 1161 922 1223 per
944 1145 1011 1206 Iona
1034 1145 1117 1223 prIus
1141 1142 1293 1202 nominata
1316 1146 1348 1203 et

168 1245 304 1329 fortunas
337 1251 494 1324 terrasque
529 1245 699 1305 describam
722 1247 830 1324 prioris
853 1249 1055 1326 evagationis,
1083 1262 1141 1306 neo
1163 1245 1267 1320 fiotum
1288 1245 1348 1305 iter

169 1347 373 1437 describam„
390 1351 448 1409 nisi
479 1349 513 1409 ab
535 1347 684 1428 Aegyptio
715 1351 790 1410 mari
813 1350 844 1408 iu
866 1348 1070 1411 Palaestinurir
1092 1351 1155 1412 sive
1178 1348 1345 1426 Syriacum,

169 1471 246 1531 quae
269 1458 340 1513 sunt
363 1454 503 1513 oonIInua
525 1453 634 1523 marin,
660 1458 691 1512 et
714 1451 752 1513 (16
775 1447 835 1514 uno
858 1455 889 1514 in
912 1453 994 1515 abud
1010 1469 1232 1535 praeprospero
1253 1456 1344 1536 vento

170 1558 202 1616 in
226 1558 358 1635 quioque
380 1557 499 1618 venitur
520 1556 611 1616 boris.
