2902 4710
702 137 746 203 77

134 318 205 374 sunt
226 313 307 374 enim
329 314 456 372 maxime
479 313 627 391 zelotypi,
650 318 681 372 et
703 313 886 374 mirabilibus
908 313 1016 392 poenis
1032 312 1178 390 castigant
1195 327 1305 373 uxores

134 417 226 477 etiam
248 434 303 494 pro
325 418 448 476 minimo
478 421 636 493 respectu,
671 433 739 475 nam
772 419 873 477 statim
906 414 942 476 ad
964 418 1059 476 ictum
1082 416 1161 475 oculi
1185 416 1308 494 spiritus

135 521 301 600 zelotypiae
337 538 389 581 eos
423 519 550 589 invadit,
585 525 615 578 et
646 517 807 578 durissime
840 520 985 595 castigant
1015 518 1053 578 ad
1075 517 1219 597 placitum
1243 519 1308 578 sine
1365 510 1368 517 ’

135 624 212 701 lege.
258 621 303 682 Ne
326 630 428 683 autem
450 622 574 699 spiritus
605 619 655 680 ille
685 638 811 680 severus
840 621 1008 700 zelotypiae
1041 622 1130 680 nimis
1160 620 1308 681 excedere

133 727 231 787 virum
254 725 383 795 laceret,
415 723 502 783 datur
534 740 606 782 ecee
631 729 661 782 et
683 721 838 783 ordinatur
861 724 1039 784 sacrificium
1062 722 1150 785 Num.
1175 724 1210 784 V.
1256 724 1309 785 Est

134 830 216 889 enirn
240 826 361 907 spirittis
384 828 434 888 ille
458 829 498 887 ita
522 843 662 896 severus,
686 825 767 903 quod
789 845 849 886 non
873 828 944 886 sinit
958 829 1071 897 virum,
1095 845 1186 905 quem
1202 845 1307 905 posse·

134 932 226 1004 derit,
251 934 424 1010 quiescere,
457 932 516 990 nisi
539 947 664 990 uxorem
687 929 871 1000 contuderit,
902 931 981 989 sieut
1003 937 1085 1008 patet
1107 931 1138 990 in
1162 930 1306 991 Vulcano.

134 1034 193 1108 Qui
216 1054 286 1096 cum
307 1037 475 1096 invenisset
490 1033 621 1095 blartem
644 1052 714 1094 cum
730 1034 849 1094 Venere
873 1053 927 1095 sua
950 1036 1089 1096 uxorein
1105 1034 1194 1105 lecto,
1218 1034 1307 1095 simul

135 1141 236 1201 ambos
267 1141 381 1200 catenis
413 1139 608 1200 invisibilibus
642 1137 785 1207 detinuit,
818 1155 976 1217 quousque
1008 1139 1074 1199 aliis
1105 1137 1162 1198 diis
1194 1157 1248 1199 eos
1277 1141 1308 1199 in

134 1240 317 1304 derisionem
332 1242 526 1304 ostendisset.
572 1240 700 1319 Spiritus
716 1240 766 1299 ille
782 1239 957 1321 Zelotypiae
973 1249 1019 1302 est
1034 1241 1110 1303 filius
1122 1240 1307 1314 Discordiae,

133 1344 292 1406 Discordia
308 1353 409 1406 autem
426 1351 473 1405 est
495 1346 592 1423 prima
613 1343 673 1404 lilia
687 1343 926 1422 Demogorgonis
950 1347 1037 1423 primi
1053 1343 1117 1416 dei,
1141 1344 1308 1406 secundum

136 1454 296 1528 poetamm
319 1448 474 1518 lictiones3
508 1448 556 1508 vel
584 1447 644 1507 lilia
666 1446 766 1517 lovis,
799 1449 850 1525 qui
883 1467 949 1509 eam
972 1448 1009 1508 de
1034 1448 1119 1507 coelo
1142 1450 1172 1508 in
1195 1456 1307 1512 terram

51 1627 54 1631 ἡ
133 1550 271 1630 projecit,
296 1551 346 1613 nbi
362 1557 509 1629 perpetuo
526 1551 652 1611 incurrit
668 1556 698 1609 et
714 1549 851 1610 omnibus
867 1553 979 1631 nuptiis
996 1554 1144 1612 interesse
1163 1553 1254 1630 cupit,
1277 1559 1309 1614 et

134 1657 160 1713 si
183 1655 221 1715 ad
243 1657 361 1734 nuptias
384 1660 490 1716 vocata
513 1672 573 1713 non
598 1653 702 1724 luerit,
725 1653 917 1715 nihilominus
943 1674 976 1715 se
999 1657 1109 1733 ingerit
1138 1663 1169 1714 et
1192 1657 1307 1718 semina

133 1776 205 1820 suae
228 1761 373 1839 perniciei
396 1757 587 1834 derelinquit.
634 1757 680 1816 De
704 1755 761 1816 hoc
777 1760 907 1818 occurrit
923 1759 1079 1837 poeticalis
1102 1758 1213 1819 tabula:
1238 1775 1308 1821 nam

134 1859 205 1922 dum
227 1860 336 1935 Peleus
359 1862 575 1941 desponsasset
609 1860 665 1919 sibi
693 1860 800 1922 callide
824 1859 961 1932 Thetim,
991 1861 1107 1939 Jupiter
1136 1860 1174 1923 ad
1202 1879 1308 1925 eorum

132 1967 252 2044 nuptias
266 1977 384 2026 ‘omnes
408 1965 481 2026 deos
505 1966 656 2034 invitavit,
681 1971 801 2041 praeter
815 1964 1011 2025 Discordiam.
1049 1963 1133 2037 Quae
1149 1966 1309 2046 indignans

133 2072 216 2131 venit
245 2088 315 2131 cum
345 2086 436 2148 pomo
469 2084 577 2138 aureo,
609 2065 690 2144 quod
713 2065 840 2144 projecit
863 2069 893 2127 in
917 2068 1032 2138 locum,
1063 2070 1114 2128 nbi
1137 2076 1198 2129 tres
1222 2069 1309 2143 deae,

133 2171 282 2248 foeminae
299 2173 556 2250 speciosissimae,
574 2169 668 2239 luno,
696 2167 791 2228 Pallas
812 2145 844 2230 et
859 2170 979 2242 Venus,
1004 2171 1162 2243 sedebant,
1187 2172 1306 2234 dicens:

132 2274 164 2335 id
186 2275 289 2336 deberi
313 2276 440 2353 digniori
464 2281 494 2334 et
517 2272 703 2352 speciosiori.
750 2269 834 2342 Quae
851 2273 922 2333 dum
939 2276 1122 2335 comitarent
1137 2292 1191 2352 pro
1207 2295 1306 2354 pomo,

133 2377 251 2459 Jupiter
273 2379 410 2441 Paridem
443 2377 563 2439 adduxit
587 2374 731 2453 judicem.
778 2373 858 2435 Paris
888 2384 988 2436 antem
1020 2378 1049 2437 id
1073 2376 1184 2438 Veneri
1214 2378 1306 2452 dedit,

133 2491 256 2564 propter
279 2483 359 2562 quod
382 2483 484 2544 Venus
508 2482 550 2541 illi
573 2486 692 2557 raptum
714 2477 848 2540 Helenae
872 2483 1041 2551 concessit,
1075 2499 1109 2541 er
1142 2499 1201 2560 quo
1234 2501 1306 2545 oon·

133 2593 272 2648 secutum
294 2594 342 2648 est
364 2585 529 2662 Troianum
556 2583 683 2652 bellum,
717 2589 747 2642 et
776 2584 926 2643 innumeri
957 2582 1059 2663 populi
1092 2585 1198 2654 occisi,
1229 2586 1308 2646 inter

134 2706 210 2767 quos
229 2692 320 2750 etiam
340 2688 474 2749 Achilles
498 2688 652 2755 occubuit,
677 2688 727 2764 qui
750 2688 780 2745 in
804 2689 915 2765 nuptiis
938 2687 1012 2757 illis,
1045 2686 1082 2747 ad
1105 2704 1179 2765 quas
1202 2695 1308 2751 vocata

133 2792 290 2855 Discordia
311 2812 371 2853 non
395 2793 474 2863 luit,·
492 2789 589 2870 (102
607 2787 649 2868 a)
673 2797 761 2849 natus
785 2796 846 2860 est,
869 2793 937 2868 quia
961 2791 1039 2851 lilius
1054 2790 1136 2851 Pelei
1157 2802 1188 2853 et
1202 2791 1309 2854 Thetis

133 2903 206 2956 erat.
252 2897 289 2957 Et
311 2898 355 2956 sic
378 2897 495 2974 expiata
520 2901 566 2954 est
589 2892 706 2970 injuria.
753 2891 836 2954 llaec
851 2895 1007 2956 Discordia
1031 2893 1105 2954 adeo
1128 2896 1238 2956 infesta
1261 2903 1309 2958 est

133 3001 200 3077 paci
224 2999 404 3078 conjugum,
439 3006 472 3060 ut
496 3000 587 3058 etiam
609 3014 823 3074 nonnunquam
846 2997 877 3055 in
901 2996 1048 3077 conjugiis
1072 2999 1310 3062 Christianorum

132 3103 314 3172 inveniatur,
347 3104 481 3179 quamvis
507 3108 610 3161 contra
634 3087 701 3160 eam
725 3117 830 3159 eorum
853 3099 991 3179 conjugia
1012 3093 1082 3164 ¹sint
1111 3108 1308 3166 sacramentis

135 3210 166 3265 et
187 3203 447 3266 benedictionibus
472 3205 654 3265 coelestibus
679 3205 793 3264 sancita
815 3210 846 3263 et
867 3223 928 3265 non
950 3207 1007 3265 nisi
1033 3208 1112 3267 inter
1135 3207 1210 3269 duos
1226 3208 1307 3269 ordi·

133 3313 211 3367 nata.
255 3308 322 3368 Non
339 3326 396 3386 ego
413 3310 520 3378 miror,
545 3307 626 3386 qnod
648 3306 874 3384 Tanguardinus
890 3307 1017 3369 duarum
1040 3329 1165 3372 urorum
1181 3314 1225 3373 vir
1240 3314 1309 3374 sine

133 3419 322 3477 sacramento
347 3410 524 3489 conjugatus
548 3410 730 3499 discordiam
753 3411 866 3470 sociam
890 3412 936 3470 sui
961 3398 1092 3490 conjugii
1107 3432 1215 3492 passus
1238 3414 1307 3476 fuit.

220 3515 296 3575 Cum
319 3522 420 3576 autem
443 3515 539 3575 factus
569 3514 676 3574 fnisset
705 3512 784 3583 dies,
816 3513 1039 3574 sollicitavimus
1063 3503 1309 3594 langbardinum

132 3637 187 3697 pro
208 3610 309 3679 littera
323 3618 444 3679 Soldani
478 3625 508 3678 et
531 3620 628 3679 virum
651 3616 758 3678 durum
781 3616 817 3676 ad
841 3636 896 3677 nos
920 3618 1104 3690 invenimus,
1142 3637 1232 3698 quem
1253 3622 1307 3684 do·

131 3724 211 3784 mina
227 3722 384 3783 Discordia
408 3727 599 3800 corruperat3
622 3722 719 3781 victus
736 3728 838 3781 tamen
853 3722 994 3798 precibus
1010 3723 1122 3788 nostris
1139 3725 1176 3785 ad
1192 3727 1307 3789 curiam

133 3826 248 3888 domini
270 3825 393 3886 Soldani
417 3826 573 3903 equitavit,
598 3831 629 3884 et
650 3824 782 3884 litteram
805 3825 982 3901 pretiosam,
1007 3826 1092 3885 nobis
1115 3832 1218 3888 tamen
1239 3831 1306 3892 inu·
1417 3825 1425 3840 ⁸

132 3929 233 4001 tilem,
255 3932 317 3990 imo
340 3926 601 4007 praejudicialem,
633 3927 742 3998 attulit,
774 3934 805 3988 ut
836 3927 949 4013 patebit
980 3930 1036 3989 sub
1069 3938 1156 4007 porta
1178 3934 1306 3996 civitatis

131 4031 358 4094 Alexandrinae.
406 4032 481 4093 Cum
504 4032 585 4092 enim
608 4030 760 4108 peregrini
782 4031 859 4091 tales
882 4032 997 4092 litteras
1030 4038 1169 4110 portant,
1200 4043 1311 4113 putant

133 4144 304 4227 exactores,
337 4153 391 4196 eos
421 4135 599 4196 thesaurum
631 4139 787 4212 eportare,
822 4141 853 4195 et
884 4131 1020 4197 intimius
1059 4135 1180 4197 visitant
1216 4137 1306 4198 tales.
