2874 4770
697 137 761 208 385

139 312 236 385 Jove,
253 314 395 393 Neptuno
410 321 441 374 et
456 313 609 377 Mercurio
623 321 734 376 terram
752 315 978 393 peragrantibus
995 314 1107 376 iactum
1123 322 1170 376 est
1185 316 1317 395 hospitio

140 417 201 478 alio
225 417 401 492 deficiente,
425 437 478 479 eos
501 421 610 480 intrare
626 419 717 482 llerei
741 422 823 479 senis
848 420 987 496 pauperis
1011 419 1240 499 gurgustiolum‚
1265 423 1316 499 qui

140 539 211 582 oum
247 541 299 584 eos
335 525 525 600 cognovisset
549 521 637 594 deos,
674 523 780 584 obtulit
809 525 853 583 eis
875 524 984 582 bovem
1006 524 1038 582 in
1060 525 1239 584 sacrificium
1264 544 1316 584 co·

139 642 254 703 quens,
278 644 336 704 qua
359 627 507 688 oblatione
532 635 631 687 motus
654 625 772 705 Jupiter
796 626 869 686 dixit
892 628 937 696 ei,
962 634 995 686 ut
1018 632 1135 704 peteret
1157 627 1239 705 quod
1261 645 1314 705 op-

140 735 233 799 taret,
258 732 309 808 qui
332 729 419 802 dixit,
454 748 487 790 se
510 749 571 791 non
594 731 703 792 babere
727 730 887 808 conjugem
919 737 950 791 et
973 739 1179 808 praemortuae
1203 734 1314 810 promi·

139 835 217 892 sisse
240 835 273 893 se
297 833 384 893 alium
407 852 468 894 noo
492 842 675 905 sumturum,
699 841 804 912 optare
822 841 923 894 tamen
946 833 1049 894 filium.
1080 833 1198 914 Jupiter
1215 842 1315 895 autem

137 954 206 997 cum
229 939 353 1016 reliquis
378 937 485 1012 duobis
509 939 565 1013 dlis
588 940 673 1000 bovis
696 941 791 1029 occisi
814 947 988 1000 sumserunt
1011 959 1150 1012 carnem,
1184 949 1214 1002 et
1245 961 1314 1001 cum

133 1044 227 1103 ineo
250 1045 436 1113 minuissent,
456 1043 615 1122 jusserunt
638 1046 718 1114 seni,
743 1051 775 1106 ut
792 1044 896 1115 decern
914 1046 1067 1105 mensibus
1092 1062 1212 1105 carnem
1235 1051 1314 1106 terra

135 1152 248 1206 tectam
270 1165 394 1208 manere
418 1151 607 1226 permitteret
638 1148 783 1210 etlilium
806 1149 875 1209 inde
899 1150 1083 1209 nasciturum
1116 1156 1313 1227 exspectaret.

133 1251 194 1324 Qui
218 1271 287 1314 cum
311 1255 449 1326 iecisset,
474 1272 579 1314 mense
603 1253 721 1313 decimo
746 1253 872 1332 prosiliit
894 1269 986 1332 puer,
1017 1254 1068 1330 qui
1092 1252 1186 1314 Orion
1210 1252 1312 1330 appel·

134 1357 214 1418 latus
238 1364 300 1423 est.
324 1357 446 1422 eladeo
462 1360 506 1418 vir
521 1357 661 1418 robustus
679 1362 725 1416 est
742 1356 855 1426 iaetus,
880 1364 912 1415 ut
927 1356 1043 1416 nulium
1059 1358 1179 1416 timeret
1206 1354 1314 1415 animal

136 1481 305 1542 omnesque
327 1464 441 1524 bestias
466 1481 534 1523 cum
557 1479 613 1521 suo
635 1478 709 1522 cane
742 1468 911 1521 venaretur.
959 1459 1014 1532 Cui
1044 1446 1196 1536 iudignata
1219 1458 1314 1540 Diana

137 1569 272 1640 venatrix
306 1568 388 1625 misit
423 1572 525 1625 contra
551 1584 620 1629 eum
650 1567 862 1644 scorpionem,
896 1566 946 1642 qui
970 1581 1039 1624 eum
1061 1562 1221 1623 interiecit.
1265 1562 1314 1621 Dii

140 1677 240 1730 aulem
255 1688 307 1748 pro
331 1671 499 1748 scorpionis
522 1668 644 1749 audacia
669 1671 768 1748 ipsum
783 1672 814 1729 in
836 1670 954 1746 signum
976 1668 1109 1727 coeleste
1132 1667 1311 1726 sublimare-

138 1781 217 1842 ruut‚
243 1772 323 1852 quod
345 1754 513 1851 scorpionis
536 1773 653 1834 dicitur.
699 1773 830 1833 Dcmum
860 1774 976 1832 miserti
1000 1770 1119 1831 Orionis
1150 1773 1249 1849 ipsum
1281 1775 1311 1829 et

138 1895 245 1937 canem
268 1896 357 1938 suum
388 1879 419 1944 in
442 1877 561 1937 coelum
586 1884 794 1938 assumserunt
824 1883 854 1936 et
878 1875 1021 1936 Orionem
1045 1883 1075 1936 et
1098 1892 1204 1934 canem
1228 1875 1310 1951 signa

136 1983 279 2042 coelestia
303 1983 523 2042 constituerunt
545 1988 603 2043 etc.
649 1980 731 2041 Haeo
755 1980 847 2050 dicta,
883 1980 954 2040 licet
977 1979 1111 2041 sabulosa
1139 1982 1309 2057 appareant,

134 2092 204 2146 sunt
227 2092 326 2157 tamen
350 2093 475 2149 naturae
499 2103 589 2146 cursu
613 2086 784 2156 verissima,
808 2092 841 2144 ut
865 2083 994 2144 ostendit
1013 2084 1165 2145 lohannes
1180 2081 1309 2142 boccar-

134 2188 190 2250 dus
213 2189 249 2251 de
273 2189 475 2251 Generatione
499 2189 624 2250 deorum
648 2188 820 2268 gentilium,
843 2186 922 2249 Libr.
950 2186 999 2250 12.
1029 2186 1101 2267 Cap.
1128 2185 1177 2249 12.

324 2421 448 2493 Ultima
476 2421 571 2495 dictu
597 2423 790 2495 maritimae
817 2421 1120 2511 peregrinationis.

223 2603 334 2668 Octava
367 2606 539 2685 incipiendo
561 2607 640 2670 diem
672 2625 840 2686 avespera
862 2606 1057 2687 praecedenti
1085 2612 1208 2686 propter
1237 2624 1308 2668 oon·

135 2711 331 2771 tinuationem
352 2711 550 2773 insonuerunt
572 2714 692 2773 nauium
707 2714 788 2774 serui
807 2713 888 2773 tubis
909 2729 965 2790 per
991 2714 1143 2774 civitatem
1165 2719 1308 2772 uocantes

133 2831 189 2874 uos
213 2814 249 2876 ad
270 2817 443 2893 ingressum
465 2818 566 2889 navis,
591 2816 733 2900 etzsoluta
756 2817 854 2878 classe
870 2818 1058 2878 tenuive-nto
1082 2824 1164 2877 extra
1187 2821 1308 2894 portum

131 2915 201 2977 elati
223 2936 345 2991 sumus,
379 2918 417 2980 de
440 2936 501 2997 quo
524 2920 657 2981 naucleri
681 2919 844 2999 plurimum
872 2920 1058 2998 gaudebaul;
1094 2938 1165 2981 nam
1188 2919 1307 2998 quando

130 3028 201 3081 sunt
222 3024 304 3083 venti
319 3023 506 3100 importuni,
542 3025 660 3097 etiarnsi
690 3026 750 3085 sint
778 3040 832 3102 pro
861 3025 985 3085 navibus
1018 3032 1049 3085 et
1070 3026 1212 3104 pupulos,
1245 3043 1306 3085 nou

131 3122 242 3185 audent
265 3127 309 3185 eis
333 3127 523 3206 committere
546 3126 638 3189 naves
661 3145 715 3206 per
738 3128 796 3188 hoc
819 3130 908 3189 maris
932 3131 1062 3208 spatium
1085 3147 1181 3207 usque
1203 3129 1305 3189 Vene-

132 3227 206 3298 tias,
240 3227 321 3306 quod
344 3230 501 3290 nominant
522 3229 724 3292 Venetiolam:
760 3231 1016 3311 periculosissima
1039 3239 1088 3293 est
1110 3235 1200 3294 etiam
1223 3235 1305 3292 navi-

129 3336 225 3411 gatio,
250 3338 281 3392 et
304 3349 395 3392 nares
418 3334 448 3392 in
470 3322 732 3413 intempeslalibus
748 3335 943 3396 bithalassum
958 3338 1130 3407 incurrunt,
1154 3338 1222 3413 quia
1238 3336 1304 3395 iun·

129 3436 201 3498 dum
223 3439 415 3516 inaequalem
426 3437 544 3510 babet,
566 3458 624 3501 nec
640 3438 821 3518 profundum
837 3440 963 3500 ulterius
980 3446 1041 3510 est,
1065 3446 1096 3499 et
1118 3438 1186 3498 ideo
1212 3440 1305 3514 magis

128 3547 210 3613 arte,
244 3542 360 3602 cautela
383 3550 414 3602 et
436 3542 580 3604 industria
609 3543 724 3622 indiget
752 3545 903 3620 navigatio
924 3542 1115 3612 Venetiolae‚
1138 3559 1193 3620 per
1216 3559 1305 3619 quom

126 3646 294 3725 singulares
319 3653 350 3708 et
368 3645 461 3723 jurati
482 3646 634 3708 habentur⁴
644 3648 878 3726 gubernatores,
902 3647 954 3722 qui
968 3643 1126 3706 Potentiae
1142 3652 1304 3715 morantur,

127 3755 158 3809 et
180 3751 246 3810 sine
270 3768 376 3811 eorum
398 3757 474 3810 nutu
489 3748 571 3810 nulla
591 3751 677 3829 galea
692 3749 882 3810 Venetiolam
897 3747 1078 3827 ingreditur,
1101 3748 1156 3809 sed
1179 3748 1304 3827 praelati

126 3854 247 3914 uarium
277 3853 524 3931 gubernationem
553 3861 727 3924 assumunt,
763 3859 795 3913 et
822 3852 889 3923 alil,
925 3854 976 3930 qui
1006 3870 1062 3930 per
1092 3858 1189 3912 toturn
1222 3869 1304 3912 mare

127 3957 384 4034 gubernaverunt,
405 3976 469 4018 nou
489 3975 523 4018 se
545 3959 748 4018 intromittunt
770 3974 830 4017 nec
849 3954 995 4032 jodicant.
1028 3954 1180 4034 Contingit
1203 3971 1303 4033 saepe,

128 4059 209 4138 quod
230 4079 321 4124 naves
344 4079 471 4140 magnae
493 4065 524 4124 iu
548 4078 654 4122 mense
684 4061 733 4123 uel
760 4059 889 4138 amplius
920 4078 979 4120 non
1004 4065 1131 4137 possunt
1154 4057 1192 4119 de
1215 4064 1303 4136 portu

128 4160 287 4228 Parentium
301 4163 502 4229 dementiore
533 4170 658 4246 propter
686 4172 847 4227 uentorum
877 4164 925 4227 uel
947 4164 1039 4225 maris
1070 4161 1238 4235 delectum,
1272 4165 1304 4222 et

1061 4283 1094 4334 25
