2902 4710
688 152 751 226 tot

130 335 222 396 retrix
244 331 393 394 Judaeum
427 329 563 392 admittat
597 337 706 412 putans
721 340 726 356 ²
741 331 953 401 Christianum.
998 329 1037 419 lit
1066 330 1125 392 hoc
1158 333 1306 392 statutum

127 435 190 514 jam
214 435 388 522 innovatum
411 436 510 496 estin
532 435 638 495 ultimo
660 433 784 513 Synodo
807 431 1001 512 Moguntina‚
1025 434 1217 514 praesidente
1233 433 1306 495 Cur·

132 538 222 600 dinali
245 537 283 598 ad
304 532 446 609 Vincula,
479 538 599 599 domino
623 537 748 598 Nicolao
782 536 818 597 de
842 536 937 609 Cosa,
957 544 1000 621 pt
1029 539 1167 618 grauibus
1198 539 1305 616 poenis

130 642 282 731 uallatum.
313 643 350 704 Et
373 643 540 704 secundum
562 643 647 722 leges
669 642 796 702 lenones
819 626 1036 720 prostituentes
1058 643 1207 704 foeminas
1229 640 1304 702 ilde·

130 747 208 806 libus
233 752 263 807 ct
280 747 414 824 pretium
428 747 615 825 recipientes
630 744 778 825 puniendi
793 749 864 805 sunt
879 760 975 821 poena
997 746 1112 822 capitis,
1136 763 1195 823 qua
1209 761 1306 823 poena

79 879 81 884 s
125 849 215 938 ,digni
238 852 298 910 sint
314 850 357 910 illi
373 851 598 923 archileuones,
622 853 674 929 qui
697 840 885 928 prostituunt
906 846 982 907 filias
999 834 1304 908 Christianorumlttn

130 953 267 1016 fidelibus
290 973 346 1033 pro
369 953 531 1025 mercede,
562 953 707 1031 dijudicet
728 955 773 1014 vir
795 950 939 1030 prudens.
985 950 1104 1011 Scimus
1128 954 1208 1012 enim
1237 952 1304 1032 lego
1384 976 1395 985 ·

131 1052 313 1136 prohibitum
358 1065 389 1119 et
429 1058 623 1120 interdictum
667 1054 840 1134 conjugium
882 1057 998 1117 ratione
1041 1054 1152 1117 diversi
1195 1044 1304 1117 effla.
1358 1082 1361 1089 ·

130 1161 221 1222 Exod.
240 1158 396 1236 31111111.
420 1161 481 1223 llll.
506 1170 538 1224 et
560 1162 739 1241 inCanuge,
765 1161 816 1220 ubi
838 1178 929 1240 supra
952 1177 1016 1238 cap.
1039 1157 1221 1221 ludaeorum
1245 1164 1304 1220 etc.

133 1265 216 1326 Care
229 1266 411 1327 Christiane!
436 1266 469 1326 Si
496 1284 569 1346 ergo
583 1266 773 1327 Christianus
789 1265 920 1342 graviter
935 1269 1042 1344 peccat
1070 1270 1114 1323 tra
1215 1262 1305 1324 hlium

132 1387 217 1430 suam
247 1371 277 1430 in
303 1369 480 1448 conjugium
502 1368 619 1431 Judaeo
649 1369 697 1430 vel
720 1348 900 1439 sarraceno,
935 1384 1026 1446 quam
1055 1369 1152 1445 gravis
1182 1356 1304 1426 me'ills

18 1546 22 1549 p
131 1479 238 1552 peccat
268 1473 394 1534 tradens
426 1473 548 1534 alterius
578 1471 669 1533 liliam
702 1472 856 1542 omnibus,
887 1477 922 1532 ut
948 1472 1170 1550 prostitutionis
1195 1470 1305 1533 habeat

132 1575 319 1656 pecuniam?
504 1570 510 1579 “

217 1679 284 1740 lloc
316 1678 402 1739 naias
439 1677 521 1739 nullo
544 1683 651 1757 pacto,
681 1676 764 1738 nulla
792 1679 907 1740 ratione
940 1678 1133 1740 admitterent
1160 1693 1218 1738 nsc
1251 1675 1304 1737 lu-

131 1782 198 1843 daei
221 1800 278 1843 uec
301 1783 473 1854 sarraceni,
501 1789 535 1844 ut
556 1781 672 1843 scilicet
695 1780 810 1843 Judaea
832 1781 881 1843 vel
896 1781 1090 1843 Sarracenica
1113 1786 1196 1842 osset
1219 1779 1304 1840 Chri·

131 1888 235 1948 stiauis
258 1889 401 1967 exposita.
446 1886 511 1949 lmo
540 1887 642 1966 legem
662 1886 747 1947 illam
770 1884 842 1949 Lex.
869 1881 918 1949 19.
943 1885 1034 1946 bodie
1063 1891 1198 1955 servant,
1226 1899 1304 1962 quae

130 1989 218 2052 dicit:
242 1991 285 2052 ne'
304 1995 466 2072 prostituas
488 1990 580 2053 filiam
602 1997 699 2061 tuam,
723 2008 762 2050 ne
786 1992 1008 2079 contaminetur
1022 1984 1102 2050 ter'ra
1127 1995 1158 2050 et
1179 1988 1303 2079 implea-

128 2102 178 2156 tur
200 2097 329 2175 piaculo.
375 2096 439 2158 Neo
469 2099 634 2167 sustinent,
666 2095 705 2181 de
733 2095 850 2158 filiabus
880 2097 942 2156 suis
969 2112 1039 2154 esse
1069 2099 1204 2154 scortum
1226 2095 1305 2153 inter
1354 2131 1355 2134 =

130 2216 182 2270 se,
205 2206 361 2260 servantes
384 2198 458 2259 illud
480 2198 570 2259 Dent.
595 2195 647 2260 23.
693 2197 776 2270 Non,
799 2200 911 2276 inquit,
934 2200 991 2258 erit
1006 2199 1149 2257 meretrix
1171 2195 1208 2256 de
1230 2196 1304 2257 lilia·

129 2301 186 2362 bus
218 2299 312 2361 lsrael
343 2318 401 2360 nee
432 2300 648 2361 scortator'dc
679 2299 747 2360 filiis
769 2300 872 2360 lsrael.
918 2299 980 2362 Scd
1003 2299 1061 2360 bac
1084 2317 1190 2370 causa,
1224 2298 1305 2376 quod
1356 2349 1362 2358 ,

130 2403 256 2465 habetur
277 2403 419 2464 Ezechiel
442 2384 531 2478 XVI,
554 2402 674 2465 videtur
701 2403 785 2480 loqui
814 2401 853 2462 de
882 2402 1026 2473 ecclesia,
1059 2401 1108 2462 vel
1135 2403 1237 2494 potius
1265 2401 1304 2462 do

131 2508 278 2569 ecclesiae
302 2506 515 2586 perditissimis
545 2507 628 2578 liliis,
661 2508 712 2567 ubi
734 2508 814 2567 inter
835 2504 932 2567 multa
952 2505 1040 2567 dicit:
1066 2503 1230 2566 aedificasti
1251 2503 1305 2571 tibi

128 2612 252 2689 lupanar
285 2617 316 2678 et
335 2611 436 2671 iecisti
459 2612 513 2672 tibi
539 2611 737 2690 prostibulum
757 2612 791 2671 iu
814 2611 930 2671 cunctis
951 2610 1058 2689 plateis
1088 2615 1119 2670 et
1152 2607 1302 2670 abomins³

126 2715 236 2777 bilem·
252 2714 353 2776 iecisti
385 2715 536 2784 decorem¹
558 2723 645 2777 tuum
674 2722 703 2776 et
732 2715 879 2776 fornicata
914 2733 948 2776 es
980 2733 1048 2774 cum
1071 2713 1141 2774 tiliis
1162 2710 1302 2792 Aegypti.

127 2819 247 2880 Platcae
277 2826 348 2881 sunt
379 2822 514 2882 civitates
545 2814 720 2900 gentilium,
756 2836 834 2898 quac
863 2820 924 2879 nou
943 2820 1065 2880 ,habent
1095 2833 1241 2898 personas
1271 2818 1303 2879 in

126 2923 332 3001 lupanaribus,
365 2926 423 2985 nisi
446 2924 640 2986 Christianos.
686 2925 763 2984 Nam
786 2922 899 2995 audivi,
927 2926 958 2983 in
982 2924 1072 2985 Cairo
1096 2940 1166 2984 esse
1190 2922 1302 3001 grande

128 3027 270 3106 lupanar,
294 3027 417 3106 plenum
439 3029 583 3089 foeminis
608 3029 802 3100 Christianis,
834 3029 973 3089 similiter
995 3029 1077 3099 etin
1100 3026 1248 3089 Damasco
1272 3032 1304 3088 et

59 3119 62 3126 ¹
127 3133 158 3190 in
189 3129 300 3191 Baruto
330 3137 361 3191 et
383 3129 513 3210 Tripoli,
544 3133 624 3193 sicut
653 3138 684 3192 et
721 3135 751 3193 in
772 3131 952 3193 Alexandria
976 3136 1007 3191 et
1030 3131 1301 3209 Constantinopoli.
1371 3138 1376 3146 “

128 3235 165 3296 Ε1
187 3236 323 3314 perhoc
345 3219 487 3312 profecto*
513 3234 606 3296 decor
638 3236 787 3297 ecclesiae
811 3236 946 3297 redditur
968 3235 1097 3296 multum
1119 3236 1301 3297 abominabi-

127 3338 175 3398 lis.
208 3337 304 3418 (138
328 3333 371 3415 a)
395 3335 507 3398 Melius
537 3337 761 3416 quodammodo
791 3344 872 3400 stant
894 3339 1033 3400 homines
1055 3342 1086 3400 in
1109 3338 1174 3400 loro
1196 3340 1301 3404 uendi-

127 3442 201 3501 tioni
225 3441 370 3519 expositi,
402 3457 493 3518 quam
519 3441 596 3501 istae
621 3441 756 3503 misellae
789 3444 970 3521 prostitutae
1003 3460 1057 3521 pro
1080 3448 1164 3504 tanto
1186 3446 1300 3523 protio;

126 3542 209 3604 nulla
224 3545 305 3603 enirn
320 3544 351 3602 iu
368 3543 521 3603 civitatem
537 3528 758 3616 intromittitur,
780 3547 837 3606 nisi
853 3545 908 3606 sub
923 3551 1010 3624 porta
1024 3534 1121 3607 solvat
1134 3549 1164 3607 in
1177 3553 1302 3624 promtu

126 3645 212 3708 XXX
234 3646 375 3717 ducatos,
408 3650 439 3705 et
462 3635 574 3707 iterum
596 3649 678 3710 nulla
702 3652 783 3712 exire
799 3667 943 3727 umquam
958 3652 1140 3728 permittitur
1162 3638 1219 3710 nisi
1244 3651 1301 3711 ite-

126 3769 193 3811 rum
222 3751 277 3811 sub
301 3755 387 3829 porta
417 3749 549 3810 eundem
578 3744 739 3814 numerum
762 3753 940 3815 ducatorum
963 3755 1059 3816 solvat
1081 3757 1147 3815 sine
1181 3753 1302 3815 deiectu

120 3838 161 3915 'et¹
184 3857 226 3916 ita
249 3861 384 3934 oportet,
416 3856 497 3934 quod
520 3858 631 3916 misera
661 3856 711 3918 illa
732 3861 906 3938 turpissima
923 3865 986 3920 arte
1008 3860 1143 3927 lucretur
1165 3856 1302 3920 LXXXV
1401 3856 1405 3862 ’

125 3956 257 4020 florenos
272 3956 397 4020 'tantum
421 3959 459 4021 ad
481 3959 660 4021 solvendum
682 3961 862 4040 pedagium,
886 3964 997 4025 demtis
1021 3966 1160 4044 expensis
1184 3963 1301 4024 suiset

125 4064 173 4122 sui
204 4061 338 4137 lenonis,
371 4068 423 4143 qui
456 4066 547 4126 etiam
577 4067 672 4126 nutrit
695 4062 753 4145 (sc)
787 4067 826 4128 de
849 4071 947 4148 pretio
969 4069 1142 4148 prostibuli,
1176 4074 1301 4146 propter

126 4164 208 4242 quod
231 4183 300 4227 eam
320 4169 483 4247 prostituit.
528 4168 607 4230 Sunt
630 4185 702 4248 ergo
725 4161 939 4250 Sarraceni'in
961 4173 1020 4234 hoc
1035 4171 1211 4233 Christianis
1235 4188 1299 4233 me-
