2902 4710
740 129 806 200 ane
1209 134 1267 237 q.

187 320 277 381 quam
310 322 403 385 saepe
435 305 602 367 obruuntur
637 306 793 377 homiues,
830 304 911 383 quod
944 305 1035 367 etiam
1064 307 1210 385 contingit
1237 309 1269 368 in
1285 309 1370 370 *solo

185 403 282 468 firmo.
311 408 388 469 Nam
411 410 441 470 iu
460 408 620 486 juveutute
644 425 712 471 mea
734 407 790 469 ln.
812 405 893 471 1450
911 415 1091 469 corrnerunt
1112 411 1142 469 in
1157 410 1369 472 Diesenboieu

185 515 247 569 tres
271 508 378 574 domus
401 513 432 573 in
463 511 562 573 media
589 519 695 583 nocte,
729 518 760 572 et
791 511 878 572 multi
910 513 1008 573 obruti
1036 514 1200 590 perierunt.
1238 512 1283 574 ‘Et
1304 512 1367 574 An.

185 611 306 675 Domini
335 611 433 686 1486,
467 615 538 676 dum
561 633 662 677 essem
686 614 827 686 Terriso,
863 617 975 676 corruit
1006 632 1065 675 uua
1095 615 1154 677 alta
1182 617 1273 679 turris
1302 635 1367 677 non

184 714 273 796 longe
296 737 313 778 a
336 736 404 778 meo
428 720 568 798 bospitio.
615 719 648 779 Si
672 736 743 798 ergo
767 717 879 779 cadunt
900 717 1007 779 domus
1030 720 1061 778 in
1082 719 1168 803 firmo
1191 717 1257 779 sole
1281 719 1366 780 loca·

184 825 247 890 tae,
271 820 342 898 quid
365 823 474 882 mirum
497 825 523 882 si
546 822 682 883 Venetiis
705 840 798 901 super
820 823 883 882 luto
906 820 1039 882 fundatis
1063 821 1171 884 domus
1194 822 1365 883 corruunt?

183 922 220 984 Et
242 926 309 1002 quis
332 943 393 986 non
415 927 456 987 ibi
471 926 616 987 timeret?
639 926 779 988 videntur
794 926 898 1004 plnres
914 925 1112 986 ecclesiarum
1127 927 1247 1004 proceri
1262 933 1365 995 turres

182 1029 316 1089 inclinati
339 1035 369 1088 et
392 1032 508 1090 ruinam
531 1032 680 1091 minantes
716 1034 747 1090 et
770 1030 821 1090 alti
847 1030 977 1107 parietes
1001 1031 1087 1090 multi
1111 1030 1255 1102 resoluti,
1286 1048 1364 1108 quo·

182 1152 248 1195 rum
273 1151 360 1194 casus
383 1137 464 1194 omni
487 1143 642 1195 momento
666 1131 866 1212 exspectatur.
898 1132 1047 1212 Navigaus
1064 1136 1144 1194 enim
1167 1151 1222 1212 per
1245 1135 1365 1195 canalia

182 1236 367 1299 Venetianae
390 1239 487 1311 urbis,
516 1240 574 1299 nisi
595 1258 658 1299 non
681 1241 794 1317 aperiat
822 1239 941 1309 oculos,
975 1238 1087 1300 videbit
1109 1238 1201 1298 multa
1224 1237 1366 1299 aedilicia

181 1345 338 1413 inclinata,
369 1361 403 1403 ao
427 1345 452 1404 si
471 1344 534 1419 jam
559 1361 648 1404 casua
671 1360 776 1403 eornm
798 1345 934 1407 instaret.
979 1342 1016 1401 Et
1039 1340 1120 1419 quod
1142 1341 1187 1401 bis
1212 1340 1279 1419 plus
1304 1349 1364 1402 est>

63 1513 67 1519 ,
181 1449 300 1511 videtur
321 1448 411 1518 mihi,
435 1445 630 1525 quodetiam
653 1449 743 1507 turris
767 1447 817 1508 illa
842 1447 1002 1518 altissima,
1033 1446 1204 1507 firmissima
1227 1452 1259 1506 et
1282 1447 1364 1525 opis·

181 1557 300 1614 sissima
323 1552 354 1612 S.
377 1550 474 1612 Marci
497 1552 535 1611 sit
557 1553 587 1611 in
611 1551 688 1620 latus
712 1549 1047 1630 paululuminclinata,
1082 1567 1142 1627 quo
1172 1556 1274 1610 tamen
1298 1567 1363 1610 nou

181 1659 317 1718 obstante
341 1673 433 1734 saepe
457 1657 595 1733 superins
617 1653 669 1714 lui.

268 1759 510 1820 formidulosum
534 1760 624 1818 etiam
648 1757 777 1818 reddunt
800 1758 981 1836 terrigenam
996 1757 1157 1818 cottidiana
1172 1774 1258 1829 nova,
1282 1776 1364 1836 quae

181 1867 337 1926 maritimis
362 1864 534 1942 regionibus
551 1862 691 1924 accidunt
715 1863 857 1921 camaris
874 1861 1025 1940 frequenti
1041 1863 1259 1933 immutatione,
1284 1880 1362 1940 quo-

181 1969 271 2029 modo
295 1971 458 2030 obruantur
480 1968 577 2029 subito
602 1969 756 2037 civitates,
784 1966 872 2026 villae
897 1972 927 2026 et
950 1968 1019 2046 pagi
1043 1973 1073 2026 et
1097 1968 1231 2045 integrae
1255 1969 1362 2045 regio·

179 2090 251 2144 nes,
276 2080 394 2132 montes
418 2073 510 2133 etiam
533 2079 727 2150 mergantur,
751 2077 781 2129 et
795 2069 865 2129 talia
887 2070 973 2130 nobis
997 2073 1173 2131 inconsueta
1197 2070 1363 2132 cottidiana

180 2183 250 2237 sunt
281 2179 311 2236 in
343 2178 499 2237 maritimis
529 2176 702 2253 regionibus
734 2180 765 2233 et
795 2173 927 2233 Venetiis
961 2191 1052 2253 saepe
1084 2177 1234 2236 eveniunt.
1280 2162 1362 2235 Nam

180 2298 257 2342 anno
282 2283 445 2360 praeterito
469 2283 499 2341 in
523 2281 572 2342 die
596 2282 627 2341 S.
655 2279 800 2357 Stephani
823 2278 921 2337 subito
944 2295 1026 2337 mare
1051 2279 1192 2339 intumuit
1222 2284 1253 2339 et
1275 2281 1362 2339 venti

124 2453 127 2458 r
178 2385 432 2464 importunissimi
457 2385 494 2447 de
517 2387 591 2446 mari
615 2385 735 2445 excitati
758 2389 846 2455 sunt,
862 2384 921 2459 qui
937 2383 1019 2458 ipsos
1036 2380 1145 2443 llnctus
1160 2384 1362 2455 incusserunt

178 2506 232 2567 per
261 2491 374 2550 canalia
410 2490 486 2551 adeo
518 2488 707 2563 terribiliter,
743 2485 824 2568 quod
848 2503 954 2547 omnes
987 2487 1111 2564 cymbae
1141 2493 1173 2546 et
1193 2488 1302 2549 barcae
1327 2488 1361 2548 in

178 2594 330 2655 canalibus
345 2678 348 2680 .
362 2603 503 2673 repertae
528 2601 558 2655 et
580 2575 669 2655 extra
697 2599 767 2653 stant
789 2591 981 2664 submersae,
1013 2600 1044 2654 et
1066 2575 1250 2672 quicumque
1273 2592 1358 2654 navi-

177 2700 285 2776 gabant
307 2702 386 2761 inter
409 2691 550 2766 Venetias
574 2705 605 2758 et
626 2695 796 2759 Murianum
820 2696 930 2775 perditi
952 2696 1089 2768 fuerunt,
1123 2696 1279 2768 similiter,
1303 2700 1360 2775 qui

175 2803 256 2862 inter
278 2803 309 2862 S.
332 2803 449 2866 Nicolai
472 2805 570 2866 alvum
593 2809 624 2862 et
646 2804 677 2862 S.
701 2802 858 2862 Helenam·
882 2803 913 2861 iu
942 2802 1087 2868 naviculis
1119 2807 1219 2884 eraut,
1234 2804 1356 2882 ’'perie-

178 2912 265 2978 ruut;
298 2925 367 2968 nam
399 2926 482 2970 mare
510 2908 630 2969 intravit
662 2906 778 2967 urbem·
801 2912 832 2967 et
854 2922 909 2984 per
931 2907 1044 2967 canalia
1070 2907 1159 2966 enam
1183 2905 1357 2972 arctissima

177 3026 211 3068 se
235 3008 353 3070 diffudit
385 3018 415 3073 et
437 3015 468 3073 iu
494 3012 609 3073 lacunis
640 3009 715 3071 adeo
746 3008 882 3083 fremuit,
916 3027 950 3070 ao
984 3012 1010 3071 si
1039 3010 1149 3071 domus
1177 3008 1356 3069 subvertere

177 3119 208 3172 et
231 3112 358 3177 obruere
389 3117 492 3179 vellet.
534 3115 570 3176 Et
598 3113 675 3173 haec
706 3113 894 3192 frequentius
927 3115 1113 3192 contingunt.
1159 3111 1229 3174 ldeo
1265 3111 1358 3172 alieni

176 3218 265 3278 oitins
289 3237 322 3280 se
346 3218 508 3298 expediunt
532 3226 562 3279 et
585 3218 622 3279 ad
645 3218 711 3278 loca
727 3235 780 3278 sua
797 3216 934 3279 redeunt.
972 3220 1023 3278 Sic
1040 3225 1070 3278 et
1086 3234 1143 3296 ego
1160 3235 1229 3278 cum
1243 3233 1357 3294 magno

176 3318 328 3383 desiderio
358 3324 528 3402 exspectavi
562 3322 643 3382 diem
674 3336 816 3383 recessus
849 3323 910 3382 mei
944 3328 976 3382 et
998 3329 1184 3383 mercatores
1214 3321 1357 3398 instigari

176 3424 214 3488 ad
237 3426 368 3488 celerem
391 3428 623 3508 expeditionem.
