2874 4770
683 152 743 220 111

125 339 320 397 accurrentes
340 331 469 410 juvenes
492 330 675 392 conabantur
697 328 783 388 nobis
805 327 904 407 pullos
937 327 1047 387 incisos
1078 328 1195 404 cripere
1218 327 1301 387 etin

125 437 239 498 flumen
261 434 409 515 projicere
433 441 465 495 et
496 434 652 502 fecissent,
685 432 743 491 nisi
774 435 883 489 nautae
917 430 1011 489 nostri
1035 412 1301 503 obstitissent,‘,et

126 540 283 600 habuimus
306 538 399 598 multa
421 537 514 615 litigia
538 534 771 612 praereptione
804 532 953 610 pullorum
988 533 1174 604 occisorum,
1208 533 1300 593 aesti-

87 644 97 663 “
126 643 247 703 mabaut
269 643 349 702 enim
372 658 441 700 esse
463 638 683 699 immunditiam
699 645 730 697 et
745 643 921 715 peccatum,
938 637 981 695 sic
997 631 1052 714 (b)
1067 635 1181 714 pultum
1198 653 1300 697 come-

126 745 199 806 dere
229 744 277 806 vel
309 758 532 822 quamcumque
561 742 706 812 bestiam,
748 746 910 818 antequam
939 745 1020 798 totus
1051 742 1172 818 sanguis
1204 756 1300 818 usque

126 851 163 912 ad
185 856 301 929 guttam
324 851 364 908 sit
386 847 511 909 effusus.
557 844 628 909 ideo
661 846 721 922 ipsi
751 850 845 905 totam
879 843 980 922 gulam
1012 841 1085 925 pulli
1108 843 1244 903 incidunt
1271 848 1302 903 et

125 953 241 1033 pullum
273 955 404 1019 incisum
433 950 570 1011 manibus
601 952 750 1025 premunt,
782 963 820 1004 ne
850 963 920 1005 curn
951 944 1051 1024 aliquo
1082 949 1225 1025 sanguine
1250 965 1300 1008 co·

126 1065 248 1136 quatur,
278 1073 348 1117 uam
376 1054 639 1116 manducationem
670 1051 823 1126 sanguinis
858 1049 906 1107 vcl
936 1051 1032 1108 carnis
1065 1068 1133 1108 cum
1157 1053 1302 1129 sanguine

126 1161 333 1221 abominantur
356 1161 435 1219 sicut
456 1155 577 1228 Judaei,
602 1161 756 1215 servantes
779 1155 871 1213 ritum
893 1158 1090 1228 praeceptum
1113 1151 1224 1214 Genes.
1250 1152 1300 1214 lX.

127 1271 157 1324 et
171 1262 267 1324 Levit.
284 1259 374 1322 XVll.
420 1257 537 1320 Passim
552 1257 735 1320 manducant
750 1255 976 1334 quodcumque,
1000 1255 1054 1316 sed
1077 1259 1159 1335 prius
1183 1257 1301 1319 mundi-

126 1367 260 1438 ficetum,
293 1356 372 1425 unde
406 1361 537 1442 pullum,
569 1377 660 1438 quem
692 1358 887 1439 mundificare
919 1349 1036 1432 volx‘xnt,
1068 1378 1123 1438 per
1154 1381 1205 1422 sex
1237 1362 1302 1423 dies

127 1470 248 1547 capiunt
270 1472 301 1526 et
322 1468 354 1526 in
377 1481 499 1526 caveam
521 1463 664 1524 mundam
693 1461 851 1522 includunt
873 1463 921 1524 vel
943 1444 975 1523 in
997 1466 1097 1543 aliquo
1120 1469 1187 1527 loco
1211 1469 1302 1529 corti·

128 1571 470 1657 culaligatumtenent
493 1572 523 1626 et
545 1586 620 1647 pura
643 1584 733 1645 grana
757 1574 788 1626 et
811 1585 919 1644 aquam
951 1568 1093 1629 mundam
1118 1573 1146 1630 ei
1169 1574 1302 1632 tribuunt

128 1677 221 1745 etita
244 1671 470 1734 mundificatum
493 1677 523 1729 et
546 1688 563 1730 a
586 1671 730 1749 sanguine
754 1677 926 1746 separatum
943 1681 1086 1749 coquunt.
1121 1676 1197 1738 Sunt
1212 1678 1302 1748 enim,

129 1785 161 1839 ut
183 1795 275 1857 saepe
299 1775 374 1846 dixi,
407 1773 599 1854 mundissimi
622 1774 654 1832 in
678 1774 743 1832 cibo
767 1779 798 1833 et
821 1779 894 1851 potu
918 1779 949 1834 et
971 1779 1158 1839 vestimentis
1182 1787 1213 1840 ct
1236 1798 1302 1841 cre.

127 1883 265 1943 berrirnis
296 1877 524 1959 baptismatibus
555 1883 678 1937 utuntur
713 1874 749 1935 ad
772 1876 944 1938 mundanda
975 1898 1111 1957 corpora.
1157 1884 1207 1944 Sic
1230 1902 1302 1963 ergo

129 1987 262 2046 coximus
292 2001 398 2044 carnes
430 1988 461 2041 et
485 1980 682 2040 comedimus.
728 1979 774 2038 De
810 1981 930 2041 civitate
963 1989 1063 2043 autem
1087 1988 1184 2047 omnis
1208 2006 1303 2067 paene

128 2091 274 2169 populus,
298 2089 425 2148 maxime
445 2084 589 2162 juvenes,
617 2083 654 2143 ad
676 2101 732 2143 nos
756 2085 892 2143 exierunt
916 2084 953 2143 ad
975 2086 1137 2148 videndum
1160 2091 1304 2169 hospites,

129 2195 323 2254 sic'utetiam
343 2209 400 2250 nos
424 2189 551 2250 iacimus
574 2191 605 2248 in
629 2187 758 2248 adventu
781 2187 957 2264 Zigarorum
981 2190 1018 2250 ad
1050 2201 1151 2270 partes
1174 2203 1302 2256 nostras.

129 2295 211 2356 luter
234 2301 411 2356 occurentes
434 2294 515 2355 venit
544 2310 621 2352 unus
653 2290 804 2350 masculus
835 2289 959 2351 Maurus
994 2300 1025 2353 et
1054 2300 1183 2374 portavit
1215 2315 1304 2358 manu

131 2399 374 2468 cocodrillulum,
419 2414 509 2475 quem
547 2400 685 2472 ceperat,
725 2392 850 2453 duarum
885 2395 1051 2472 palmarum
1087 2399 1327 2476 longitudinem

131 2503 308 2574 habentem,
342 2519 432 2580 quem
464 2501 613 2560 curiosius
646 2499 815 2575 aspeximus
849 2504 879 2557 et
910 2502 1104 2574 mirabamur,
1139 2504 1304 2581 quodiam

131 2623 220 2686 parva
242 2607 336 2666 bestia
358 2608 389 2666 in
411 2613 473 2666 tam
494 2607 649 2682 ingentem
673 2601 834 2663 draconem
858 2605 983 2680 prolicit.
1029 2606 1075 2667 De
1098 2609 1155 2668 hoc
1186 2609 1304 2672 dicetur

130 2709 217 2771 inlra.
262 2706 345 2770 Alius
365 2707 486 2785 juvenis
509 2709 638 2786 portavit
661 2707 775 2782 origem
799 2724 907 2779 unum,
931 2707 1112 2788 Aegyptium
1130 2713 1249 2790 glirem,
1273 2715 1304 2773 iu

131 2813 296 2890 quantitate
320 2812 392 2872 catti
415 2809 530 2870 dimidii
553 2811 636 2880 anni,
669 2808 749 2869 hunc
780 2809 900 2887 quidam
929 2815 1103 2891 peregrinus
1127 2818 1214 2888 emit,
1249 2814 1304 2878 scd

131 2933 192 2976 non
214 2914 264 2977 diu
287 2917 372 2978 vivus
394 2915 514 2974 mansit.
561 2912 606 2972 De
628 2912 685 2971 hac
707 2912 806 2991 hestia,
826 2914 859 2973 fit
882 2917 994 2975 mentio
1018 2917 1124 2995 Esajae
1147 2918 1199 2982 51.

216 3015 385 3079 Mansimus
409 3025 510 3078 autem
532 3018 563 3076 in
587 3021 675 3093 portu
698 3015 749 3073 illo
773 3014 821 3075 dic
840 3017 891 3077 illo
907 3025 971 3078 toto
987 3026 1017 3079 et
1032 3024 1064 3081 in
1079 3041 1165 3083 sacro
1181 3022 1303 3085 ssuminc

131 3120 260 3199 balneati
275 3139 388 3193 sumus,
411 3138 472 3180 nou
487 3126 603 3179 tantum
619 3136 674 3195 pro
690 3121 882 3191 necessitate,
907 3131 1051 3199 quantum
1067 3144 1120 3203 pro
1135 3125 1304 3200 devotione,

131 3228 164 3282 ut
187 3223 377 3286 ablueremur
399 3226 492 3283 sacris
516 3220 646 3300 paradisi
670 3220 773 3294 undis,
796 3242 855 3283 non
879 3232 980 3286 tamen
1004 3231 1087 3307 aquis
1109 3232 1139 3289 in
1155 3231 1303 3308 prolundo

132 3344 187 3385 nos
205 3330 428 3399 commisimus,
452 3329 595 3387 timentes
611 3324 726 3385 belluas
749 3328 780 3386 in
803 3329 847 3387 eis
862 3330 1007 3391 viventes.
1053 3333 1098 3393 De
1113 3333 1171 3394 hoc
1186 3335 1303 3395 lavacro

132 3435 163 3489 et
184 3430 310 3502 balneo,
344 3433 369 3491 si
392 3431 511 3509 gloriari
534 3429 673 3499 voluero,
710 3446 770 3487 non
794 3447 845 3488 ero
868 3433 1030 3511 insipiens,
1066 3454 1136 3495 cum
1159 3437 1305 3514 legamus,

132 3540 269 3594 sanctum
295 3537 458 3595 antistitem
473 3532 671 3611 Epiphanium
695 3530 758 3590 sola
779 3533 966 3609 inspectione
982 3537 1061 3597 illius
1078 3541 1157 3598 sacri
1172 3538 1304 3601 lluminis

131 3638 282 3714 gavisum,
297 3637 376 3698 unde
394 3637 465 3698 dicit
480 3638 511 3696 in
527 3636 655 3714 epistola
669 3633 706 3694 ad
720 3632 902 3708 iohannem,
923 3635 1208 3717 ierosolymitanum
1224 3646 1304 3721 epis·

132 3757 256 3819 copum:
287 3741 350 3819 Ego
374 3739 434 3802 vidi
451 3756 543 3817 aquas
560 3737 660 3808 Geon,
685 3754 777 3815 aquas
793 3738 839 3798 his
856 3742 972 3800 carneis
997 3743 1093 3805 oculis
1119 3746 1221 3821 aspexi
1244 3753 1303 3807 etc.

131 3846 215 3909 Hanc
239 3844 399 3924 epistolam
422 3841 573 3904 transtulit
595 3841 775 3919 leronymus
800 3860 836 3902 ex
860 3843 975 3904 Graeco
998 3847 1028 3904 in
1050 3846 1198 3906 Latinum.

218 3949 311 4010 Porro
341 3952 411 4028 post
443 3963 586 4007 occasum
628 3942 700 4003 solis
733 3946 895 4024 reingressi
927 3965 1031 4009 sumus
1062 3966 1170 4009 navem
1205 3956 1236 4011 et
1269 3969 1305 4014 ea

131 4054 231 4129 soluta
253 4053 452 4122 recessimus,
475 4068 544 4110 curn
567 4047 676 4126 gaudio
692 4055 792 4109 autern
807 4052 1028 4128 navigavimus,
1053 4054 1120 4130 quia
1136 4052 1303 4129 Sarraceni,

133 4157 184 4233 qui
206 4162 270 4218 tota
292 4156 341 4217 die
365 4155 560 4225 dormierant,
577 4151 642 4229 jam
656 4153 831 4230 vigilabant,
855 4157 1014 4220 cantabant
1030 4162 1060 4218 et
1074 4154 1302 4222 manducabant.
