2902 4710
641 215 643 221 ,
714 125 786 197 aar

165 304 349 368 conabantur
371 308 473 366 autem
495 303 713 382 gubernatores
737 299 776 363 ad
798 302 930 380 aliquem
951 303 1073 380 portum
1095 299 1269 380 applicare,
1285 296 1343 361 sed

163 412 315 471 incassum
338 407 527 478 laborabant,
561 406 630 485 quia
653 405 770 469 nullum
791 406 942 466 habebant
966 409 1125 466 ventorum
1148 402 1340 482 adjutorium,

165 530 223 575 nec
245 513 363 575 labores
387 529 493 573 eorum
516 508 648 588 aliquem
671 508 820 571 habebant
841 506 1006 570 effectum.'

251 614 323 678 Post
345 622 466 701 tempus
492 614 659 692 aliquarum
688 613 830 674 horarum
859 612 943 673 uenit
976 612 1099 691 quidem
1131 618 1254 685 ventus,
1275 600 1344 699 vsed

164 719 295 792 inutilis,
318 737 409 800 quem
433 719 524 781 etiam
546 717 629 778 nullo
644 716 735 778 modo
751 717 839 795 sequi
854 717 1061 790 conveniebat,
1084 723 1236 798 portasset
1258 718 1342 778 enim

163 841 219 886 nos
242 823 280 885 ad
302 823 403 886 littora
424 822 582 893 Albaniae,
616 837 693 900 quae
723 838 804 882 nunc
826 819 996 882 lurcorum
1030 827 1110 882 sunt.
1155 821 1209 882 Est
1239 827 1344 895 autem

164 927 338 1000 sciendum,
361 926 443 1006 quod
466 925 577 1006 duplex
599 931 647 986 cst
660 923 794 997 Albania,
817 943 876 987 una
899 933 947 989 est
960 924 1049 988 Asiae
1073 925 1195 1005 majoris
1218 927 1344 1005 provin·

165 1034 211 1094 cia
234 1032 272 1092 ad
294 1032 394 1094 littora
421 1032 529 1092 oceani
552 1029 807 1110 septemtrionalis
838 1037 869 1092 et
898 1030 936 1092 ad
958 1048 1041 1092 mare
1065 1030 1208 1110 Caspium
1230 1047 1265 1092 se
1287 1047 1343 1092 ex·

163 1135 306 1207 tendens,
331 1137 415 1214 regio
438 1133 561 1212 frigida,
584 1136 616 1195 in
640 1126 698 1213 (pua
721 1134 779 1195 albi
801 1141 966 1196 nascuntur
988 1134 1128 1197 homines
1150 1135 1342 1208 ferocissimi,

162 1243 220 1312 ita,
244 1247 277 1301 ut
299 1240 403 1302 leones
426 1241 593 1318 perimant,
617 1245 648 1299 et
670 1238 782 1300 habent
804 1237 908 1301 oculos
931 1238 1072 1324 glaucos,
1100 1240 1215 1324 quibus*
1231 1239 1344 1300 melius

163 1345 195 1407 iu
218 1345 353 1405 tenebris
377 1350 408 1405 et
429 1342 569 1404 noctibus
592 1340 712 1415 rident,
737 1345 830 1420 quam
853 1360 923 1404 cum
944 1342 1058 1404 lumine
1081 1342 1130 1405 vel
1150 1345 1182 1409 in
1207 1342 1266 1404 die.
1295 1340 1342 1402 Ab

61 1492 64 1497 ,
163 1447 210 1509 bis
234 1448 372 1526 gentibus
394 1449 474 1510 venit
499 1447 572 1507 olim
594 1448 744 1508 exercitus
776 1448 807 1507 in
831 1432 1075 1526 Peloponnesum
1099 1453 1139 1507 -et
1161 1445 1262 1509 diffusi
1285 1463 1342 1526 per

114 1630 117 1635 Δ
162 1551 246 1613 littus
269 1552 360 1612 maris
383 1552 538 1628 regionem
559 1548 641 1611 illam
664 1553 755 1612 etiam
769 1549 927 1632 Albaniam
949 1557 1145 1622 vocaverunt,
1168 1551 1260 1612 etde
1283 1554 1344 1613 ista

159 1652 224 1733 jam
239 1655 356 1734 loquor.
389 1654 509 1727 Civitas,
532 1671 609 1733 quae
634 1661 682 1743 est
705 1660 796 1734 caput
809 1655 901 1716 totius
916 1652 1070 1728 Albaniae,
1093 1655 1202 1716 dicitur
1216 1655 1342 1727 Scodra,

164 1777 242 1838 quae
257 1759 444 1821 Venetorum
465 1756 537 1830 ruit,
561 1757 616 1821 sed
640 1776 717 1819 anno
733 1758 856 1847 Domini
873 1755 957 1822 1478
981 1776 1049 1820 eam
1072 1761 1225 1826 civitatem
1240 1759 1341 1821 Turco
1370 1814 1373 1821 .

164 1863 312 1926 dederunt
348 1864 380 1922 in
414 1860 689 1939 confoederatione.
734 1862 820 1923 llanc
852 1879 908 1922 nos
940 1863 971 1922 in
1000 1863 1115 1941 vulgari
1148 1865 1341 1925 nominamus

126 1952 129 1958 ¹
164 1966 294 2048 Scultnr.
324 1964 372 2027 Ad
394 1982 461 2026 eam
484 1966 562 2026 bene
585 1967 776 2027 venissemus
799 1983 854 2044 pro
878 1965 1081 2029 celebratione
1103 1968 1261 2042 testarum,
1285 1967 1343 2029 aed

159 2070 224 2149 jam
246 2089 304 2131 nec
328 2070 425 2134 uultus
448 2087 506 2130 nec
529 2069 614 2144 festa
628 2071 659 2130 in
682 2087 718 2131 ea
741 2077 827 2142 sunt,
846 2072 1024 2132 mansimus
1048 2090 1121 2151 ergo
1144 2073 1189 2132 sic
1211 2066 1344 2133 inmari

161 2191 217 2256 per
238 2175 321 2236 illam
343 2191 460 2253 sacram
482 2159 668 2252 vigiliamet
691 2175 926 2246 sacratissimam
948 2181 1080 2236 noctem.
1164 2250 1169 2254 ⁸

208 2307 213 2312 ·
248 2279 305 2340 Die
328 2279 438 2352 XXV„
462 2296 539 2359 quae
563 2282 856 2342 estsacratissimae
879 2281 1042 2342 nativitatis
1065 2278 1185 2341 Domini
1203 2279 1286 2353 lesu,
1310 2281 1342 2342 in

163 2384 265 2447 medlo
284 2388 387 2446 'noctis
410 2380 471 2466 (b)
490 2383 577 2468 illius*
596 2384 823 2465 celeberrimae,
845 2383 992 2445 Dominus
1015 2383 1168 2447 lohannes
1190 2384 1346 2452 Transsil÷

162 2491 313 2567 raniensis
344 2490 572 2552 archidiaconus
601 2496 633 2550 et
663 2507 719 2569 ego
753 2504 826 2551 suus
850 2490 1030 2550 collateralis
1061 2491 1155 2570 petito
1172 2491 1345 2552 -lnmiuea

164 2594 320 2655 cellerario
344 2595 469 2666 cistam,
493 2610 571 2672 quae
593 2593 691 2655 stabat
714 2593 751 2655 ad
775 2594 853 2654 latus
869 2594 997 2659 cumbae
1021 2601 1163 2668 nostrae,
1186 2602 1343 2673 tamquam

163 2697 255 2758 altare
278 2700 542 2777 praepararimns3
573 2713 707 2758 emeram
729 2698 810 2758 enim
832 2695 1031 2783 Alexandriae
1061 2701 1212 2778 tapeciam
1233 2698 1342 2761 Turci·

163 2817 230 2860 cam
253 2801 426 2879 pulchram,
458 2818 548 2880 quam
577 2801 671 2861 cistae
698 2802 963 2880 superposuimus,
999 2808 1030 2863 et
1062 2819 1192 2882 mappas
1216 2806 1341 2878 sericas,

162 2919 236 2980 quas
259 2901 481 2982 Hierosolymis·
501 2904 691 2982 comparavi,
727 2902 925 2983 expandimus
955 2913 986 2967 et
1008 2905 1121 2968 lumina
1144 2907 1345 2977 accendimus*

163 3012 195 3067 et
216 3007 379 3085 imagines,
403 3024 478 3085 quas
500 3008 674 3077 babuimus,
699 3006 831 3086 desuper
852 3008 1071 3093 locavimuset
1093 3012 1184 3073 simul
1207 3012 1343 3090 officium

162 3110 337 3171 matutinale
361 3111 490 3191 psallere
514 3112 688 3189 coepimus,
713 3110 751 3174 ad
774 3110 857 3190 quod
880 3113 982 3191 plures
1007 3117 1130 3176 excitati
1152 3118 1342 3179 intraverunt

163 3212 200 3274 ad
222 3231 278 3274 noa
302 3214 457 3277 audientes
480 3216 629 3288 officium3
663 3218 766 3277 omnia
793 3218 874 3276 enim
902 3218 1031 3296 legimus
1054 3219 1231 3299 manifeste,
1262 3221 1343 3283 siout

160 3320 192 3379 in
223 3320 361 3379 ecclesiis
393 3320 457 3382 lieri
500 3328 682 3382 consuetum
714 3327 776 3394 ost,
808 3323 983 3382 matutinam
1016 3334 1088 3385 curn·
1106 3321 1202 3386 Missa
1236 3341 1361 3386 sacrae*

162 3427 270 3487 noctis.
316 3425 367 3488 Sic
390 3430 482 3489 etiam
509 3416 639 3489 lecimus
669 3431 700 3489 in
729 3444 836 3489 aurora
865 3433 897 3488 et
927 3429 959 3488 in
982 3426 1046 3500 die,
1077 3429 1152 3489 nihil
1176 3435 1277 3497 antem
1300 3431 1343 3490 ita

162 3533 264 3609 quiete
288 3549 377 3609 agere
392 3535 561 3611 potuimus,
584 3535 664 3595 sicut
679 3533 812 3610 officium
827 3532 945 3597 mediae
960 3535 1075 3605 noctis,
1098 3551 1136 3598 eo
1154 3535 1239 3595 enim
1253 3533 1340 3605 unito

163 3640 282 3695 cometa
304 3637 421 3712 galeae,
455 3639 578 3716 qui.est
606 3638 778 3717 principalis
809 3636 847 3699 de
871 3638 1136 3715 gubernatoribus,
1167 3639 1213 3700 r'ir
1235 3624 1342 3716 utique

163 3740 331 3817 inquietus,
356 3739 538 3812 maledicus,
561 3742 755 3820 blasphemus
779 3748 811 3802 et
832 3742 943 3803 nullius
958 3741 1029 3802 fidei
1052 3760 1110 3803 nec
1125 3743 1342 3814 conscientiae,

164 3840 321 3903 descendit
343 3842 373 3900 in
398 3845 528 3903 cannam
561 3850 591 3904 et
614 3842 785 3906 convocatis
819 3846 1107 3924 oruuibusgaleotis
1131 3854 1162 3907 et
1184 3848 1343 3926 campanis

164 3944 201 4006 ad
224 3944 401 4005 durissimos
424 3944 542 4006 labores
574 3950 737 4010 stimulavit
767 3956 798 4010 et
818 3957 915 4012 totum
937 3951 1041 4029 galeae
1065 3956 1178 4013 statum
1198 3952 1342 4013 immuta·

163 4050 207 4112 vit
237 4066 397 4110 removens
420 4056 451 4110 et
473 4056 612 4112 evertens
636 4071 742 4132 graves
767 4059 798 4114 et
822 4053 951 4133 grandes
971 4056 1145 4133 speciemm
1168 4073 1286 4128 saccos,
1310 4061 1343 4117 et

165 4150 203 4215 de
233 4153 328 4215 latere
362 4153 394 4215 in
424 4156 502 4217 latus
536 4154 616 4218 aliud
645 4160 803 4236 transponi
833 4159 906 4225 tecit
928 4176 999 4221 cum
1020 4159 1125 4227 multia
1147 4160 1346 4235 clamoribus,
