2902 4710
743 141 809 212 388

178 299 316 402 portum,
339 321 440 380 statim
456 325 557 379 autem
572 315 694 396 quidam
709 324 866 378 exactores
890 317 1000 379 ad'nos
1026 321 1241 398 navigaverunt
1264 335 1363 397 quae-

174 431 298 495 16111,
324 441 360 483 an
385 426 502 481 merces
519 421 633 498 aliquas
659 419 858 492 duceremus,
883 428 915 481 et.
929 425 1125 504 perscrutatis
1149 422 1239 483 rchus
1262 424 1362 482 omni·

178 529 252 599 hus,
276 545 344 587 cum
367 508 439 586 nihil
463 527 510 585 sui
532 525 734 597 invenissent,
759 523 937 584 dimiserunt
961 543 1034 597 nos,
1070 528 1174 604 sicque
1197 528 1277 586 inter
1300 525 1362 587 duo

181 633 304 695 castella
326 631 531 708 navigavimus
555 646 610 708 per
632 630 708 688 ostia
732 630 822 688 maris
858 634 888 688 et
920 629 960 688 ibi
989 631 1102 690 iterum
1123 637 1280 690 exactores
1304 646 1362 690 nos

177 741 339 800 tenuerunt
362 741 392 793 et
414 733 552 793 telonarii
576 739 606 792 61
629 737 737 792 cuncta
760 738 987 811 perscrutantes
1009 735 1075 792 sine
1103 733 1254 793 solutione
1269 734 1361 793 unius

179 840 292 903 denarii
317 837 433 897 dimissi
457 849 578 907 sumus,
602 834 692 896 iidem
715 840 815 895 tamen
833 834 972 895 dedimus
995 838 1055 908 cis,
1079 837 1160 916 quod
1182 827 1280 917 nqllas
1304 835 1362 898 du·

179 960 319 1006 caremus
343 957 472 1001 merces.
520 939 595 999 Cum
619 955 692 1017 ergo
716 937 752 999 ad
776 938 807 998 S.
831 939 1020 999 venissemus
1042 939 1213 1012 Andream,
1237 941 1288 1001 ubi
1304 945 1364 1005 est

180 1048 279 1108 insilla
304 1043 579 1113 Carthusiensium‚
616 1044 749 1104 arbitrati
771 1060 892 1114 sumus,
917 1045 1161 1125 propinquiorem
1185 1062 1253 1105 essa
1276 1044 1361 1106 navi·

176 1155 330 1232 gationem
354 1155 436 1210 extra
459 1148 610 1208 civitatem
633 1164 688 1226 per
711 1149 870 1208 circuitum
898 1147 1063 1209 archanalis
1088 1150 1235 1219 civitatis,
1260 1146 1362 1208 1111·

177 1258 313 1317 misimus
339 1253 442 1315 canale
467 1269 644 1322 commune,
678 1269 733 1329 per
762 1251 843 1330 quod
873 1270 979 1313 omnes
1013 1254 1132 1314 exibant
1155 1260 1186 1314 ct
1208 1253 1363 1314 intrabant

177 1378 285 1431 naves,
310 1365 341 1419 et
364 1366 419 1437 per
441 1337 512 1417 alias
536 1357 658 1416 lacunas
683 1358 833 1416 civitatem
857 1358 986 1435 ingressi
1010 1375 1129 1428 sumus,
1153 1374 1258 1417 verum
1281 1356 1361 1418 11111-

178 1460 320 1525 cultatem
353 1462 540 1538 reperimus:
575 1463 645 1539 quia
676 1463 756 1521 enim
788 1461 882 1538 frigus
915 1469 996 1533 erat,
1030 1463 1205 1541 congelatae
1236 1462 1362 1523 luerunt

177 1562 302 1629 lacunae
326 1565 413 1636 illae,
437 1581 492 1643 per
515 1583 588 1643 quas
612 1567 726 1625 intrare
747 1583 875 1625 necesse
899 1573 977 1637 erat,
1008 1571 1038 1624 61
1060 1565 1129 1625 ideo
1153 1567 1243 1626 remis
1268 1585 1359 1646 opor·

177 1672 260 1732 161111
283 1671 410 1750 glaciem
434 1669 623 1746 confringere
647 1676 678 1729 61
701 1670 779 1731 viam
801 1671 870 1729 navi
893 1668 1012 1739 facere,
1036 1664 1142 1750 sicque
1169 1669 1252 1731 tarda
1274 1672 1359 1733 navi-

179 1777 298 1854 gatione
314 1791 411 1851 usque
427 1776 457 1832 in
473 1775 583 1833 usitata
599 1773 712 1832 canalia
727 1772 919 1842 devenimus,
937 1779 967 1832 11
983 1771 1020 1831 ad
1032 1771 1195 1850 hospitium
1210 1782 1359 1846 nostrum,

178 1877 258 1956 quod
283 1878 391 1938 dicitur
414 1876 451 1936 ad
466 1877 497 1936 S.
515 1874 689 1947 Greorium‚
714 1875 891 1937 devenimus
917 1878 994 1942 navi.
1008 1914 1010 1919 -
1025 1875 1230 1937 Occurrerunt
1256 1885 1360 1938 autem

179 1983 266 2043 nohis
289 2000 395 2043 omnes
418 1987 581 2041 noscentes
605 1998 661 2039 nos
694 1979 731 2039 16
756 1980 846 2040 domo
880 1987 911 2041 et
934 1998 1002 2041 cum
1024 1982 1138 2057 ingenti
1162 1983 1359 2059 congratula-

177 2087 258 2146 tione
283 2090 497 2163 susoeperuut,
533 2091 563 2145 et
587 2085 732 2163 eportatis
756 2085 845 2144 rebus
868 2086 980 2144 nostris
1004 2100 1123 2145 sursum
1152 2083 1182 2143 in
1206 2102 1359 2146 cameram

177 2189 277 2251 locum
301 2192 456 2270 proprium
480 2195 510 2250 et
533 2187 716 2266 singularem
739 2190 889 2268 praestitit
905 2189 1027 2266 hospes.
1058 2187 1238 2266 Reperimus
1255 2196 1359 2250 autem

129 2288 132 2293 ’
177 2294 208 2353 11
232 2293 322 2355 domo
338 2293 446 2354 iactam
465 2311 534 2352 esse
551 2295 746 2353 mutationem
765 2311 781 2352 a
796 2299 934 2370 tempore
950 2292 1091 2352 recessus
1107 2295 1219 2353 nostri:
1244 2293 1358 2374 hospes

178 2397 266 2469 enim,
291 2397 409 2476 quando
434 2411 553 2458 cramus
577 2398 608 2456 in
631 2398 777 2476 ingressu,
801 2399 874 2458 obiit
890 2398 969 2456 sicut
984 2402 1067 2474 patet
1089 2395 1121 2457 P.
1131 2396 1152 2457 l.
1177 2397 1239 2457 Fol.
1252 2394 1293 2461 39
1313 2397 1358 2471 A,

178 2508 208 2563 et
224 2521 298 2563 uxor
314 2501 379 2580 ejus
395 2500 516 2562 domina
532 2498 701 2578 Margareta
719 2501 806 2561 vidua
821 2503 979 2571 remansit,
1003 2518 1081 2579 quac
1096 2508 1234 2580 tempore
1253 2503 1358 2563 medio

176 2609 281 2685 nupsit
297 2589 408 2667 famulo
425 2604 546 2677 domus,
571 2606 695 2666 Nicolao
711 2605 798 2684 Frig,
822 2613 853 2666 et
875 2605 972 2666 lactus
997 2612 1044 2665 est
1068 2603 1105 2665 16
1121 2604 1233 2666 famulo
1250 2625 1358 2669 servus

179 2706 361 2792 (dominus),
397 2708 480 2787 quod¹
500 2709 574 2768 mihi
597 2709 674 2769 hene
698 2709 827 2787 placuit,
861 2711 930 2786 quia
959 2709 1003 2770 vir
1031 2708 1182 2786 jocundus
1206 2717 1236 2788 et
1258 2711 1357 2770 bonus

178 2821 250 2874 erat.
298 2812 395 2885 Quam
425 2814 525 2872 statim
552 2796 657 2872 autem
689 2829 737 2871 res
766 2819 885 2872 nostras
918 2817 1160 2892 composuimus,
1195 2820 1357 2892 antequam

178 2915 343 2994 quidquam
359 2922 520 2992 gustarem,
538 2917 657 2976 cucurri
672 2922 754 2974 extra
771 2912 892 2975 domum
910 2917 939 2976 in
955 2916 1101 2978 sonticum
1109 2917 1357 2988 Teutonicomm,

175 3026 209 3080 ut
238 3020 453 3097 investigarem
486 3036 564 3079 nova
593 3018 630 3078 de
663 3025 744 3080 terra
767 3036 834 3079 mea
869 3027 899 3081 61
923 3017 978 3101 (h)
1003 3019 1040 3081 16
1075 3023 1196 3082 civitate
1219 3019 1358 3082 Ulmensi

178 3119 268 3182 6116
293 3127 442 3181 conventu
466 3128 578 3181 nostro.
625 3120 664 3184 Ut
699 3130 799 3183 autem
830 3126 984 3203 ingressus
1012 3131 1079 3185 sum
1102 3125 1264 3195 sonticum,
1295 3124 1357 3185 vidi

176 3226 206 3285 111
231 3241 342 3285 corona
365 3231 444 3286 stare
467 3223 646 3298 Ulmcnscs,
676 3228 728 3305 qui
753 3225 860 3288 eadem
884 3227 957 3288 hora
979 3235 1129 3290 venerunt
1150 3222 1293 3289 Venetias
1317 3228 1356 3289 16

177 3330 287 3390 nostris
311 3327 459 3407 partibus,
494 3347 511 3389 a
535 3331 642 3408 quihus
665 3338 696 3392 et
719 3332 833 3392 litteras
849 3334 962 3410 ⁴accepi
993 3340 1024 3393 ct.
1047 3334 1188 3412 gaudiosa
1216 3326 1292 3393 nova
1318 3331 1357 3393 de

178 3433 297 3505 Sucvia,
314 3433 351 3494 de
362 3431 458 3506 Ulma,
476 3433 514 3495 de
530 3434 744 3496 colendissimo
760 3445 844 3515 patre
855 3454 932 3507 11161,
949 3438 1093 3514 magistro
1103 3436 1244 3498 Ludvvico
1255 3435 1355 3496 Fuchs

176 3535 298 3608 Priore,
323 3544 353 3598 et
376 3537 413 3599 de
430 3540 568 3599 omnihus
591 3538 731 3600 fratrrhus
748 3541 961 3600 amantissimis
977 3542 1053 3600 meis
1070 3548 1100 3600 61
1117 3543 1220 3600 amicis
1244 3537 1355 3600 audivi.

176 3638 332 3700 Venerunt
356 3650 456 3702 autem
473 3642 573 3703 adme
591 3658 697 3703 omncs
715 3642 828 3703 domini
842 3651 1029 3730 mercatores
1039 3642 1084 3704 de
1100 3643 1208 3716 Ulma,
1225 3661 1356 3721 quorum
1439 3627 1442 3634 ’

176 3743 262 3803 multi
284 3750 356 3803 tunc
379 3744 514 3805 Venetiis
538 3755 639 3818 erant,
673 3749 1012 3825 et·congratulahantur
1034 3734 1116 3809 mihi.
1164 3740 1256 3809 Porro
1288 3751 1355 3826 qui·

176 3844 245 3906 dam
269 3853 419 3907 mercator
440 3847 609 3922 Ulmcnsis,
634 3851 731 3914 dictus
755 3852 823 3913 Ytel
847 3853 957 3924 1111111,
988 3854 1034 3915 vir
1051 3851 1171 3928 juvenis
1195 3851 1354 3912 111111111-

175 3968 250 4020 nus,
274 3958 451 4029 procurator
473 3952 553 4013 illius
576 3971 703 4031 magnac
726 3944 894 4030 societatis,
929 3974 1020 4035 quam
1050 3959 1205 4017 nominant
1229 3955 1354 4017 llotten·

177 4061 289 4137 gettcr‚
313 4052 395 4114 duxit
419 4073 467 4116 me
490 4056 521 4116 in
545 4073 694 4118 cameram
718 4078 812 4132 suam,
836 4061 943 4121 nolens
960 4078 1009 4122 me
1025 4077 1149 4122 manere
1164 4060 1195 4120 in
1211 4059 1353 4138 hospitio,

175 4157 231 4220 sed
254 4159 370 4221 clavem
393 4157 431 4220 ad
454 4177 605 4223 cameram
636 4161 848 4226 thesaurorum
878 4180 1002 4226 suorum
1031 4163 1128 4237 dedit,
1162 4170 1197 4226 ut
1223 4165 1256 4224 in
1284 4179 1356 4226 eam
