2902 4710
734 115 800 194 tao

176 301 207 358 et
229 294 310 356 vario
332 291 496 371 loquuntur
517 286 660 352 idiomate
685 308 869 370 omnemque
893 285 1026 368 linguam
1047 287 1176 352 faciliter
1196 287 1358 352 addiscere

176 401 320 476 possunt,
353 412 414 455 non
437 392 536 455 solum
566 395 723 458 hominum
756 395 812 468 sed
835 397 934 458 avium
956 399 988 455 et
1008 394 1173 456 bestiarum
1196 397 1359 472 grunnitus

177 509 208 563 et
230 506 338 562 cantus
357 498 490 560 formare
504 506 630 572 norunt,
655 507 686 563 et
701 500 783 580 quod
799 499 846 560 his
863 500 958 560 rarius
974 503 1036 570 est,
1059 515 1119 558 una
1132 504 1218 577 parte
1233 492 1359 579 linguae

176 606 341 685 loquuntur
362 604 415 665 uni
439 607 469 662 et
492 602 602 665 eodem
623 610 762 683 tempore
786 605 880 665 altera
902 608 987 682 parte
1013 602 1179 680 loquuntur
1198 602 1300 676 alteri,
1326 609 1360 666 et

175 710 225 770 isti
247 714 353 770 natura
375 706 521 784 largiente
544 706 753 769 horribiliorem
783 706 895 768 habent
918 705 1094 766 Teutonicis
1117 706 1265 785 linguam,
1300 692 1361 768 sed

176 814 250 875 nulli
274 814 324 874 alii
345 813 438 873 totius
456 810 585 883 mundi,
608 818 756 892 utsaepe
779 800 882 873 mullis
907 808 1053 889 exemplis
1077 810 1208 888 probavi.

262 915 333 977 ldeo
349 932 418 976 cum
433 914 542 994 gaudio
557 917 810 995 posttergavimus
827 921 959 976 castrum
975 901 1152 993 praelatum,
1169 931 1237 975 cum
1253 918 1361 974 autem

177 1019 393 1107 aliquantulum
414 1019 547 1097 elongati
570 1037 718 1090 essemus,
743 1026 775 1081 et
796 1018 838 1081 illi
857 1017 999 1080 custodes
1022 1020 1054 1078 in
1076 1019 1170 1079 muris
1190 1035 1277 1081 more
1300 1034 1360 1089 suo

176 1131 246 1207 post
268 1142 323 1209 nos
346 1124 525 1184 clamarent:
548 1118 669 1193 Marco,
693 1119 808 1195 Marco,
831 1122 869 1183 ad
891 1118 1111 1201 designandum
1133 1121 1165 1182 S.
1187 1117 1285 1195 Marci
1308 1137 1361 1182 re·

177 1232 278 1308 gimen
301 1226 342 1289 ibi
366 1243 450 1298 esse,
473 1227 563 1288 vertit
586 1243 620 1289 se
644 1225 682 1287 ad
705 1244 758 1288 eos
778 1225 901 1304 juvenis
924 1233 1094 1298 mercator,
1118 1233 1149 1287 et
1170 1224 1360 1296 reclamavit,

178 1331 302 1394 dicens:
328 1329 487 1403 Galabria,
511 1329 668 1404 Galabria,
693 1331 822 1393 ethaeo
845 1330 978 1392 clamans
1001 1329 1116 1411 auiugrt
1137 1335 1263 1409 repente
1286 1346 1362 1401 cum

177 1452 257 1514 equo
288 1451 405 1513 nosque
439 1433 544 1515 lugere
568 1434 756 1508 hortabatur,
779 1453 818 1496 ne
842 1437 974 1514 aliquem
996 1433 1160 1508 bombarda
1183 1433 1360 1506 caederent,

178 1543 247 1620 quie
270 1545 343 1603 tunc
365 1540 511 1620 temporis
534 1538 593 1601 dux
617 1539 771 1601 Calabriae
795 1559 865 1601 curn
880 1540 1006 1602 Venetis
1029 1537 1142 1599 bellum
1164 1537 1301 1609 habebat,
1328 1543 1361 1600 et

177 1647 289 1707 caeteri
311 1643 455 1706 italorum
478 1642 639 1723 praelecti3
675 1643 805 1723 sugimus
829 1662 901 1724 ergo
931 1649 961 1704 et
984 1642 1062 1705 male
1088 1644 1222 1705 contenti
1244 1642 1360 1705 luimus

178 1749 217 1812 de
236 1747 365 1826 juvene,
401 1747 482 1825 quod
512 1749 577 1808 sine
600 1748 783 1808 necessitate
813 1749 916 1827 posuit
937 1764 993 1807 nos
1016 1749 1047 1808 in
1069 1747 1263 1826 periculum,¹
1287 1748 1361 1825 quia

177 1858 317 1934 poterant
337 1869 393 1912 nos
417 1868 486 1910 cum
507 1849 678 1911 bombardis
701 1857 840 1930 tangere,
877 1851 926 1912 rel
949 1869 1004 1911 nos
1029 1868 1097 1913 cum
1122 1851 1212 1911 armis
1235 1851 1362 1929 insequi

181 1963 213 2018 et
235 1955 369 2025 turbare,
394 1956 420 2014 si
442 1954 620 2015 voluissent.
665 1953 868 2016 Ascendimus
892 1971 965 2033 ergo
981 1961 1205 2034 consequenter
1226 1971 1282 2033 per
1305 1971 1360 2015 oc-

178 2066 335 2123 currentes
352 2058 438 2118 nobis
456 2074 567 2136 aquas,
590 2059 740 2137 perviam
757 2075 915 2137 aquosam,
942 2058 1110 2138 lapidosam
1132 2065 1164 2120 et
1179 2058 1359 2129 taediosam,

178 2170 209 2235 et
232 2163 269 2224 ad
292 2162 458 2223 solitarium
482 2160 645 2239 hospitium
674 2163 825 2234 venimus,
861 2162 943 2241 quod
973 2166 1129 2224 nominant
1158 2162 1195 2224 ad
1224 2160 1362 2242 lapidem

178 2285 301 2340 carum,
334 2284 397 2338 som
418 2259 597 2345 fflotrodrto,
633 2270 664 2326 et
695 2264 829 2327 dimissis
861 2268 947 2344 equis
981 2273 1063 2327 extre
1090 2268 1218 2345 ingressi
1253 2282 1361 2327 sumus

179 2369 312 2446 domum·
326 2369 364 2430 ad
387 2359 626 2430 caleiaciendum
649 2386 723 2441 nos,
747 2372 816 2449 quia
841 2369 935 2450 irigus
959 2376 1023 2433 erat
1046 2372 1077 2432 el
1100 2374 1271 2452 reperimus
1294 2387 1361 2432 om-

179 2493 252 2537 nem
272 2474 416 2536 lamiliam
440 2480 471 2534 et
493 2490 604 2552 pueros
627 2479 731 2534 nostra
753 2474 912 2553 loquentes
942 2474 1061 2554 lingua,
1094 2477 1215 2557 ignaros
1237 2474 1363 2537 italicae

181 2579 317 2658 linguae,
341 2595 376 2639 ac
398 2579 425 2639 si
447 2575 501 2639 XL
523 2576 662 2639 milliaria
685 2579 720 2639 ab
744 2579 789 2638 eis
814 2584 917 2640 essent
940 2577 1036 2640 dirisi.
1075 2579 1152 2642 Cum
1173 2596 1281 2658 magna
1303 2579 1362 2642 de·

181 2683 344 2743 lactatione
368 2687 564 2743 conversatus
579 2679 623 2743 lui
639 2682 758 2759 pueris,
781 2699 836 2761 pro
853 2701 906 2754 eo,
930 2681 1011 2760 quod
1033 2683 1161 2746 libenter
1183 2696 1237 2745 eos
1260 2682 1363 2745 audiri

178 2783 345 2853 Teutonice
369 2785 539 2864 loquentes.
586 2784 701 2847 Domus
725 2785 775 2848 illa
798 2792 859 2847 stat
880 2775 911 2846 in
935 2787 1114 2861 solitudine,
1149 2797 1180 2851 et
1201 2806 1259 2850 nec
1289 2795 1362 2850 ante

179 2907 294 2950 senec
317 2894 387 2966 post
409 2906 442 2949 se
467 2890 498 2949 in
514 2889 608 2950 tribus
622 2889 798 2951 milliaribus
822 2889 997 2952 Teutoniois
1020 2899 1068 2953 est
1091 2892 1189 2971 aliqua
1204 2873 1361 2962 habitatio,

179 2995 249 3071 quia
271 2991 356 3054 vallis
378 2992 430 3053 illa
453 3010 580 3054 arenosa
602 2999 650 3054 est
673 3001 703 3055 et
727 2995 852 3067 sterilis,
884 3002 914 3056 et
937 3001 1126 3074 compertum
1149 3000 1213 3068 est,
1247 2994 1362 3056 multos

179 3101 250 3159 ante
272 3094 395 3173 hospitii
419 3094 502 3156 illius·
523 3095 762 3162 aedificationem
784 3100 815 3159 in
838 3097 896 3160 hoc
926 3098 1037 3172 medio,
1059 3100 1189 3177 periisse
1220 3098 1362 3160 noctibus

180 3205 306 3280 propter
328 3197 421 3277 frigus
445 3200 494 3261 vel
515 3201 606 3260 sitim.
637 3196 708 3262 ldeo
733 3201 788 3263 init
811 3203 920 3265 domus
944 3202 995 3265 illa
1017 3204 1057 3263 ihi
1073 3221 1126 3282 pro
1140 3200 1259 3281 refugio
1276 3203 1362 3267 rien-

179 3306 255 3365 tium
276 3303 386 3381 posite.
432 3301 550 3365 Dicitur
572 3310 674 3365 autern
697 3305 907 3386 adlapidem'
926 3325 1049 3377 cerum,
1083 3307 1153 3385 quia
1177 3305 1262 3383 juxte
1291 3322 1363 3366 eam

182 3415 230 3472 est
254 3425 342 3468 mons
365 3413 522 3486 petrosus,
554 3410 584 3469 in
608 3406 695 3486 cujus
717 3411 779 3471 imo
804 3417 851 3472 est
872 3413 956 3491 rupis
979 3412 1079 3490 paries
1103 3426 1175 3470 cava
1196 3414 1231 3469 et
1252 3427 1362 3489 super·

180 3511 293 3591 pendet
316 3518 421 3590 petrae
444 3513 559 3593 minax,
594 3521 624 3573 et
647 3513 678 3574 in
702 3531 738 3575 ea
765 3528 892 3577 caverna
922 3515 1013 3576 habet
1040 3515 1153 3593 hospes
1186 3531 1259 3575 oves
1289 3532 1362 3575 suas

180 3617 246 3675 sine
270 3615 328 3676 alio
352 3613 496 3676 aedilicio-
520 3617 599 3678 bene
623 3624 776 3695 protectas
799 3635 816 3679 a
839 3621 908 3679 nire
941 3625 972 3680 et
993 3619 1103 3697 pluria.
1148 3617 1278 3679 Redurit
1301 3617 1363 3679 hoc

182 3723 299 3777 antrum
329 3718 403 3778 mihi
433 3720 464 3778 in
488 3721 667 3783 memoriam
691 3729 809 3798 antrum
834 3722 894 3783 loci
915 3717 1058 3783 Aventini
1086 3721 1159 3783 luris
1184 3721 1284 3802 (225
1297 3720 1362 3798 8),

182 3819 233 3896 qui
256 3817 349 3879 hoves
370 3819 509 3882 Herculis
532 3821 648 3884 iuratus
671 3844 725 3887 eos
749 3826 851 3888 arandis
874 3829 962 3887 traxit
984 3828 1016 3888 in
1046 3832 1163 3888 antrum
1186 3842 1293 3897 suum,
1328 3833 1365 3888 ut

182 3921 324 3992 veniente
346 3919 476 4002 Hercule
500 3941 561 3984 non
582 3933 688 4005 posset
719 3931 854 4008 vestigiis
885 3931 998 3991 aversis
1030 3947 1083 3990 eos
1113 3931 1269 4001 invenire3
1305 3928 1365 3991 sed

181 4023 384 4103 mugientibus
410 4026 507 4095 bobus
536 4029 568 4089 in
591 4036 676 4105 antro
705 4047 775 4093 esse
808 4030 1008 4111 deprehendit
1038 4039 1071 4094 et
1098 4035 1223 4096 veniens
1246 4031 1366 4094 Cacum

181 4125 295 4201 occidit
326 4134 358 4191 et
385 4127 480 4199 boves
509 4129 635 4204 reduxit.
689 4130 790 4197 horus
819 4132 909 4228 hrrjus
937 4134 1061 4216 hospitii
1088 4143 1137 4200 est
1150 4137 1190 4220 ‚in
1211 4135 1367 4205 altissime
