2874 4770
684 167 747 239 157

124 365 183 429 que
205 347 383 431 postpositis
407 362 529 423 semper
552 345 583 404 in
606 345 721 425 templo
744 343 856 405 tuerint
878 349 909 404 et
925 361 1028 407 rerum
1042 348 1163 407 naturas
1178 364 1299 409 causas-

125 468 185 528 que
217 454 410 529 rationesque
434 448 569 510 siderum
592 448 788 527 contemplati
811 452 898 519 sunt,
930 465 1096 525 numquam
1127 467 1161 509 se
1193 453 1300 514 mulie·

126 556 208 615 ribus
231 556 438 625 miscuerunt,
462 570 626 632 numquam
651 558 796 630 cognatos
821 558 851 611 et
872 553 1075 630 propinquos,
1110 571 1167 614 nec
1189 555 1300 617 liberos

127 657 249 736 quidem
278 656 422 733 viderunt
440 663 471 717 et
494 674 530 718 ex
554 674 590 717 eo
614 663 770 734 tempore,
805 673 864 733 qno
888 656 1062 733 coepissent
1083 656 1183 719 divino
1207 660 1301 721 cultui

127 763 298 834 deservire,
322 763 461 824 carnibus
477 763 608 841 vinoque
624 778 747 839 semper
763 760 970 820 abstinuerunt
986 766 1108 839 propter
1123 765 1302 825 tenuitatem

126 868 250 946 spiritus
273 872 313 928 et,
333 867 463 929 maxime
484 872 608 945 propter
630 866 781 944 appetitus
813 863 958 936 libidinis,
990 881 1066 941 qnae
1090 884 1125 927 ex
1150 866 1195 928 bis
1227 869 1302 930 cibis

128 978 159 1033 et
190 973 248 1034 boo
277 979 352 1051 potu
383 977 562 1043 nascuntur,
595 988 673 1049 pane
703 987 775 1032 vero
812 989 873 1030 non
908 970 1124 1041 vescebantur,
1159 990 1198 1032 ne
1228 991 1302 1034 one·

128 1082 229 1136 rarent
251 1075 442 1138 stomachum
457 1081 488 1135 et
503 1076 529 1136 si
544 1073 663 1154 quando
680 1073 880 1135 comedebant
893 1081 1015 1134 tonsum
1033 1070 1169 1154 (tusum),
1192 1077 1304 1154 pariter

127 1176 249 1258 isopurrl
287 1178 449 1240 sumebant
484 1180 516 1239 in
552 1178 635 1250 cibo,
672 1184 707 1238 ut
745 1195 847 1238 escam
884 1179 1050 1257 graviorem
1086 1178 1167 1238 illius
1205 1179 1305 1239 calore

130 1285 346 1363 decoquerent.
393 1282 504 1345 Oleum
526 1289 643 1345 tantum
658 1283 688 1343 in
705 1283 836 1343 oleribus
854 1287 1015 1345 noverant.
1038 1298 1144 1343 verum
1159 1289 1189 1343 et
1205 1285 1306 1361 ipsum

130 1405 245 1467 parum,
267 1393 392 1468 propter
406 1404 551 1448 nauseam
574 1393 605 1447 et
618 1387 822 1464 asperitatem
838 1390 942 1462 gustus
959 1382 1136 1454 leviandum,
1158 1391 1189 1445 et
1205 1401 1260 1446 ova
1276 1390 1307 1446 et

130 1492 193 1563 lac,
216 1498 250 1552 ut
273 1509 379 1553 carnes
401 1492 544 1554 vitabant.
590 1488 694 1550 Cubile
717 1490 760 1548 eis
791 1487 829 1549 de
859 1487 937 1548 ioliis
969 1487 1149 1565 palmarum,
1182 1489 1307 1549 mollem

132 1595 296 1656 horrebant
326 1600 468 1667 stratum,
501 1613 559 1656 nec
592 1593 781 1655 dormiebant
813 1595 873 1654 nisi
895 1595 925 1653 in
950 1599 1043 1653 strato
1066 1610 1206 1671 resperso
1231 1610 1307 1672 agno

136 1704 234 1770 casto,
257 1705 380 1777 propter
403 1699 636 1770 continentiam,
670 1704 704 1758 ut
723 1696 801 1758 inira
823 1696 873 1757 iol.
900 1692 971 1760 199.
996 1696 1133 1757 habetur.
1178 1695 1308 1776 Propter

135 1801 211 1860 haec
235 1808 320 1862 erant
343 1803 515 1865 sacerdotes
539 1803 651 1882 populo
667 1802 810 1882 pretiosi,
834 1818 947 1878 eosque
962 1799 1134 1861 nutriebant
1149 1801 1246 1882 (129
1264 1799 1307 1881 a)

137 1905 175 1966 de
200 1909 352 1969 communi
374 1908 447 1969 fisco
471 1914 502 1970 et
523 1911 554 1969 in
586 1907 668 1970 nullo
700 1906 849 1968 saeculari
878 1908 1000 1984 negotio
1032 1906 1206 1984 gravabant,
1240 1907 1310 1984 quia

136 2011 257 2097 saeculo
286 2015 318 2073 in
340 2013 391 2073 illo
414 2013 592 2084 utebantur,
624 2017 730 2090 utpote
753 2012 892 2088 omnibus
922 2011 1082 2087 incogniti,
1116 2027 1237 2088 semper
1260 2027 1308 2072 sa-

135 2119 266 2194 pientiae
289 2117 397 2179 studiis
421 2118 545 2190 intenti,
569 2134 692 2195 semper
714 2115 821 2178 divinis
846 2116 907 2176 suis
932 2116 1080 2193 occupati.
1126 2113 1193 2175 Non
1210 2114 1309 2187 credo,

134 2239 279 2299 umquam
300 2221 395 2283 fuisse
418 2226 470 2282 aut
493 2238 563 2281 esse
592 2226 715 2298 gentem
737 2220 792 2280 sub
816 2220 917 2292 coelo,
949 2236 1026 2298 quae
1055 2237 1110 2298 pro
1134 2219 1236 2281 dolori
1268 2222 1312 2283 ita

133 2309 237 2386 ¹viliter
260 2343 333 2386 suos
349 2330 460 2385 tractet
475 2323 661 2396 sacerdotes,
685 2325 763 2384 sicut
778 2340 853 2400 gens
870 2322 1044 2395 Christiana,
1069 2330 1100 2384 et
1114 2325 1209 2385 multo
1225 2325 1312 2387 vilius

139 2433 320 2498 tractarent,
335 2430 362 2487 si
377 2433 504 2507 possent
518 2427 567 2489 vel
586 2426 741 2488 auderent.
772 2427 875 2487 Status
892 2429 972 2487 enim
987 2428 1179 2490 sacerdotalis
1191 2430 1312 2509 grandis

141 2536 173 2591 et
187 2538 296 2612 potens
312 2538 368 2604 est,
391 2549 450 2592 nec
464 2537 591 2610 possunt
607 2532 777 2593 saeculares
801 2536 931 2604 tanturn,
955 2538 1099 2609 quantum
1113 2532 1234 2605 vellent,
1258 2550 1312 2595 eos

143 2653 280 2712 gravare,
311 2636 404 2698 nihilo
427 2637 525 2698 minus
549 2642 651 2697 tamen
674 2641 811 2714 gravant,
842 2634 998 2709 thelonea,
1027 2624 1168 2717 pedagia,
1200 2637 1312 2711 daciae,

142 2745 241 2800 sturas
264 2740 420 2819 exigendo,
444 2741 714 2802 nonobstantibus
739 2741 921 2819 gravissimis
954 2742 1312 2803 excommunicationibus

142 2848 174 2903 et
204 2844 341 2904 censuris
375 2846 405 2904 in
440 2844 516 2905 tales
548 2844 626 2905 latis.
677 2832 776 2905 Extra.
812 2841 975 2916 de‘Coen.
1010 2844 1043 2904 C.
1078 2851 1109 2907 et
1140 2849 1171 2907 in
1203 2845 1237 2908 L.
1262 2845 1311 2909 vi.

141 2956 172 3010 et
203 2951 233 3009 in
266 2949 368 3010 multis
399 2950 475 3010 locis
507 2952 538 3011 in
575 2951 737 3010 canonibus
769 2955 800 3010 et
830 2948 957 3027 legibus.
1005 2949 1069 3010 Sed
1100 2952 1126 3010 si
1154 2952 1314 3013 veritatem

140 3052 229 3113 fateri
250 3053 295 3115 ias
318 3060 418 3126 esset,
442 3053 543 3116 dicere
567 3060 739 3133 oporteret,
763 3053 845 3131 quod
867 3054 977 3114 mirum
1000 3053 1095 3126 foret,
1125 3055 1206 3135 quod
1229 3056 1314 3118 Chri-

141 3159 230 3217 stiani
253 3159 424 3220 saeculares
447 3159 654 3221 sacerdotibus
669 3161 733 3220 suis
747 3177 809 3219 non
824 3160 917 3220 vitam
931 3158 1070 3220 auferunt
1085 3165 1208 3238 propter
1222 3162 1316 3222 vitam

142 3261 318 3335 seelestam,
350 3280 440 3340 quam
463 3262 585 3334 ducunt,
609 3269 640 3322 et
663 3264 906 3342 corruptissimos
930 3281 1042 3327 mores.
1084 3265 1152 3324 Non
1184 3266 1229 3328 sic
1252 3269 1317 3325 erat

142 3366 221 3444 apud
244 3369 384 3445 antiquos
405 3365 588 3446 Aegyptios,
622 3369 673 3445 qui
705 3386 738 3428 se
768 3386 824 3448 pro
856 3369 919 3429 suis
942 3367 1150 3429 sacerdotibus
1172 3368 1316 3448 periculis

143 3486 293 3547 exponere
315 3472 431 3549 magnis
463 3471 614 3532 curabant.
658 3468 782 3550 Legitur
815 3472 951 3532 enimin
974 3491 1001 3532 c.
1024 3472 1045 3533 l.
1068 3472 1205 3545 Diodori,
1236 3468 1318 3551 quod

141 3571 296 3651 Bocharus
319 3575 443 3653 insignis
466 3565 596 3654 Aegypti
619 3592 688 3647 rex,
713 3593 783 3636 oiim
806 3592 897 3654 saepe
919 3578 951 3636 iu
974 3577 1087 3637 somnis
1111 3576 1246 3636 Deorum
1268 3593 1317 3636 re·

143 3694 257 3755 sponsa
280 3681 465 3757 accepisset,
498 3698 532 3741 se
560 3680 738 3760 privandum
768 3698 879 3759 regno,
912 3682 971 3742 nisi
1000 3697 1106 3742 omnes
1135 3681 1320 3742 interficeret

143 3780 274 3861 Aegypti
303 3784 478 3845 sacerdotes
510 3791 540 3846 et
573 3785 727 3847 infelicem
760 3785 806 3846 his
834 3788 1002 3849 viventibus
1033 3802 1154 3863 semper
1175 3782 1319 3856 fiendum,

143 3887 202 3945 nisi
235 3903 305 3947 curn
341 3890 403 3949 suis
442 3906 506 3968 per.
535 3889 680 3952 cadavera
712 3889 941 3951 interfectorum
972 3891 1130 3962 transiret,
1163 3890 1319 3951 accessitis

147 4007 219 4067 ergo
254 3992 392 4052 omnibus
424 3993 632 4056 sacerdotibus
670 3993 797 4056 deorum
829 3995 984 4056 oraculum
1015 3993 1160 4073 patefecit
1197 3995 1320 4057 dicensz

147 4094 226 4155 nolle
250 4113 283 4156 se
306 4097 338 4156 in
358 4094 496 4176 Aegypto
520 4104 694 4159 manentem
719 4098 808 4160 alicui
823 4100 989 4178 perniciem
1005 4103 1138 4170 struere,
1161 4098 1216 4160 sed
1230 4099 1322 4161 malle

149 4212 258 4273 purum
278 4200 420 4278 omnique
443 4200 578 4263 solutum
598 4200 716 4264 scelere
733 4202 769 4264 ab
782 4201 920 4283 Aegypto
944 4199 1108 4264 abscedere
1132 4220 1167 4264 se
1189 4202 1322 4282 latisque
