2874 4770
643 124 646 133 ’
679 155 741 226 000

125 331 238 394 cadunt
260 334 336 395 rami
358 338 390 395 et
411 335 510 395 trunci
531 330 625 396 Alods
655 335 686 394 iu
708 331 838 412 paradisi
860 329 974 394 flumen
998 337 1030 392 et
1052 331 1123 392 iude
1148 349 1245 410 nsque
1267 334 1299 394 iu

127 435 297 516 Aegyptum
321 437 510 499 deducuntur
532 456 587 518 per
610 456 732 518 aquam,
765 439 902 498 homines
926 443 1025 497 autem
1049 453 1084 497 ea
1106 434 1245 498 videntes
1269 442 1301 498 et

129 547 347 617 cognoscentes
378 543 492 603 retibus
524 544 646 620 capiunt
675 548 706 602 et
735 559 804 602 care
842 541 1027 601 aromatariis
1063 539 1206 601 vendunt.
1254 539 1299 599 De

128 645 186 705 hoc
208 645 290 722 liguo
305 644 364 705 vidi
380 646 411 705 in
427 643 524 722 aliqua
540 645 687 722 apotheca
704 645 839 705 Venetiis
855 661 995 720 magnum
1012 651 1160 704 truncum.
1193 642 1301 703 Omnia

127 749 353 825 supernatantia
374 750 405 807 in
427 747 496 808 Nilo
516 744 656 826 Aegyptii
680 749 809 825 capiunt,
833 751 1023 825 suspicantes
1047 766 1115 808 esse
1140 749 1302 808 aromatica

127 856 157 911 et
172 853 312 928 pretiosa.
359 850 470 912 Dicunt
491 850 597 921 etiam,
621 850 702 927 quod
719 849 840 929 quidam
856 853 969 928 reperit
984 869 1108 930 pomum
1124 857 1175 911 aut
1190 851 1301 911 malurn

127 937 377 1017 delicatissimum
399 959 555 1014 natantem
578 956 608 1014 iu
639 954 777 1026 flumine,
812 972 872 1032 quo
902 954 939 1016 de
969 957 1054 1032 aquis
1084 955 1198 1025 levato,
1233 973 1302 1015 cum

128 1059 317 1135 percepisset
339 1057 452 1118 insoliti
475 1059 592 1135 saporis
617 1057 782 1137 odorisque
806 1074 875 1117 esse
899 1058 1039 1130 fructum,
1064 1076 1133 1119 eum
1156 1060 1221 1136 regi
1236 1058 1303 1119 Sol·

132 1159 208 1220 dano
238 1177 293 1239 pro
322 1178 448 1221 munere
472 1160 596 1232 obtulit,
629 1165 680 1240 qui
711 1180 779 1222 eam
809 1160 974 1222 comedens
1008 1168 1123 1222 tantum
1146 1161 1304 1222 roboratus

130 1262 204 1336 fuit,
228 1271 261 1323 ut
284 1269 354 1342 post
376 1265 528 1324 sexcentis
553 1266 637 1325 aunis
660 1267 785 1326 viveret.

203 1365 371 1428 »Germinat
391 1367 501 1427 humus
524 1367 575 1427 illa
598 1365 728 1427 fructum
753 1366 931 1444 centuplum
955 1372 985 1426 et
1001 1368 1140 1428 animalia
1156 1374 1226 1428 sunt
1241 1366 1305 1428 foe-

130 1470 274 1533 cundiora
295 1473 327 1531 in
349 1471 465 1550 Egypto
489 1487 579 1548 quam
595 1471 681 1542 alibi,
703 1477 766 1531 tam
785 1478 910 1549 propter
925 1488 1036 1548 pascua
1053 1472 1191 1550 pinguia,
1216 1488 1307 1549 quam

129 1582 253 1654 propter
274 1580 382 1652 potum
403 1591 498 1653 aquae
521 1573 580 1634 Nili
610 1574 802 1635 foecundum.
848 1575 966 1635 Dicitur
996 1577 1094 1647 enim,
1124 1575 1204 1654 quod
1233 1592 1306 1636 oves

133 1677 270 1748 steriles,
294 1686 405 1755 equae,
436 1680 536 1739 asinae
560 1686 618 1738 etc.
642 1685 715 1756 potu
735 1678 796 1739 Nili
819 1677 986 1739 foecundae
1015 1677 1098 1738 flunt.
1143 1677 1227 1739 ldem
1258 1696 1305 1740 as·

133 1782 245 1841 seritur
268 1780 305 1841 dc
331 1781 543 1854 muliebribus,
577 1781 658 1861 quod
690 1801 756 1844 raro
788 1783 938 1843 iuvenitur
969 1780 1102 1842 foemina
1132 1783 1244 1842 sterilis
1275 1783 1307 1842 in

131 1883 285 1963 Aegypto,
317 1891 441 1963 propter
462 1883 522 1945 Nili
549 1904 647 1948 usum.
692 1885 810 1946 Idcirco
841 1885 919 1946 forte
948 1893 1009 1957 est,
1041 1884 1121 1965 quod
1150 1886 1307 1966 Aegyptus

132 1995 193 2050 tam
222 1991 457 2050 miraculositate
490 1990 665 2052 animalium
698 2008 789 2068 quam
818 1991 982 2061 homiuum,
1008 1998 1143 2052 caeteras
1166 1995 1306 2069 regiones

134 2090 262 2152 excellit.
320 2097 322 2100 ⁴

217 2197 314 2259 Silvas
338 2198 391 2259 alit
403 2199 489 2261 Nilus
505 2202 646 2287 arborum
660 2199 892 2262 fructiferarum.
923 2196 967 2258 lbi
984 2199 1101 2279 palmae
1118 2200 1308 2278 proceriores

135 2304 167 2360 et
182 2299 285 2377 plures
310 2308 460 2372 crescunt,
484 2321 574 2380 quam
597 2306 685 2377 alibi;
707 2304 824 2367 ridetur
847 2308 928 2368 enim
943 2304 1099 2384 Aegyptus
1121 2305 1152 2363 iu
1174 2302 1310 2380 pluribus

134 2402 305 2462 loeisesse
327 2404 494 2482 palmarum
517 2409 600 2469 silva.
647 2409 700 2468 Est
727 2417 825 2469 autem
847 2411 946 2490 palma
970 2410 1057 2470 arbor
1079 2406 1187 2468 nobilis
1211 2412 1240 2465 et
1263 2407 1308 2465 in-

135 2507 246 2583 signis,
270 2509 472 2586 sempiternae
495 2510 726 2588 pulchritudinis
750 2518 780 2573 et
796 2515 918 2586 viroris,
942 2513 1089 2575 diuturnis
1104 2513 1211 2574 vestita
1228 2509 1309 2569 fron-

136 2608 238 2680 dibus,
271 2612 336 2672 sine
365 2611 424 2672 ulla
446 2618 641 2677 successione
666 2635 847 2680 conservans
870 2617 941 2679 folia
964 2636 1018 2678 sua
1042 2624 1179 2695 tempore
1202 2616 1310 2676 hiemis

137 2720 169 2774 et
192 2717 326 2787 aestatis,
361 2719 480 2795 gracilis
511 2723 542 2782 iu
572 2724 674 2800 stipite
708 2728 738 2782 et
760 2723 875 2784 hirsuta
909 2731 939 2784 et
961 2724 1150 2803 proceritatis
1175 2738 1310 2799 magnae,

135 2815 220 2894 cujus
237 2818 318 2879 radix
335 2827 383 2881 est
398 2839 520 2899 aspera,
544 2825 575 2884 iu
590 2825 737 2903 profundo
754 2831 854 2887 terrae
870 2828 955 2889 valde
970 2829 1043 2898 fixa,
1066 2835 1191 2888 truncus
1208 2832 1310 2886 autem

134 2920 200 2998 ejus
224 2929 271 2983 est
293 2923 406 2986 solidus
431 2932 461 2986 et
483 2936 670 3008 compactus,
703 2931 896 3009 imputribilis
919 2932 1084 3004 firmitatis,
1114 2948 1174 2991 non
1207 2937 1309 2990 tamen

134 3026 224 3088 habet
245 3028 359 3106 lignum
388 3036 422 3090 ut
444 3032 519 3093 aliae
542 3034 681 3104 arbores,
716 3041 818 3112 potest
847 3038 927 3097 euim
951 3055 1041 3098 manu
1064 3043 1188 3098 truncus
1211 3037 1242 3095 10
1264 3036 1309 3095 ni-

135 3130 229 3190 hilum
259 3134 369 3194 resolvi
392 3152 447 3212 per
479 3134 698 3199 detractionem
726 3137 943 3213 funiculorum,
976 3143 1045 3219 quia
1076 3147 1157 3200 totus
1186 3146 1309 3200 truncus

136 3239 184 3294 est
217 3237 302 3312 quasi
333 3240 552 3317 compaginatio
586 3243 710 3319 canopi:
748 3242 826 3301 siout
859 3245 939 3303 enim
980 3243 1018 3303 de
1054 3244 1168 3304 calamo
1205 3242 1311 3320 canopi

135 3338 273 3398 avellitur
294 3339 369 3411 hoc,
395 3340 433 3401 de
457 3361 516 3420 quo
539 3343 614 3404 fiunt
636 3343 741 3416 funes,
774 3346 818 3404 sic
849 3350 928 3406 lotus
961 3353 1088 3408 truncus
1117 3346 1234 3425 palmae
1265 3351 1311 3405 est

133 3443 259 3501 materia
289 3441 418 3516 funium,
451 3447 532 3509 unde
555 3448 666 3510 inillis
695 3451 830 3531 partibus
861 3468 920 3511 non
946 3450 1021 3510 aliae
1043 3449 1130 3510 funes
1153 3450 1310 3520 habentur,

135 3562 226 3624 quam
249 3546 287 3607 de
310 3548 477 3626 palmarum
494 3553 657 3626 arboribus,
682 3554 720 3615 de
739 3572 865 3634 quarum
880 3553 960 3614 foliis
976 3554 1050 3614 fiunt
1066 3559 1186 3631 sportae
1202 3569 1311 3631 parvae

135 3656 167 3711 et
189 3669 324 3730 magnae.
369 3653 518 3717 Aradice
541 3648 692 3737 usquein
715 3661 921 3720 summitatem
944 3676 1003 3718 uon
1038 3662 1108 3718 sunt
1134 3658 1222 3726 rami,
1257 3653 1312 3715 sed

134 3756 165 3817 in
190 3758 288 3834 capite
311 3758 424 3819 arboris
446 3766 563 3821 tantum
584 3769 654 3822 sunt
678 3763 764 3823 multi
787 3765 876 3834 rami,
900 3762 1034 3822 ferentes
1051 3760 1165 3820 fructus
1181 3761 1312 3838 optimos

136 3865 167 3919 et
190 3859 295 3920 dulces
318 3861 468 3942 dactylos,
499 3881 571 3943 prae
595 3864 756 3926 dulcedine
780 3867 936 3936 unctuosi,
971 3881 1006 3924 an
1033 3865 1059 3924 si
1085 3861 1254 3939 jacuissent
1281 3864 1312 3921 10

135 3962 235 4024 melle.
281 3964 313 4025 ln
336 3967 436 4027 multis
460 3967 525 4028 aliis
549 3971 721 4048 regionibus
745 3977 888 4032 crescunt
911 3969 1017 4049 palmi;
1048 3966 1103 4029 sed
1126 3984 1185 4026 non
1208 3965 1312 4026 fructi·

135 4067 238 4140 licant,
273 4072 332 4130 uisi
362 4073 401 4131 sit
423 4074 507 4150 regio
531 4071 660 4143 fervida,
693 4074 765 4135 solis
788 4073 921 4153 speculis
945 4073 1089 4132 continue
1112 4087 1257 4149 percussa
1280 4071 1312 4128 in

138 4179 218 4236 terra
238 4174 297 4238 levi
320 4175 424 4237 sabulo
455 4182 488 4237 et
517 4179 646 4247 nitroso,
678 4177 757 4237 sicut
789 4182 836 4237 est
858 4174 1028 4236 Palaestina
1051 4179 1081 4234 et
1103 4164 1258 4252 Aegyptus
1282 4173 1312 4231 iu
