2874 4770
686 180 756 250 lta·

130 348 256 411 minime
284 350 316 413 in
344 351 411 412 aliis
443 350 524 413 orbis
546 349 721 417 dominibus
741 339 915 434 hujusmodi
934 357 1160 419 incrementum
1181 356 1302 420 accidit.

127 449 320 531 Anaxagoras
345 460 377 515 et
399 452 558 533 Euripides
582 455 734 531 dixerunt,
765 463 887 521 causam
909 461 1087 521 incrementi
1110 481 1180 523 esse
1202 464 1304 524 nivem

128 556 323 635 liquefactam
344 556 533 638 Aethiopiae.
579 560 663 632 Quae
687 565 763 624 ratio
785 581 845 624 non
866 562 961 637 valet,
992 582 1062 626 oum
1090 568 1121 626 in
1142 565 1304 644 Aethiopia

129 663 271 723 universa
292 665 333 722 sit
354 668 437 723 tanta
458 664 654 742 intemperies
678 666 800 737 caloris,
836 672 869 726 ut
891 667 932 726 ibi
953 669 1002 728 nir
1023 686 1083 729 non
1105 671 1202 748 possit
1224 685 1303 740 esse,

128 765 177 825 vel
199 767 226 824 si
249 771 312 837 est,
335 765 456 827 modica
478 766 564 828 valde
588 775 653 840 est,
678 786 754 847 quae
779 769 891 829 nullam
914 786 1008 847 aquae
1031 776 1063 831 et
1084 770 1166 833 fluvii
1182 789 1303 833 excres-

128 869 259 929 centium
282 887 406 930 causare
429 877 538 949 potest.
584 870 731 934 Videmus
755 874 863 944 etiam,
888 871 969 949 quod
992 890 1083 933 omne
1105 872 1234 946 flumen,
1257 877 1303 935 ni-

127 972 213 1033 vibus
237 977 368 1046 anctum,
391 992 494 1035 auram
517 974 835 1056 frigidamacremque
852 993 989 1036 crassum
1003 975 1119 1048 reddit,
1143 994 1220 1055 quae
1244 995 1307 1040 non

128 1079 306 1158 contingunt
329 1081 409 1142 eirca
431 1081 533 1142 Nilum
564 1087 702 1161 tempore
736 1082 784 1140 sui
811 1081 973 1159 augmenti.
1019 1077 1192 1140 Herodotus
1221 1081 1303 1154 dicit,

128 1182 209 1261 quod
223 1182 308 1245 Nilus
325 1203 362 1246 ea
381 1192 485 1249 natura
501 1185 568 1247 talis
585 1187 632 1256 sit,
657 1184 752 1264 qualis
770 1191 817 1244 est
832 1187 969 1263 tempore
982 1186 1172 1256 incrementi,
1203 1184 1304 1244 hieme

127 1304 200 1348 vero
224 1288 321 1349 solem
343 1288 382 1350 ad
397 1270 539 1368 ¹Lybiam'
552 1288 685 1350 delatum
716 1288 866 1349 attrahere
898 1287 936 1349 ad
966 1306 999 1348 se
1029 1288 1205 1361 humorem,
1235 1288 1304 1349 ideo

128 1397 201 1451 tunc
230 1388 396 1464 decrescit;
434 1399 550 1454 aestate
585 1409 673 1464 vero,
708 1391 913 1452 adscendente
937 1410 1042 1453 versus
1073 1395 1198 1453 arietem
1230 1392 1303 1463 sole,

129 1497 241 1557 itemm
257 1513 411 1557 erescere:
434 1499 479 1558 sio
502 1499 616 1560 aestivo
641 1499 751 1558 crescit
772 1504 919 1576 tempore,
943 1496 1043 1557 hieme
1060 1499 1213 1557 minuitur.
1243 1495 1306 1557 Sed

130 1598 188 1659 hoc
211 1601 434 1687 etiamlprocul-
452 1607 500 1661 est
523 1619 539 1662 a
561 1619 643 1674 vero,
668 1620 738 1662 curn
760 1619 889 1663 necesse
914 1606 997 1661 esset
1020 1599 1104 1660 idem
1127 1601 1303 1678 contingere

131 1702 163 1760 in
186 1701 250 1762 aliis
273 1701 385 1781 Lybiae
409 1700 596 1776 fluminibus,
620 1704 701 1783 quod
723 1696 824 1766 tamen
846 1725 907 1766 non
930 1706 971 1766 fit.
1017 1703 1208 1764 Democritus
1232 1701 1305 1764 dicit

130 1803 232 1867 Nilum
247 1808 372 1868 nivium
402 1808 692 1889 septemtrionalium
721 1808 934 1887 liquefactione
965 1808 1082 1885 augeri,
1121 1826 1182 1868 non
1212 1807 1303 1867 meri·

131 1909 311 1983 dionalium,
335 1912 413 1972 sicut
435 1911 508 1974 dixit
531 1912 737 1992 Anaxagoram
761 1915 876 1976 nivium
898 1915 979 1974 enim
1002 1896 1209 1974 coaceruatam
1224 1911 1302 1972 mul-

129 2013 290 2076 titudinem
305 2017 416 2077 boreae
439 2018 610 2096 regionibus
634 2018 675 2079 ait
696 2016 802 2077 bruma
825 2016 1013 2095 congelatam
1027 2021 1164 2095 tempore
1179 2014 1303 2076 {aestatis

128 2117 292 2196 liquefieri,
330 2118 460 2200 ideoque
494 2123 618 2182 elevatis
652 2115 773 2181 sursum
803 2121 964 2199 vaporibus
987 2119 1097 2180 multas
1131 2118 1302 2197 densasque

128 2222 254 2284 nebulas
278 2225 358 2285 eirca
373 2231 516 2285 montana
530 2223 595 2285 tolli
611 2226 781 2293 cacumina,
805 2241 882 2302 quae
898 2223 939 2284 ab'
957 2225 1061 2284 etesiis
1078 2221 1116 2282 ad
1131 2221 1304 2292 altissimos,

130 2327 235 2403 quales
256 2327 290 2385 in
303 2324 464 2404 Aethiopia
479 2332 564 2397 sunt,
587 2333 707 2387 montes
721 2325 857 2398 ‘delatam
882 2325 991 2387 deinde
1007 2327 1038 2385 in
1052 2325 1184 2404 pluviam
1198 2339 1304 2386 versae

130 2445 255 2506 magnos
278 2427 413 2509 efficiunt
434 2428 562 2500 imbres,
587 2429 693 2507 quihus
717 2432 880 2491 etesiarum
902 2438 1041 2508 tempore
1058 2428 1144 2489 Nilus
1168 2435 1303 2506 augetur.

131 2530 215 2605 Quae
250 2533 326 2593 ratio
351 2534 441 2592 etiam
472 2531 641 2605 revellitur,
676 2535 701 2593 si
731 2541 790 2611 quo
820 2532 894 2594 tlant
925 2533 1039 2592 etesiae
1068 2535 1205 2609 tempore
1233 2547 1303 2609 per·

129 2635 260 2717 pendas;
284 2638 390 2714 incipit
413 2637 495 2697 enim
518 2653 655 2698 crescere
670 2638 755 2698 Nilus
779 2637 908 2698 solstitio
925 2637 1055 2706 aestivo,
1078 2634 1211 2695 nondum
1227 2632 1303 2693 tlan·

129 2741 208 2802 tibus
238 2742 357 2812 etesiis,
391 2747 490 2802 cessat
522 2748 623 2803 autem
656 2743 828 2821 equinoctio
860 2741 1025 2803 autumnali
1052 2738 1116 2818 jam
1149 2739 1222 2799 olim
1256 2736 1302 2796 his

127 2848 224 2908 ventis
249 2846 491 2925 quiescentibus;
529 2853 702 2926 praetereo,
738 2846 818 2925 quod
841 2847 940 2926 palam
963 2850 1025 2917 est,
1055 2862 1117 2905 non
1147 2844 1241 2920 magis
1266 2840 1301 2901 ab

129 2955 210 3010 arcto
232 2949 305 3018 tlare
329 2951 458 3023 etesias,
489 2968 578 3030 quam
602 2952 637 3012 ab
660 2953 806 3030 hespero,
839 2968 900 3010 non
923 2951 1004 3031 enirn
1026 2949 1134 3010 boreas
1158 2953 1208 3007 ant
1231 2963 1301 3025 sep·

128 3052 333 3115 tendrionales
364 3056 462 3128 venti,
497 3055 552 3116 sed
584 3056 634 3133 qui
666 3055 700 3116 ab
725 3055 838 3115 aestivo
869 3051 1035 3114 occidentis
1067 3050 1156 3122 dant,
1188 3050 1301 3111 etesiae

127 3164 281 3219 vocantur.
327 3158 416 3233 Quod
439 3167 540 3220 autem
562 3157 621 3219 hoc
645 3157 761 3219 dicatur
783 3157 849 3218 fieri
864 3158 943 3217 circa
958 3160 1100 3216 montana
1113 3153 1301 3232 Aethiopiae,

127 3279 187 3321 non
210 3267 256 3322 est
279 3262 432 3323 credibile.
462 3263 600 3342 Ephorus
622 3263 711 3323 aliam
734 3278 856 3322 oausam
882 3259 971 3320 dicit:
995 3261 1037 3319 ait
1059 3257 1301 3336 enim,Aegypti

127 3371 240 3426 terram
263 3383 332 3426 esse
355 3383 453 3425 raram
476 3372 508 3426 et
530 3365 657 3438 aridam,
691 3369 722 3426 in
754 3383 812 3444 qua
844 3365 943 3425 hiatus
974 3364 1094 3430 maximi
1116 3364 1148 3421 in
1172 3360 1301 3421 diversis

127 3475 197 3530 sunt
219 3470 311 3542 loeis,
344 3468 473 3548 ideoque
503 3470 603 3530 hieme
636 3466 845 3529 humiditatem
880 3482 1003 3527 omnem
1032 3464 1181 3525 attrahere
1211 3469 1301 3540 atque

126 3574 158 3632 in
181 3590 214 3633 se
238 3573 408 3644 continere,
431 3590 523 3651 quam
545 3579 659 3633 aestate
681 3571 775 3631 veluti
798 3570 941 3631 sudorem
959 3570 1083 3641 emittit,
1107 3586 1166 3647 quo
1188 3565 1300 3626 tlumen

128 3683 263 3754 augetur.
295 3675 357 3736 Sed
368 3675 444 3736 haec
459 3693 530 3737 vera
546 3693 606 3738 aon
622 3681 701 3747 sunt,
725 3692 794 3734 curn
809 3690 900 3753 supra
914 3671 1084 3751 Aegyptum
1099 3673 1129 3731 in
1140 3670 1302 3748 Aethiopia

127 3780 237 3842 eodem
258 3782 445 3855 incremento
469 3782 509 3840 sit
531 3785 636 3841 auctus
661 3785 692 3840 et
713 3781 851 3840 inauctus
871 3775 992 3858 (fluvius
1010 3771 1082 3855 quo)
1098 3772 1253 3853 Aegyptus
1270 3779 1301 3832 et

127 3893 248 3959 contra,
264 3894 295 3948 et
308 3885 410 3946 multis
426 3885 491 3946 aliis
511 3884 675 3946 rationibus
695 3884 812 3962 possint
827 3882 902 3943 haee
917 3882 1089 3960 improbari.
1113 3877 1300 3957 Memphites

127 3990 249 4070 quidam
260 3990 347 4062 dicit,
362 3990 521 4069 quodcum
535 3989 615 4050 orbis
630 3990 662 4049 in
678 3995 739 4070 tres
751 3987 900 4050 dividatur
915 3992 1025 4064 partes,
1041 4002 1109 4057 una,
1125 3987 1155 4044 in
1171 4000 1229 4061 qna
1244 3999 1300 4042 nos

128 4114 247 4169 sumus,
270 4096 363 4159 altera
384 4095 455 4156 huic
471 4113 488 4156 e
505 4095 653 4155 contrario
669 4093 740 4163 sita,
763 4092 853 4152 tertia
868 4089 1086 4158 inhabitabilis,
1110 4087 1182 4148 solis
1199 4087 1300 4147 calore

128 4196 250 4272 adusta3
272 4202 300 4262 si
322 4216 394 4280 ergo
416 4198 517 4260 hieme
539 4197 625 4260 Nilus
648 4200 812 4268 cresceret,
837 4200 920 4254 certe
947 4198 1082 4253 anostra
1097 4208 1174 4252 zona
1197 4196 1298 4251 ortum

1075 4311 1091 4365 b
