2874 4770
709 156 777 227 280

155 359 193 403 eo
216 347 317 402 autem
340 339 440 398 omnia
464 334 583 396 11116616
606 338 745 415 cognitus
767 335 824 396 1611
850 333 983 395 amultis
1005 341 1037 395 et
1058 335 1208 414 propbeta
1232 337 1270 397 ab
1295 339 1343 397 eis

154 444 286 539 babitus,
322 443 407 520 quia
402 443 445 500 iu
469 442 526 500 ista
549 440 637 518 longa
660 438 840 500 dormitione
873 437 1026 505 didicerat
1041 441 1273 511 inenarrabilia,
1311 447 1345 501 et

154 547 220 625 ejus
243 522 400 606 sermones
424 552 577 621 tamquam
600 522 697 605 di'rina
714 540 860 624 (oracula)
883 544 1127 622 acceptabantur,
1150 563 1213 605 non
1239 544 1344 607 solum

154 652 312 723 increta,
337 640 390 711 sed
414 651 505 709 etiam
528 666 582 728 per
604 655 699 708 totam
723 647 890 708 Graeciam.

243 768 356 831 Dicunt
386 772 477 831 etiam
508 771 538 830 in
571 769 652 835 hunc
683 774 818 845 montem
840 767 912 828 ldon
944 772 1083 828 sancium
1105 767 1235 830 Paulum
1265 790 1343 851 apo-

156 875 266 937 stolum
290 858 503 951 transfugibse,
536 872 608 933 dum
631 871 820 952 praedicaret
842 872 880 933 ibi
906 874 936 932 iu
960 870 1055 932 insula
1085 879 1115 932 et
1139 884 1347 952 quaereretur

139 978 194 1042 ,ad
217 984 355 1038 mortem.
401 976 446 1036 De
468 975 527 1036 hoc
549 980 652 1035 monte
675 993 840 1053 numquam
862 974 961 1037 deficit
984 959 1152 1046 uix‚'unde
1177 981 1287 1039 rustici
1312 983 1344 1040 iu

156 1081 254 1143 media
279 1087 309 1141 et
326 1056 509 1141 calidissima
524 1087 639 1138 aestate
660 1084 799 1138 'montem
818 1078 991 1139 ascendunt
1014 1085 1044 1139 et
1068 1080 1098 1163 in
1123 1085 1234 1142 terreis
1260 1086 1345 1144 vasis

157 1190 257 1248 nivem
279 1191 398 1263 portant
421 1186 450 1244 in
475 1185 628 1244 civitatem
645 1182 804 1253 Caudiam,
829 1201 919 1261 quam
936 1182 1042 1244 11111166
1059 1191 1164 1245 emunt
1187 1185 1345 1279 61116111-

156 1294 271 1370 gerium
297 1287 519 1366 quaerendum,
554 1287 636 1366 quod
659 1290 733 1348 satis
756 1287 891 1347 mirabile
916 1294 964 1347 est
986 1306 1040 1366 pro
1064 1295 1126 1348 tam
1150 1289 1346 1352 calidissima

156 1397 291 1475 regione.

243 1517 275 1577 ln
298 1517 354 1577 hac
377 1514 474 1575 insula
497 1513 583 1575 multi
611 1515 744 1594 illustres
761 1515 813 1573 viri
835 1513 970 1584 fuerunt,
993 1520 1026 1574 ut
1042 1520 1123 1607 patet
1139 1512 1177 1574 de
1194 1515 1345 1590 Saturno,

156 1622 229 1683 1616
265 1628 296 1681 61
331 1620 411 1689 aliis,
446 1620 495 1696 qui
526 1618 620 1678 multa
644 1635 697 1679 sua
721 1616 865 1677 industria
889 1617 1108 1677 adinvenerunt
1130 1619 1210 1678 vitae
1233 1619 1346 1681 huma-

156 1744 212 1786 nae
236 1725 416 1785 necessaria.
447 1720 533 1783 Unde
557 1723 586 1781 iu
611 1740 646 1781 ea
670 1723 767 1799 primo
790 1724 946 1782 inventum
970 1722 1063 1781 boves
1090 1724 1197 1781 aratro'
1213 1722 1345 1785 domare

156 1840 186 1892 et
216 1830 365 1890 frumenta
397 1826 481 1903 sulco
506 1844 651 1906 quaerere
687 1833 716 1886 et
740 1827 800 1886 mel
824 1843 859 1885 ac
882 1827 1042 1886 auctarum
1062 1826 1235 1905 colligere,
1272 1831 1345 1889 rina

155 1935 220 1994 uvis
245 1949 386 2012 expressa
410 1934 440 1990 in
465 1949 535 1991 vasa
561 1930 727 2017 recondere
752 1925 961 2011 etdefdecata'
982 1930 1094 1990 bibere.
1142 1928 1231 1990 Unde
1249 1931 1344 1994 hodie

155 2039 204 2098 illa
228 2035 324 2096 insula
347 2037 446 2095 electo
472 2035 622 2096 lrumeuto
646 2035 790 2108 abundat,
823 2042 853 2095 61
875 2036 1036 2096 unciarum
1070 2033 1159 2094 sudat
1182 2052 1217 2095 ex
1244 2054 1343 2098 canna

156 2140 268 2211 mellis,
293 2146 323 2199 et
345 2141 447 2200 riuum
459 2120 690 2212 Maliasaticum,
712 2141 743 2200 in
765 2146 831 2200 1616
854 2133 1097 2201 terrarumorbe
1120 2146 1243 2212 uotum,
1269 2160 1343 2219 pro-

156 2245 254 2314 ducit,
286 2243 364 2321 quod
389 2243 456 2304 ideo
481 2244 537 2303 boc
561 2260 672 2304 nomen
696 2244 801 2315 babet,
834 2246 902 2322 quia
932 2249 979 2304 est
1008 2243 1108 2322 rilla'
1100 2262 1130 2302 m
1155 2243 1256 2303 insula
1280 2245 1342 2318 illa,

155 2348 316 2410 Mallicium
342 2346 436 2418 dicta,
464 2347 547 2425 juxta
572 2347 652 2427 quod
677 2351 873 2426 praecipuum
904 2351 1015 2408 crescit
1038 2350 1158 2445 ¹viuum;
1194 2350 1244 2409 161
1269 2350 1341 2411 ideo

156 2457 200 2515 sic
224 2455 411 2524 nominatur,
435 2452 473 2513 de
497 2471 556 2531 quo
580 2452 648 2512 vide
672 2452 723 2512 161.
752 2450 821 2516 181.
846 2451 931 2518 A.

244 2571 371 2654 lusuper
401 2577 488 2653 primi
521 2575 703 2660 habitatores
734 2593 788 2636 sua
820 2512 966 2657 industria
997 2582 1090 2637 artem
1114 2577 1284 2654 remigandi
1309 2585 1343 2638 et

62 2695 67 2716 '
155 2700 248 2744 naves
273 2683 363 2741 remis
389 2679 512 2758 regendi
535 2683 728 2767 invenerunt,
760 2688 790 2741 et
813 2700 901 2742 arcus
925 2679 966 2743 ac‘
983 2667 1109 2761 sagittae
1133 2681 1172 2739 ibi
1196 2676 1341 2742 iuventae

156 2794 239 2855 sunt,
273 2793 302 2844 et
326 2785 365 2843 ibi
386 2782 455 2860 jura
479 2784 585 2843 litteris
611 2784 678 2845 data
701 2791 784 2854 suut,
819 2792 848 2843 61
873 2793 1029 2863 equestres
1054 2791 1168 2846 turmas
1193 2788 1341 2857 tribuunt,

158 2894 189 2946 et
211 2887 342 2947 studium
368 2888 516 2946 musicum
540 2890 636 2965 primo
660 2890 688 2972 in
714 2906 749 2948 ea
772 2895 819 2948 est
842 2879 1008 2973 inventum}-
1212 2872 1215 2878 ¹

242 3005 340 3065 Silvae
364 3006 444 3070 illius
460 3012 576 3072 insulae
593 3020 698 3088 gerunt
716 3011 795 3091 ligna
818 3003 1006 3090 cypressina,
1032 3013 1167 3083 arbusta,
1192 3020 1223 3073 et
1244 3017 1338 3076 rubos

137 3098 194 3193 ⁸de
227 3112 410 3172 rosamariua
445 3115 535 3174 etde
561 3116 667 3185 salvia,
702 3115 740 3176 de
764 3135 890 3194 quorum
915 3119 1074 3203 sarmentis
1100 3117 1212 3178 faciunt
1236 3121 1336 3196 ignes.

242 3244 379 3308 Peoudes
403 3251 586 3314 domesticas
609 3257 746 3332 copiosas
765 3255 869 3328 habet,
894 3274 1000 3317 cervos
1024 3263 1073 3317 aut
1092 3274 1195 3334 capras
1212 3274 1338 3335 paucos,

155 3350 263 3428 lupos,
287 3352 410 3431 vulpes,
439 3373 543 3434 apros,
576 3358 695 3429 leonas,
730 3377 817 3419 ursos
847 3378 881 3419 ao
905 3358 994 3436 hujus
1018 3360 1099 3420 modi
1124 3361 1271 3420 animalia
1288 3379 1336 3421 ra-

155 3457 239 3532 pacia
264 3466 294 3517 et
316 3461 402 3521 noxia
427 3478 578 3538 nusquam
603 3464 706 3540 giguit.
754 3463 886 3541 Serpens
910 3465 948 3523 ibi
978 3463 1076 3523 nullus
1111 3466 1243 3523 nascitur
1277 3483 1337 3525 uec

154 3560 255 3636 vipera
279 3567 327 3620 aut
352 3562 421 3622 bulo
452 3571 502 3623 aut
525 3567 669 3643 scorpio:
696 3572 726 3625 et
744 3568 774 3624 61
791 3574 938 3627 venenata
962 3568 1055 3628 bestia
1077 3568 1119 3626 in
1152 3585 1218 3627 eam
1242 3567 1336 3629 fuerit

156 3669 324 3739 apportata,
357 3667 491 3726 moritur.
538 3668 703 3728 Acuuctis
724 3671 807 3728 euim
831 3671 1028 3730 animantibus
1061 3674 1174 3733 nocivis
1198 3674 1336 3749 purgavit

156 3780 222 3824 eam
247 3763 411 3836 Hercules,
443 3773 494 3848 qui
518 3775 607 3832 etiam
640 3766 773 3834 exercitu
802 3775 842 3834 ibi
867 3775 994 3835 collecto
1027 3776 1062 3836 ad
1086 3795 1205 3837 omnem
1231 3777 1335 3837 mundi

155 3867 287 3944 plagam,
323 3863 656 3952 661111666661611111,
687 3867 850 3956 pugnavit,
887 3899 955 3941 cum
980 3883 1018 3941 sit
1041 3884 1072 3941 iu
1095 3882 1198 3943 muudi
1223 3881 1333 3952 medio,

155 3976 188 4029 ut
205 3970 299 4053 ⁴babet
315 3971 464 4037 Diodorus
481 3974 544 4036 Lib.
563 3979 597 4040 V.
628 3979 739 4041 Verum
765 4000 857 4042 unum
882 3978 976 4063 genus
1001 3985 1135 4046 animalis
1152 3986 1241 4047 habet
1257 3986 1333 4046 baec

155 4074 237 4148 regio
262 4090 420 4137 6611111616
445 4098 513 4140 cum
536 4081 601 4141 aliis
622 4087 814 4166 regionibus,
846 4087 932 4162 cujus
957 4067 1076 4151 morsus
1099 4099 1146 4152 est
1169 4099 1334 4152 venenatus

155 4183 186 4238 et
208 4178 391 4242 mortiferus.
437 4184 548 4247 Dicunt
570 4187 667 4258 enim,
691 4188 771 4268 quod
795 4189 821 4248 ai
843 4190 1049 4254 mulierirata
1071 4195 1168 4258 virum
1191 4195 1332 4257 dentibus
