2874 4770
714 250 798 320 tt·

145 427 214 490 Non
249 435 351 489 autem
383 425 563 504 loquebatur
584 424 731 489 Dominus
765 426 864 508 Moysi
902 428 961 489 uisi
994 428 1026 487 in
1049 434 1153 488 monte
1176 426 1243 488 hoc.
1288 427 1325 487 Et

149 551 220 593 cum
242 532 374 593 Domino
397 532 526 610 placuit,
551 528 662 605 aliquid
692 529 876 591 demandare
898 529 1081 609 prophetae,
1113 531 1196 609 prius
1220 536 1323 590 mente

146 635 318 696 admonitus
360 633 399 693 de
439 632 610 709 frequentia
641 631 722 709 vulgi
756 631 892 693 ascendit
923 634 953 692 in
988 640 1123 693 montem
1157 635 1251 694 istum
1286 631 1325 693 ad

147 735 369 798 consulendum
392 734 546 795 oraculum
569 732 698 805 Domini,
721 735 752 794 in
776 732 862 810 cujus
884 736 1001 812 signum
1030 743 1094 796 erat
1117 734 1270 815 quondam
1292 738 1324 796 in

144 859 182 901 eo
206 841 346 911 ecclesia,
369 855 450 898 nunc
474 842 576 896 autem
599 843 646 896 est
670 840 824 898 mameria.

130 1008 132 1010 ,
223 940 366 1003 Secundo
378 947 441 1001 erat
451 940 491 999 ibi
505 937 645 1001 columna
657 940 684 1000 N
686 941 832 1002 ectanabi.
855 939 1109 1002 HicNectanabus
1121 949 1184 1003 erat
1195 940 1323 1021 Aegypti

142 1064 211 1117 rex,
244 1053 274 1106 ct
297 1043 404 1122 Magus
429 1044 675 1121 expertissimus,
700 1050 730 1102 et
754 1041 875 1120 quando
900 1050 1000 1104 metus
1022 1043 1149 1105 bellicus
1172 1046 1201 1104 ei
1223 1047 1320 1105 immi-

141 1150 241 1220 nebat,
264 1149 508 1233 nonexcroitum
523 1147 572 1207 vel
592 1148 835 1207 machinamenta
854 1146 962 1210 Martis
985 1149 1134 1219 movebat,
1157 1146 1213 1209 sed
1236 1150 1321 1210 aulae

140 1255 242 1330 regiae
266 1251 366 1313 abdita
389 1258 420 1312 et
442 1248 608 1329 penetralia
630 1251 760 1329 petebat,
785 1258 816 1310 et
840 1260 948 1312 cuncta
971 1252 1070 1313 futura
1093 1252 1149 1312 sibi
1171 1258 1235 1313 arte
1258 1269 1321 1339 ma·¹

142 1358 209 1434 giea
224 1354 432 1433 investigabat.
464 1352 603 1425 Quodam
619 1359 719 1414 autem
734 1361 871 1432 tempore
894 1358 1063 1416 nuntiatum
1086 1358 1188 1427 estol,
1212 1355 1321 1418 multas

142 1458 289 1523 adversus
313 1476 384 1519 eum
407 1462 513 1536 gentes
536 1474 595 1516 una
619 1458 842 1534 conspiratione
866 1461 1108 1530 consurrexisse,
1132 1458 1250 1521 scilicet
1271 1457 1319 1519 ln·

142 1560 198 1623 dos
207 1607 222 1634 „
249 1559 382 1632 Arabes,
416 1558 601 1631 Phoenices,
636 1558 760 1620 Parthos
785 1567 815 1620 et
838 1559 956 1621 Persas.
1004 1560 1118 1632 Quibus
1135 1562 1186 1622 ille
1210 1561 1319 1621 auditis

140 1667 280 1744 plausum
303 1665 378 1725 dans
412 1664 550 1724 manibus
574 1681 683 1743 magno
706 1667 768 1725 risu
792 1663 958 1725 dissolutus
982 1671 1045 1736 est,
1078 1665 1317 1743 confugiensque

140 1768 179 1828 ad
203 1775 366 1829 consuetae
391 1769 462 1828 artis
494 1769 633 1845 peritiam
673 1769 819 1829 intellexit
848 1786 881 1828 se
905 1769 940 1828 ah
963 1767 1098 1829 hostibus
1122 1768 1315 1840 vincendum,

142 1871 392 1951 capiendumque,
416 1889 473 1930 nec
507 1870 613 1948 fugae·
632 1872 820 1942 consulerat‚
852 1890 983 1950 moxque
1014 1872 1136 1933 Casium
1171 1879 1316 1943 montem,

135 1974 214 2060 ῥ(98
231 1973 274 2055 a)
298 1977 350 2053 qni
373 1982 421 2035 est
442 1978 517 2044 iste,
547 1973 719 2047 adscendit,
754 1983 785 2036 et
809 1970 952 2036 'statuam'
974 1975 1012 2035 de
1043 1979 1128 2055 nigro
1156 1976 1256 2056 lapide
1285 1979 1316 2036 in

138 2078 205 2156 ejus
235 2079 376 2139 columen
409 2080 504 2138 erexit
534 2080 565 2138 in
588 2083 635 2140 sui
658 2083 857 2155 memoriam,
889 2087 920 2141 et
951 2097 1019 2141 raso
1049 2079 1148 2159 capite
1171 2087 1203 2141 et
1224 2080 1315 2141 barba

137 2185 273 2247 collectis
297 2184 445 2254 omnibus,
469 2200 546 2261 qnae
569 2185 626 2244 sibi
649 2187 782 2263 pretiosa
805 2192 899 2256 erant,
916 2183 1032 2262 appulit
1046 2186 1077 2244 in
1091 2183 1312 2256 Macedoniam,

136 2290 188 2350 ubi
209 2306 246 2348 eo
269 2295 406 2365 tempore
429 2286 585 2367 Philippus
609 2307 660 2349 rex
684 2297 757 2350 erat.
793 2288 857 2350 lllic
881 2306 954 2365 ergo
978 2289 1107 2348 amictus
1132 2296 1216 2349 veste
1233 2287 1315 2348 linea

137 2391 323 2469 astmlogum
359 2408 393 2450 se
424 2390 580 2467 protessus
623 2390 760 2469 adeoque
795 2391 923 2452 celebris
958 2390 1055 2450 lactus
1087 2398 1153 2462 est,
1190 2397 1223 2450 ut
1246 2389 1313 2466 ejus

134 2494 216 2554 tama
240 2511 298 2554 nec
320 2491 532 2572 Olympiadem
555 2495 704 2570 reginam,
728 2511 852 2553 uxorem
876 2491 1013 2571 Philippi,
1047 2493 1164 2554 lateret.
1210 2493 1311 2554 liebus

136 2593 239 2657 antem
260 2595 374 2657 bellicis
390 2594 526 2674 Philippo
550 2602 633 2657 extra
647 2598 805 2674 regionem
823 2612 947 2674 operam
970 2592 1070 2670 dante,
1091 2592 1197 2673 'regina
1213 2598 1314 2674 coepit

134 2700 299 2761 Nectanabi
333 2700 494 2760 consulere
531 2699 772 2777 peritiam,„1qui
800 2698 1081 2759 constellationibus
1114 2697 1312 2759 consideratis

133 2802 220 2874 dixit,
252 2818 320 2864 eam
344 2804 475 2864 misceri
497 2801 563 2861 Deo
585 2799 712 2881 Lybiae,
746 2798 907 2872 Ammoni,
922 2845 926 2849 .
941 2803 1170 2881 genitoremque
1204 2801 1309 2872 tilium,

132 2907 263 2968 ultorem
295 2908 439 2967 omnium.
495 2904 588 2966 Porro
622 2903 753 2964 Ammon
787 2904 902 2965 idolum
936 2904 1116 2965 adorabatur
1148 2906 1180 2964 io
1211 2904 1307 2966 forma

132 3011 244 3080 arietis,
269 3028 338 3069 cum
361 3010 501 3071 cornibus
525 3011 561 3071 ab
584 3016 663 3080 ante,
687 3027 704 3069 a
727 3015 812 3086 tergo
835 3026 907 3069 vero
924 3008 1051 3069 sormam
1067 3007 1205 3068 draconis
1222 3027 1308 3087 prae-

131 3113 257 3174 lerebat.
303 3110 410 3191 Magus
434 3120 536 3173 autem
558 3112 628 3185 ille,
662 3114 832 3190 praestigiis
864 3119 895 3172 et
929 3118 992 3171 arte
1010 3113 1106 3182 usus,
1137 3113 1174 3171 in.
1202 3112 1309 3172 formis

131 3216 275 3295 praelatis
298 3216 464 3277 thalamum
486 3217 607 3293 reginae
630 3210 787 3293 ingressus
820 3217 939 3294 nuptias
971 3215 1134 3276 celebravit
1166 3215 1307 3294 abiitque.

129 3317 172 3379 Ex
196 3335 255 3396 qno
292 3318 406 3379 mulier·
432 3321 572 3399 concepit
604 3319 751 3380 etlilium
775 3321 913 3398 peperit,
947 3336 1038 3397 quem
1060 3317 1215 3398 Philippus
1237 3317 1308 3380 Ale-

129 3420 277 3482 xandrum
300 3425 475 3485 nominavit.
521 3424 553 3483 Si
576 3423 685 3501 placet,
708 3423 778 3483 vide
814 3421 853 3481 de
875 3422 940 3490 ¹hoc
973 3423 1138 3484 historiam,
1161 3424 1192 3482 in
1216 3422 1305 3501 Spec.

128 3524 235 3586 histor.
260 3523 324 3586 Lib.
349 3525 384 3586 v.
410 3526 444 3588 C.
467 3525 488 3586 l.
515 3533 544 3587 et
568 3518 655 3604 seqq.
679 3525 848 3586 Alexander
878 3530 979 3584 autem
1001 3521 1129 3601 Magnus
1152 3525 1306 3603 ingressus
1333 3560 1335 3563 .

126 3625 302 3708 Aegyptum
335 3629 444 3691 ductus
477 3629 533 3690 luit
564 3632 595 3691 in
618 3637 760 3690 montem.
776 3629 897 3690 Castum
920 3627 958 3687 ad
980 3634 1109 3688 statuam
1132 3627 1305 3706 Nectanabi.

127 3730 214 3794 llanc
238 3731 409 3795 Alexander
435 3734 610 3813 complexus
634 3740 765 3795 statuam
787 3741 905 3813 patrem
928 3732 1039 3792 salutat
1062 3729 1189 3810 ejusque
1211 3731 1305 3792 lilium

126 3833 247 3914 publice
271 3855 304 3898 se
327 3837 494 3915 profitetur.
527 3836 710 3899 Mirabamur
732 3840 761 3898 in
784 3839 842 3898 hoc
865 3837 932 3897 loco
954 3833 1077 3912 insipidi
1099 3833 1303 3910 indictijuve·

125 3940 173 4000 nis
195 3939 390 4023 desiderium,
413 3941 464 4018 qui
480 3944 580 4019 potius
595 3941 690 4004 voluit
706 3960 740 4002 se
756 3944 826 4003 sciri
844 3960 880 4002 ex
896 3939 1042 4002 adulterio
1058 3940 1193 4016 genitum
1210 3956 1301 4016 quam

126 4059 163 4105 ex
186 4045 344 4115 connubio,
369 4049 401 4103 et
415 4051 544 4105 matrem
560 4045 671 4106 habere
685 4047 890 4108 incestuosam
913 4043 1024 4123 potius,
1049 4058 1139 4120 quam
1153 4040 1303 4119 pudicam,

126 4146 265 4211 draconis
287 4149 380 4212 filiam
402 4164 437 4208 se
461 4141 547 4209 credi
568 4149 686 4226 potins,
709 4167 800 4228 quam
822 4146 952 4226 Philippi
975 4143 1134 4206 clarissimi
1159 4144 1247 4223 regis,
1271 4149 1303 4203 et

123 4253 227 4331 patius
249 4252 396 4334 spurium,
419 4267 511 4331 quam
532 4250 703 4330 legitimum
726 4252 872 4314 arbitrari.

1050 4361 1094 4418 ⁵*
