<?xml version="1.0" encoding="UTF-8"?>
<!DOCTYPE html PUBLIC "-//W3C//DTD XHTML 1.0 Transitional//EN"
    "http://www.w3.org/TR/xhtml1/DTD/xhtml1-transitional.dtd">
<html xmlns="http://www.w3.org/1999/xhtml" xml:lang="en" lang="en">
 <head>
  <title>
</title>
<meta http-equiv="Content-Type" content="text/html;charset=utf-8" />
  <meta name='ocr-system' content='tesseract 3.04.00' />
  <meta name='ocr-capabilities' content='ocr_page ocr_carea ocr_par ocr_line ocrx_word'/>
</head>
<body>
  <div class='ocr_page' id='page_1' title='image "./fratrisfelicisf00fabrgoog_0306.png"; bbox 0 0 2874 4770; ppageno 0'>
   <div class='ocr_carea' id='block_1_1' title="bbox 123 169 1306 4275">
    <p class='ocr_par' dir='ltr' id='par_1_1' title="bbox 682 169 831 264">
     <span class='ocr_line' id='line_1_1' title="bbox 682 169 831 264; baseline 0 0"><span class='ocrx_word' id='word_1_1' title='bbox 682 169 748 239; x_wconf 68' lang='grc'><strong>303</strong></span> <span class='ocrx_word' id='word_1_2' title='bbox 829 261 831 264; x_wconf 30' lang='grc' dir='ltr'>ι</span> 
     </span>
    </p>

    <p class='ocr_par' dir='ltr' id='par_1_2' title="bbox 126 334 1306 1672">
     <span class='ocr_line' id='line_1_2' title="bbox 126 334 1306 427; baseline -0.018 -9"><span class='ocrx_word' id='word_1_3' title='bbox 126 357 261 419; x_wconf 79' lang='lat' dir='ltr'><strong>trionem</strong></span> <span class='ocrx_word' id='word_1_4' title='bbox 283 354 314 413; x_wconf 93' lang='lat' dir='ltr'><strong>in</strong></span> <span class='ocrx_word' id='word_1_5' title='bbox 336 366 419 427; x_wconf 79' lang='lat' dir='ltr'><strong>mare</strong></span> <span class='ocrx_word' id='word_1_6' title='bbox 441 345 615 425; x_wconf 81' lang='lat' dir='ltr'><strong>Aegeum·</strong></span> <span class='ocrx_word' id='word_1_7' title='bbox 636 344 850 422; x_wconf 74' lang='lat' dir='ltr'><strong>continuimus</strong></span> <span class='ocrx_word' id='word_1_8' title='bbox 864 340 1018 403; x_wconf 76' lang='lat' dir='ltr'><strong>automni</strong></span> <span class='ocrx_word' id='word_1_9' title='bbox 1032 355 1140 407; x_wconf 75' lang='lat' dir='ltr'><strong>navem</strong></span> <span class='ocrx_word' id='word_1_10' title='bbox 1162 340 1193 399; x_wconf 87' lang='lat' dir='ltr'><strong>et</strong></span> <span class='ocrx_word' id='word_1_11' title='bbox 1208 334 1306 414; x_wconf 85' lang='lat' dir='ltr'><strong>ejeeta</strong></span> 
     </span>
     <span class='ocr_line' id='line_1_3' title="bbox 129 442 1305 541; baseline -0.014 -20"><span class='ocrx_word' id='word_1_12' title='bbox 129 455 342 541; x_wconf 67' lang='lat' dir='ltr'><strong>(assumatis</strong></span> <span class='ocrx_word' id='word_1_13' title='bbox 351 471 451 514; x_wconf 81' lang='lat' dir='ltr'><strong>sinum</strong></span> <span class='ocrx_word' id='word_1_14' title='bbox 459 450 639 512; x_wconf 82' lang='lat' dir='ltr'><strong>Saronicum</strong></span> <span class='ocrx_word' id='word_1_15' title='bbox 655 467 693 510; x_wconf 89' lang='grc' dir='ltr'><strong>ιιι</strong></span> <span class='ocrx_word' id='word_1_16' title='bbox 701 448 910 509; x_wconf 80' lang='lat' dir='ltr'><strong>laberemurm</strong></span> <span class='ocrx_word' id='word_1_17' title='bbox 920 445 1059 507; x_wconf 82' lang='lat' dir='ltr'><strong>Euboeae</strong></span> <span class='ocrx_word' id='word_1_18' title='bbox 1071 444 1119 505; x_wconf 88' lang='lat' dir='ltr'><strong>vel</strong></span> <span class='ocrx_word' id='word_1_19' title='bbox 1128 442 1305 522; x_wconf 81' lang='lat' dir='ltr'><strong>Nigropontr</strong></span> 
     </span>
     <span class='ocr_line' id='line_1_4' title="bbox 129 547 1304 642; baseline -0.014 -17"><span class='ocrx_word' id='word_1_20' title='bbox 129 563 300 642; x_wconf 82' lang='lat' dir='ltr'><strong>angustias,</strong></span> <span class='ocrx_word' id='word_1_21' title='bbox 325 577 384 621; x_wconf 90' lang='lat' dir='ltr'><strong>nou</strong></span> <span class='ocrx_word' id='word_1_22' title='bbox 407 557 488 618; x_wconf 90' lang='lat' dir='ltr'><strong>enim</strong></span> <span class='ocrx_word' id='word_1_23' title='bbox 511 554 601 633; x_wconf 89' lang='lat' dir='ltr'><strong>longe</strong></span> <span class='ocrx_word' id='word_1_24' title='bbox 625 570 744 616; x_wconf 90' lang='lat' dir='ltr'><strong>eramus</strong></span> <span class='ocrx_word' id='word_1_25' title='bbox 768 551 995 630; x_wconf 84' lang='lat' dir='ltr'><strong>aNigropouto,</strong></span> <span class='ocrx_word' id='word_1_26' title='bbox 1018 565 1096 626; x_wconf 91' lang='lat' dir='ltr'><strong>quae</strong></span> <span class='ocrx_word' id='word_1_27' title='bbox 1119 547 1216 608; x_wconf 92' lang='lat' dir='ltr'><strong>insula</strong></span> <span class='ocrx_word' id='word_1_28' title='bbox 1231 547 1304 608; x_wconf 88' lang='lat' dir='ltr'><strong>alias</strong></span> 
     </span>
     <span class='ocr_line' id='line_1_5' title="bbox 129 650 1306 739; baseline -0.014 -11"><span class='ocrx_word' id='word_1_29' title='bbox 129 664 391 733; x_wconf 85' lang='lat' dir='ltr'><strong>dieitur-Euboea,</strong></span> <span class='ocrx_word' id='word_1_30' title='bbox 415 663 445 721; x_wconf 92' lang='lat' dir='ltr'><strong>in</strong></span> <span class='ocrx_word' id='word_1_31' title='bbox 469 677 526 739; x_wconf 89' lang='lat' dir='ltr'><strong>qua</strong></span> <span class='ocrx_word' id='word_1_32' title='bbox 550 658 654 719; x_wconf 88' lang='lat' dir='ltr'><strong>dieunt</strong></span> <span class='ocrx_word' id='word_1_33' title='bbox 675 665 795 719; x_wconf 83' lang='lat' dir='ltr'><strong>veteres</strong></span> <span class='ocrx_word' id='word_1_34' title='bbox 818 654 969 716; x_wconf 85' lang='lat' dir='ltr'><strong>lunonem</strong></span> <span class='ocrx_word' id='word_1_35' title='bbox 991 670 1060 714; x_wconf 87' lang='lat' dir='ltr'><strong>esse</strong></span> <span class='ocrx_word' id='word_1_36' title='bbox 1083 650 1249 723; x_wconf 89' lang='lat' dir='ltr'><strong>edueatam,</strong></span> <span class='ocrx_word' id='word_1_37' title='bbox 1274 656 1306 712; x_wconf 91' lang='lat' dir='ltr'><strong>et</strong></span> 
     </span>
     <span class='ocr_line' id='line_1_6' title="bbox 130 754 1306 833; baseline -0.013 -2"><span class='ocrx_word' id='word_1_38' title='bbox 130 771 183 833; x_wconf 88' lang='lat' dir='ltr'><strong>lilii</strong></span> <span class='ocrx_word' id='word_1_39' title='bbox 205 758 344 832; x_wconf 77' lang='lat' dir='ltr'><strong>Herculis</strong></span> <span class='ocrx_word' id='word_1_40' title='bbox 368 764 569 826; x_wconf 82' lang='lat' dir='ltr'><strong>condiderunt</strong></span> <span class='ocrx_word' id='word_1_41' title='bbox 591 764 622 822; x_wconf 90' lang='lat' dir='ltr'><strong>in</strong></span> <span class='ocrx_word' id='word_1_42' title='bbox 646 778 682 822; x_wconf 89' lang='lat' dir='ltr'><strong>ea</strong></span> <span class='ocrx_word' id='word_1_43' title='bbox 705 762 866 822; x_wconf 84' lang='lat' dir='ltr'><strong>civilatem.</strong></span> <span class='ocrx_word' id='word_1_44' title='bbox 897 756 980 818; x_wconf 87' lang='lat' dir='ltr'><strong>Haec</strong></span> <span class='ocrx_word' id='word_1_45' title='bbox 1001 756 1100 816; x_wconf 88' lang='lat' dir='ltr'><strong>insula</strong></span> <span class='ocrx_word' id='word_1_46' title='bbox 1121 754 1306 816; x_wconf 80' lang='lat' dir='ltr'><strong>fertilissima</strong></span> 
     </span>
     <span class='ocr_line' id='line_1_7' title="bbox 128 858 1304 938; baseline -0.014 -2"><span class='ocrx_word' id='word_1_47' title='bbox 128 872 197 936; x_wconf 79' lang='lat' dir='ltr'><strong>e&#39;sse</strong></span> <span class='ocrx_word' id='word_1_48' title='bbox 214 873 332 935; x_wconf 65' lang='lat' dir='ltr'><strong>‘dieitur</strong></span> <span class='ocrx_word' id='word_1_49' title='bbox 353 870 520 938; x_wconf 82' lang='lat' dir='ltr'><strong>frumento,¹</strong></span> <span class='ocrx_word' id='word_1_50' title='bbox 540 867 608 927; x_wconf 83' lang='lat' dir='ltr'><strong>rino</strong></span> <span class='ocrx_word' id='word_1_51' title='bbox 640 870 671 925; x_wconf 89' lang='lat' dir='ltr'><strong>et</strong></span> <span class='ocrx_word' id='word_1_52' title='bbox 693 864 780 934; x_wconf 90' lang='lat' dir='ltr'><strong>oleo,</strong></span> <span class='ocrx_word' id='word_1_53' title='bbox 805 869 837 922; x_wconf 89' lang='lat' dir='ltr'><strong>et</strong></span> <span class='ocrx_word' id='word_1_54' title='bbox 860 878 896 921; x_wconf 86' lang='grc' dir='ltr'><strong>ιι</strong></span> <span class='ocrx_word' id='word_1_55' title='bbox 918 878 953 920; x_wconf 87' lang='lat' dir='ltr'><strong>ea</strong></span> <span class='ocrx_word' id='word_1_56' title='bbox 970 859 1117 920; x_wconf 87' lang='lat' dir='ltr'><strong>habentur</strong></span> <span class='ocrx_word' id='word_1_57' title='bbox 1132 858 1211 937; x_wconf 86' lang='lat' dir='ltr'><strong>ligna</strong></span> <span class='ocrx_word' id='word_1_58' title='bbox 1236 863 1304 937; x_wconf 85' lang='lat' dir='ltr'><strong>apta</strong></span> 
     </span>
     <span class='ocr_line' id='line_1_8' title="bbox 127 960 1304 1057; baseline -0.014 -18"><span class='ocrx_word' id='word_1_59' title='bbox 127 996 183 1057; x_wconf 90' lang='lat' dir='ltr'><strong>pro</strong></span> <span class='ocrx_word' id='word_1_60' title='bbox 206 979 328 1038; x_wconf 87' lang='lat' dir='ltr'><strong>navium</strong></span> <span class='ocrx_word' id='word_1_61' title='bbox 351 974 487 1043; x_wconf 87' lang='lat' dir='ltr'><strong>labriea,</strong></span> <span class='ocrx_word' id='word_1_62' title='bbox 500 976 532 1055; x_wconf 79' lang='lat' dir='ltr'><strong>et</strong></span> <span class='ocrx_word' id='word_1_63' title='bbox 555 971 591 1030; x_wconf 94' lang='lat' dir='ltr'><strong>ab</strong></span> <span class='ocrx_word' id='word_1_64' title='bbox 616 968 687 1037; x_wconf 85' lang='lat' dir='ltr'><strong>olim</strong></span> <span class='ocrx_word' id='word_1_65' title='bbox 710 960 896 1028; x_wconf 86' lang='lat' dir='ltr'><strong>Venetianae</strong></span> <span class='ocrx_word' id='word_1_66' title='bbox 920 964 1025 1024; x_wconf 89' lang='lat' dir='ltr'><strong>ditioni</strong></span> <span class='ocrx_word' id='word_1_67' title='bbox 1048 961 1193 1039; x_wconf 81' lang='lat' dir='ltr'><strong>subjecta.</strong></span> <span class='ocrx_word' id='word_1_68' title='bbox 1227 962 1304 1024; x_wconf 82' lang='lat' dir='ltr'><strong>Ciui-</strong></span> 
     </span>
     <span class='ocr_line' id='line_1_9' title="bbox 126 1069 1304 1161; baseline -0.011 -19"><span class='ocrx_word' id='word_1_69' title='bbox 126 1089 173 1142; x_wconf 85' lang='lat' dir='ltr'><strong>tas</strong></span> <span class='ocrx_word' id='word_1_70' title='bbox 196 1078 368 1161; x_wconf 81' lang='lat' dir='ltr'><strong>principalis</strong></span> <span class='ocrx_word' id='word_1_71' title='bbox 392 1077 501 1138; x_wconf 88' lang='lat' dir='ltr'><strong>dieitur</strong></span> <span class='ocrx_word' id='word_1_72' title='bbox 524 1074 653 1136; x_wconf 85' lang='lat' dir='ltr'><strong>Calcidis</strong></span> <span class='ocrx_word' id='word_1_73' title='bbox 676 1074 749 1134; x_wconf 86' lang='lat' dir='ltr'><strong>alias</strong></span> <span class='ocrx_word' id='word_1_74' title='bbox 773 1071 899 1144; x_wconf 87' lang='lat' dir='ltr'><strong>Chaltis,</strong></span> <span class='ocrx_word' id='word_1_75' title='bbox 924 1088 1002 1148; x_wconf 90' lang='lat' dir='ltr'><strong>quae</strong></span> <span class='ocrx_word' id='word_1_76' title='bbox 1024 1069 1186 1148; x_wconf 92' lang='lat' dir='ltr'><strong>populosa,</strong></span> <span class='ocrx_word' id='word_1_77' title='bbox 1212 1086 1304 1148; x_wconf 91' lang='lat' dir='ltr'><strong>nego·</strong></span> 
     </span>
     <span class='ocr_line' id='line_1_10' title="bbox 126 1173 1305 1269; baseline -0.012 -23"><span class='ocrx_word' id='word_1_78' title='bbox 126 1188 204 1246; x_wconf 88' lang='lat' dir='ltr'><strong>tioso</strong></span> <span class='ocrx_word' id='word_1_79' title='bbox 232 1191 264 1246; x_wconf 88' lang='grc' dir='ltr'><strong>ιι</strong></span> <span class='ocrx_word' id='word_1_80' title='bbox 286 1182 516 1264; x_wconf 89' lang='lat' dir='ltr'><strong>opulentissima</strong></span> <span class='ocrx_word' id='word_1_81' title='bbox 547 1197 584 1240; x_wconf 86' lang='lat' dir='ltr'><strong>ao</strong></span> <span class='ocrx_word' id='word_1_82' title='bbox 606 1175 902 1269; x_wconf 82' lang='lat' dir='ltr'><strong>munitissimaluit,</strong></span> <span class='ocrx_word' id='word_1_83' title='bbox 948 1173 1036 1234; x_wconf 82' lang='lat' dir='ltr'><strong>Anno</strong></span> <span class='ocrx_word' id='word_1_84' title='bbox 1060 1179 1162 1234; x_wconf 88' lang='lat' dir='ltr'><strong>autem</strong></span> <span class='ocrx_word' id='word_1_85' title='bbox 1184 1173 1305 1235; x_wconf 87' lang='lat' dir='ltr'><strong>Domini</strong></span> 
     </span>
     <span class='ocr_line' id='line_1_11' title="bbox 130 1277 1303 1362; baseline -0.012 -10"><span class='ocrx_word' id='word_1_86' title='bbox 130 1286 210 1352; x_wconf 75' lang='lat'>1471</span> <span class='ocrx_word' id='word_1_87' title='bbox 229 1288 320 1348; x_wconf 86' lang='lat' dir='ltr'><strong>Turul</strong></span> <span class='ocrx_word' id='word_1_88' title='bbox 336 1287 365 1346; x_wconf 90' lang='lat' dir='ltr'><strong>vi</strong></span> <span class='ocrx_word' id='word_1_89' title='bbox 381 1279 496 1362; x_wconf 73' lang='lat' dir='ltr'><strong>Imagna</strong></span> <span class='ocrx_word' id='word_1_90' title='bbox 518 1301 588 1344; x_wconf 90' lang='lat' dir='ltr'><strong>oum</strong></span> <span class='ocrx_word' id='word_1_91' title='bbox 604 1282 697 1345; x_wconf 84' lang='lat' dir='ltr'><strong>multa</strong></span> <span class='ocrx_word' id='word_1_92' title='bbox 712 1279 866 1359; x_wconf 86' lang='lat' dir='ltr'><strong>sanguinis</strong></span> <span class='ocrx_word' id='word_1_93' title='bbox 890 1277 1038 1355; x_wconf 83' lang='lat' dir='ltr'><strong>effusione</strong></span> <span class='ocrx_word' id='word_1_94' title='bbox 1062 1295 1129 1338; x_wconf 85' lang='lat' dir='ltr'><strong>eam</strong></span> <span class='ocrx_word' id='word_1_95' title='bbox 1146 1285 1303 1356; x_wconf 90' lang='lat' dir='ltr'><strong>ceperunt.</strong></span> 
     </span>
     <span class='ocr_line' id='line_1_12' title="bbox 127 1375 1305 1470; baseline -0.009 -17"><span class='ocrx_word' id='word_1_96' title='bbox 127 1393 173 1453; x_wconf 86' lang='lat' dir='ltr'><strong>De</strong></span> <span class='ocrx_word' id='word_1_97' title='bbox 197 1391 283 1469; x_wconf 88' lang='lat' dir='ltr'><strong>eujus</strong></span> <span class='ocrx_word' id='word_1_98' title='bbox 307 1375 445 1470; x_wconf 79' lang='lat' dir='ltr'><strong>euptione</strong></span> <span class='ocrx_word' id='word_1_99' title='bbox 468 1389 499 1448; x_wconf 93' lang='lat' dir='ltr'><strong>in</strong></span> <span class='ocrx_word' id='word_1_100' title='bbox 522 1386 703 1465; x_wconf 81' lang='lat' dir='ltr'><strong>peregrinati</strong></span> <span class='ocrx_word' id='word_1_101' title='bbox 719 1384 896 1446; x_wconf 88' lang='lat' dir='ltr'><strong>venerabilis</strong></span> <span class='ocrx_word' id='word_1_102' title='bbox 912 1381 1025 1443; x_wconf 89' lang='lat' dir='ltr'><strong>domiui</strong></span> <span class='ocrx_word' id='word_1_103' title='bbox 1042 1382 1080 1443; x_wconf 88' lang='lat' dir='ltr'><strong>de</strong></span> <span class='ocrx_word' id='word_1_104' title='bbox 1096 1382 1305 1456; x_wconf 86' lang='lat' dir='ltr'><strong>Braitenbaeh‚</strong></span> 
     </span>
     <span class='ocr_line' id='line_1_13' title="bbox 127 1486 1305 1572; baseline -0.008 -14"><span class='ocrx_word' id='word_1_105' title='bbox 127 1497 235 1559; x_wconf 83' lang='lat' dir='ltr'><strong>decani</strong></span> <span class='ocrx_word' id='word_1_106' title='bbox 256 1495 446 1572; x_wconf 85' lang='lat' dir='ltr'><strong>hloguntini,</strong></span> <span class='ocrx_word' id='word_1_107' title='bbox 474 1486 529 1570; x_wconf 78' lang='lat' dir='ltr'><strong>(b)</strong></span> <span class='ocrx_word' id='word_1_108' title='bbox 553 1489 643 1567; x_wconf 90' lang='lat' dir='ltr'><strong>longa</strong></span> <span class='ocrx_word' id='word_1_109' title='bbox 665 1496 696 1548; x_wconf 91' lang='lat' dir='ltr'><strong>et</strong></span> <span class='ocrx_word' id='word_1_110' title='bbox 719 1486 917 1560; x_wconf 86' lang='lat' dir='ltr'><strong>lamentabilis</strong></span> <span class='ocrx_word' id='word_1_111' title='bbox 946 1487 1072 1548; x_wconf 88' lang='lat' dir='ltr'><strong>habetur</strong></span> <span class='ocrx_word' id='word_1_112' title='bbox 1100 1488 1240 1558; x_wconf 91' lang='lat' dir='ltr'><strong>historia,</strong></span> <span class='ocrx_word' id='word_1_113' title='bbox 1275 1493 1305 1549; x_wconf 88' lang='lat' dir='ltr'><strong>et</strong></span> 
     </span>
     <span class='ocr_line' id='line_1_14' title="bbox 130 1572 1206 1672; baseline -0.008 -11"><span class='ocrx_word' id='word_1_114' title='bbox 130 1601 192 1662; x_wconf 87' lang='lat' dir='ltr'><strong>de&#39;</strong></span> <span class='ocrx_word' id='word_1_115' title='bbox 184 1600 400 1661; x_wconf 79' lang='lat' dir='ltr'><strong>immanissima</strong></span> <span class='ocrx_word' id='word_1_116' title='bbox 416 1585 596 1656; x_wconf 80' lang='lat' dir='ltr'><strong>erudelitate</strong></span> <span class='ocrx_word' id='word_1_117' title='bbox 609 1595 650 1654; x_wconf 92' lang='lat' dir='ltr'><strong>ibi</strong></span> <span class='ocrx_word' id='word_1_118' title='bbox 666 1610 722 1672; x_wconf 89' lang='lat' dir='ltr'><strong>per</strong></span> <span class='ocrx_word' id='word_1_119' title='bbox 733 1572 848 1652; x_wconf 81' lang='lat' dir='ltr'><strong>Turoos</strong></span> <span class='ocrx_word' id='word_1_120' title='bbox 864 1590 965 1652; x_wconf 83' lang='lat' dir='ltr'><strong>faeta</strong></span> <span class='ocrx_word' id='word_1_121' title='bbox 956 1609 987 1651; x_wconf 94' lang='grc' dir='ltr'><strong>ιιι</strong></span> <span class='ocrx_word' id='word_1_122' title='bbox 1005 1591 1206 1653; x_wconf 83' lang='lat' dir='ltr'><strong>Christianos.</strong></span> 
     </span>
    </p>

    <p class='ocr_par' dir='ltr' id='par_1_3' title="bbox 126 1697 1305 2087">
     <span class='ocr_line' id='line_1_15' title="bbox 135 1697 1304 1810; baseline -0.003 -47"><span class='ocrx_word' id='word_1_123' title='bbox 135 1739 139 1743; x_wconf 95' lang='lat'><em>-</em></span> <span class='ocrx_word' id='word_1_124' title='bbox 218 1702 446 1781; x_wconf 72' lang='lat' dir='ltr'><strong>Consequentur</strong></span> <span class='ocrx_word' id='word_1_125' title='bbox 468 1716 499 1758; x_wconf 89' lang='lat' dir='ltr'><strong>a</strong></span> <span class='ocrx_word' id='word_1_126' title='bbox 508 1698 695 1778; x_wconf 84' lang='lat' dir='ltr'><strong>Nigroponto</strong></span> <span class='ocrx_word' id='word_1_127' title='bbox 719 1698 837 1775; x_wconf 87' lang='lat' dir='ltr'><strong>navigio</strong></span> <span class='ocrx_word' id='word_1_128' title='bbox 860 1697 993 1757; x_wconf 88' lang='lat' dir='ltr'><strong>venitur</strong></span> <span class='ocrx_word' id='word_1_129' title='bbox 999 1697 1030 1756; x_wconf 93' lang='lat' dir='ltr'><strong>in</strong></span> <span class='ocrx_word' id='word_1_130' title='bbox 1053 1699 1136 1759; x_wconf 89' lang='lat' dir='ltr'><strong>brevi</strong></span> <span class='ocrx_word' id='word_1_131' title='bbox 1152 1700 1304 1810; x_wconf 90' lang='lat' dir='ltr'><strong>temporis</strong></span> 
     </span>
     <span class='ocr_line' id='line_1_16' title="bbox 128 1768 1305 1887; baseline -0.004 -18"><span class='ocrx_word' id='word_1_132' title='bbox 128 1809 257 1887; x_wconf 92' lang='lat' dir='ltr'><strong>spatio</strong></span> <span class='ocrx_word' id='word_1_133' title='bbox 249 1825 279 1867; x_wconf 93' lang='lat' dir='ltr'><strong>m</strong></span> <span class='ocrx_word' id='word_1_134' title='bbox 301 1805 533 1882; x_wconf 80' lang='lat' dir='ltr'><strong>Hellespontum</strong></span> <span class='ocrx_word' id='word_1_135' title='bbox 557 1819 574 1864; x_wconf 86' lang='lat' dir='ltr'><strong>a</strong></span> <span class='ocrx_word' id='word_1_136' title='bbox 596 1803 672 1863; x_wconf 89' lang='lat' dir='ltr'><strong>mari</strong></span> <span class='ocrx_word' id='word_1_137' title='bbox 688 1800 815 1879; x_wconf 83' lang='lat' dir='ltr'><strong>Aegeo,</strong></span> <span class='ocrx_word' id='word_1_138' title='bbox 843 1802 895 1862; x_wconf 90' lang='lat' dir='ltr'><strong>ubi</strong></span> <span class='ocrx_word' id='word_1_139' title='bbox 919 1818 1001 1861; x_wconf 91' lang='lat' dir='ltr'><strong>mare</strong></span> <span class='ocrx_word' id='word_1_140' title='bbox 1024 1802 1057 1861; x_wconf 92' lang='lat' dir='ltr'><strong>in</strong></span> <span class='ocrx_word' id='word_1_141' title='bbox 1079 1768 1232 1880; x_wconf 86' lang='lat' dir='ltr'><strong>augustias</strong></span> <span class='ocrx_word' id='word_1_142' title='bbox 1254 1800 1305 1864; x_wconf 88' lang='lat' dir='ltr'><strong>VH</strong></span> 
     </span>
     <span class='ocr_line' id='line_1_17' title="bbox 126 1903 1303 2002; baseline -0.005 -28"><span class='ocrx_word' id='word_1_143' title='bbox 126 1911 298 1988; x_wconf 85' lang='lat' dir='ltr'><strong>stadiorum</strong></span> <span class='ocrx_word' id='word_1_144' title='bbox 312 1908 544 1986; x_wconf 73' lang='lat' dir='ltr'><strong>constringitur,</strong></span> <span class='ocrx_word' id='word_1_145' title='bbox 578 1908 608 1967; x_wconf 92' lang='lat' dir='ltr'><strong>in</strong></span> <span class='ocrx_word' id='word_1_146' title='bbox 633 1923 693 1984; x_wconf 88' lang='lat' dir='ltr'><strong>quo</strong></span> <span class='ocrx_word' id='word_1_147' title='bbox 717 1907 822 1985; x_wconf 90' lang='lat' dir='ltr'><strong>stricto</strong></span> <span class='ocrx_word' id='word_1_148' title='bbox 845 1903 947 1975; x_wconf 83' lang='lat' dir='ltr'><strong>Helie,</strong></span> <span class='ocrx_word' id='word_1_149' title='bbox 967 1923 1066 2002; x_wconf 81' lang='lat' dir='ltr'><strong>soror</strong></span> <span class='ocrx_word' id='word_1_150' title='bbox 1087 1904 1201 1978; x_wconf 83' lang='lat' dir='ltr'><strong>Phrixi,</strong></span> <span class='ocrx_word' id='word_1_151' title='bbox 1232 1907 1303 1968; x_wconf 88' lang='lat' dir='ltr'><strong>sub-</strong></span> 
     </span>
     <span class='ocr_line' id='line_1_18' title="bbox 127 2005 1143 2087; baseline -0.006 -11"><span class='ocrx_word' id='word_1_152' title='bbox 127 2033 228 2076; x_wconf 89' lang='lat' dir='ltr'><strong>mersa</strong></span> <span class='ocrx_word' id='word_1_153' title='bbox 250 2031 361 2075; x_wconf 92' lang='lat' dir='ltr'><strong>nomen</strong></span> <span class='ocrx_word' id='word_1_154' title='bbox 385 2014 461 2072; x_wconf 91' lang='lat' dir='ltr'><strong>mari</strong></span> <span class='ocrx_word' id='word_1_155' title='bbox 482 2009 582 2081; x_wconf 89' lang='lat' dir='ltr'><strong>dedit,</strong></span> <span class='ocrx_word' id='word_1_156' title='bbox 606 2016 638 2070; x_wconf 91' lang='lat' dir='ltr'><strong>ut</strong></span> <span class='ocrx_word' id='word_1_157' title='bbox 661 2027 752 2087; x_wconf 88' lang='lat' dir='ltr'><strong>supra</strong></span> <span class='ocrx_word' id='word_1_158' title='bbox 775 2009 834 2069; x_wconf 88' lang='lat' dir='ltr'><strong>dixi</strong></span> <span class='ocrx_word' id='word_1_159' title='bbox 855 2008 917 2071; x_wconf 83' lang='lat' dir='ltr'><strong>Ful.</strong></span> <span class='ocrx_word' id='word_1_160' title='bbox 941 2005 994 2072; x_wconf 85' lang='grc'><strong>45.</strong></span> <span class='ocrx_word' id='word_1_161' title='bbox 1141 2016 1143 2019; x_wconf 83' lang='grc'><strong>’</strong></span> 
     </span>
    </p>

    <p class='ocr_par' dir='ltr' id='par_1_4' title="bbox 123 2112 1306 3964">
     <span class='ocr_line' id='line_1_19' title="bbox 163 2112 1304 2197; baseline -0.002 -18"><span class='ocrx_word' id='word_1_162' title='bbox 163 2128 170 2141; x_wconf 85' lang='lat'><em>&#39;</em></span> <span class='ocrx_word' id='word_1_163' title='bbox 212 2118 340 2197; x_wconf 88' lang='lat' dir='ltr'><strong>lnsuper</strong></span> <span class='ocrx_word' id='word_1_164' title='bbox 355 2117 470 2178; x_wconf 81' lang='lat' dir='ltr'><strong>Xerxes</strong></span> <span class='ocrx_word' id='word_1_165' title='bbox 493 2132 545 2175; x_wconf 88' lang='lat' dir='ltr'><strong>rer</strong></span> <span class='ocrx_word' id='word_1_166' title='bbox 562 2112 723 2175; x_wconf 87' lang='lat' dir='ltr'><strong>Persarum</strong></span> <span class='ocrx_word' id='word_1_167' title='bbox 746 2120 839 2193; x_wconf 89' lang='lat' dir='ltr'><strong>ponte</strong></span> <span class='ocrx_word' id='word_1_168' title='bbox 861 2113 898 2174; x_wconf 89' lang='lat' dir='ltr'><strong>de</strong></span> <span class='ocrx_word' id='word_1_169' title='bbox 922 2115 1046 2175; x_wconf 74' lang='lat' dir='ltr'><strong>natibus</strong></span> <span class='ocrx_word' id='word_1_170' title='bbox 1068 2117 1109 2176; x_wconf 92' lang='lat' dir='ltr'><strong>ibi</strong></span> <span class='ocrx_word' id='word_1_171' title='bbox 1133 2115 1211 2176; x_wconf 86' lang='lat' dir='ltr'><strong>lauto</strong></span> <span class='ocrx_word' id='word_1_172' title='bbox 1235 2131 1304 2177; x_wconf 87' lang='lat' dir='ltr'><strong>uum</strong></span> 
     </span>
     <span class='ocr_line' id='line_1_20' title="bbox 125 2217 1306 2297; baseline -0.004 -11"><span class='ocrx_word' id='word_1_173' title='bbox 125 2222 335 2292; x_wconf 81' lang='lat' dir='ltr'><strong>innumerabili</strong></span> <span class='ocrx_word' id='word_1_174' title='bbox 358 2221 491 2282; x_wconf 87' lang='lat' dir='ltr'><strong>exercitu</strong></span> <span class='ocrx_word' id='word_1_175' title='bbox 514 2220 663 2281; x_wconf 84' lang='lat' dir='ltr'><strong>transivit,</strong></span> <span class='ocrx_word' id='word_1_176' title='bbox 707 2217 837 2278; x_wconf 81' lang='lat' dir='ltr'><strong>Domum</strong></span> <span class='ocrx_word' id='word_1_177' title='bbox 860 2219 970 2279; x_wconf 90' lang='lat' dir='ltr'><strong>iterum</strong></span> <span class='ocrx_word' id='word_1_178' title='bbox 1005 2236 1080 2297; x_wconf 89' lang='lat' dir='ltr'><strong>aqua</strong></span> <span class='ocrx_word' id='word_1_179' title='bbox 1103 2218 1243 2281; x_wconf 89' lang='lat' dir='ltr'><strong>dilatatur</strong></span> <span class='ocrx_word' id='word_1_180' title='bbox 1273 2227 1306 2281; x_wconf 89' lang='lat' dir='ltr'><strong>et</strong></span> 
     </span>
     <span class='ocr_line' id='line_1_21' title="bbox 125 2320 1304 2405; baseline 0 -18"><span class='ocrx_word' id='word_1_181' title='bbox 125 2327 198 2388; x_wconf 85' lang='lat' dir='ltr'><strong>lauit</strong></span> <span class='ocrx_word' id='word_1_182' title='bbox 219 2323 447 2404; x_wconf 87' lang='lat' dir='ltr'><strong>Propontidem,</strong></span> <span class='ocrx_word' id='word_1_183' title='bbox 481 2325 512 2382; x_wconf 91' lang='lat' dir='ltr'><strong>in</strong></span> <span class='ocrx_word' id='word_1_184' title='bbox 534 2320 625 2401; x_wconf 75' lang='lat' dir='ltr'><strong>quein</strong></span> <span class='ocrx_word' id='word_1_185' title='bbox 638 2400 641 2405; x_wconf 18' lang='grc' dir='ltr'>Ι</span> <span class='ocrx_word' id='word_1_186' title='bbox 654 2341 691 2384; x_wconf 88' lang='lat' dir='ltr'><strong>ex</strong></span> <span class='ocrx_word' id='word_1_187' title='bbox 713 2322 910 2400; x_wconf 86' lang='lat' dir='ltr'><strong>Hellesponto</strong></span> <span class='ocrx_word' id='word_1_188' title='bbox 939 2341 1030 2384; x_wconf 89' lang='lat' dir='ltr'><strong>naves</strong></span> <span class='ocrx_word' id='word_1_189' title='bbox 1054 2323 1234 2397; x_wconf 84' lang='lat' dir='ltr'><strong>decurrunt,</strong></span> <span class='ocrx_word' id='word_1_190' title='bbox 1266 2326 1304 2387; x_wconf 89' lang='lat' dir='ltr'><strong>de</strong></span> 
     </span>
     <span class='ocr_line' id='line_1_22' title="bbox 127 2410 1304 2512; baseline 0.001 -22"><span class='ocrx_word' id='word_1_191' title='bbox 127 2431 197 2490; x_wconf 90' lang='lat' dir='ltr'><strong>hine</strong></span> <span class='ocrx_word' id='word_1_192' title='bbox 221 2436 324 2490; x_wconf 87' lang='lat' dir='ltr'><strong>eontra</strong></span> <span class='ocrx_word' id='word_1_193' title='bbox 347 2429 598 2506; x_wconf 87' lang='lat' dir='ltr'><strong>septemtrionem</strong></span> <span class='ocrx_word' id='word_1_194' title='bbox 620 2429 730 2512; x_wconf 91' lang='lat' dir='ltr'><strong>iterum</strong></span> <span class='ocrx_word' id='word_1_195' title='bbox 745 2435 915 2488; x_wconf 80' lang='lat' dir='ltr'><strong>coaretatur</strong></span> <span class='ocrx_word' id='word_1_196' title='bbox 931 2410 1144 2506; x_wconf 88' lang='lat' dir='ltr'><strong>quinquaginta</strong></span> <span class='ocrx_word' id='word_1_197' title='bbox 1166 2431 1304 2507; x_wconf 89' lang='lat' dir='ltr'><strong>passibus</strong></span> 
     </span>
     <span class='ocr_line' id='line_1_23' title="bbox 123 2532 1305 2613; baseline 0.003 -21"><span class='ocrx_word' id='word_1_198' title='bbox 123 2533 208 2610; x_wconf 84' lang='lat' dir='ltr'><strong>juxta</strong></span> <span class='ocrx_word' id='word_1_199' title='bbox 232 2532 337 2593; x_wconf 90' lang='lat' dir='ltr'><strong>urbem</strong></span> <span class='ocrx_word' id='word_1_200' title='bbox 360 2532 740 2611; x_wconf 87' lang='lat' dir='ltr'><strong>Constantinopolitanam,</strong></span> <span class='ocrx_word' id='word_1_201' title='bbox 772 2539 802 2593; x_wconf 92' lang='grc' dir='ltr'><strong>ιι</strong></span> <span class='ocrx_word' id='word_1_202' title='bbox 827 2551 881 2612; x_wconf 92' lang='lat' dir='ltr'><strong>per</strong></span> <span class='ocrx_word' id='word_1_203' title='bbox 913 2532 1018 2610; x_wconf 91' lang='lat' dir='ltr'><strong>longas</strong></span> <span class='ocrx_word' id='word_1_204' title='bbox 1041 2537 1193 2613; x_wconf 88' lang='lat' dir='ltr'><strong>angustias</strong></span> <span class='ocrx_word' id='word_1_205' title='bbox 1219 2534 1305 2611; x_wconf 85' lang='lat' dir='ltr'><strong>juxta</strong></span> 
     </span>
     <span class='ocr_line' id='line_1_24' title="bbox 127 2635 1304 2717; baseline 0.001 -17"><span class='ocrx_word' id='word_1_206' title='bbox 127 2635 347 2709; x_wconf 79' lang='lat' dir='ltr'><strong>Theodosium,</strong></span> <span class='ocrx_word' id='word_1_207' title='bbox 372 2654 450 2715; x_wconf 88' lang='lat' dir='ltr'><strong>quae</strong></span> <span class='ocrx_word' id='word_1_208' title='bbox 471 2636 546 2697; x_wconf 85' lang='lat' dir='ltr'><strong>¹alias</strong></span> <span class='ocrx_word' id='word_1_209' title='bbox 569 2636 677 2698; x_wconf 89' lang='lat' dir='ltr'><strong>dieitur</strong></span> <span class='ocrx_word' id='word_1_210' title='bbox 693 2637 809 2716; x_wconf 89' lang='lat' dir='ltr'><strong>Capha,</strong></span> <span class='ocrx_word' id='word_1_211' title='bbox 831 2636 945 2698; x_wconf 85' lang='lat' dir='ltr'><strong>Euxino</strong></span> <span class='ocrx_word' id='word_1_212' title='bbox 970 2639 1045 2697; x_wconf 89' lang='lat' dir='ltr'><strong>mari</strong></span> <span class='ocrx_word' id='word_1_213' title='bbox 1066 2636 1210 2717; x_wconf 89' lang='lat' dir='ltr'><strong>jungitur.</strong></span> <span class='ocrx_word' id='word_1_214' title='bbox 1241 2639 1304 2702; x_wconf 89' lang='lat' dir='ltr'><strong>Has</strong></span> 
     </span>
     <span class='ocr_line' id='line_1_25' title="bbox 127 2727 1303 2820; baseline 0.003 -18"><span class='ocrx_word' id='word_1_215' title='bbox 127 2749 228 2802; x_wconf 89' lang='lat' dir='ltr'><strong>autem</strong></span> <span class='ocrx_word' id='word_1_216' title='bbox 252 2742 404 2820; x_wconf 89' lang='lat' dir='ltr'><strong>angustias</strong></span> <span class='ocrx_word' id='word_1_217' title='bbox 428 2727 583 2801; x_wconf 81' lang='lat' dir='ltr'><strong>nommant</strong></span> <span class='ocrx_word' id='word_1_218' title='bbox 604 2742 730 2802; x_wconf 84' lang='lat' dir='ltr'><strong>bueoam</strong></span> <span class='ocrx_word' id='word_1_219' title='bbox 754 2743 1124 2820; x_wconf 87' lang='lat' dir='ltr'><strong>constantinopolitanam,</strong></span> <span class='ocrx_word' id='word_1_220' title='bbox 1158 2744 1207 2805; x_wconf 84' lang='lat' dir='ltr'><strong>vel</strong></span> <span class='ocrx_word' id='word_1_221' title='bbox 1236 2746 1303 2806; x_wconf 90' lang='lat' dir='ltr'><strong>bra·</strong></span> 
     </span>
     <span class='ocr_line' id='line_1_26' title="bbox 127 2844 1304 2927; baseline 0.001 -19"><span class='ocrx_word' id='word_1_222' title='bbox 127 2848 228 2908; x_wconf 88' lang='lat' dir='ltr'><strong>chium</strong></span> <span class='ocrx_word' id='word_1_223' title='bbox 252 2847 282 2907; x_wconf 89' lang='lat' dir='ltr'><strong>S.</strong></span> <span class='ocrx_word' id='word_1_224' title='bbox 306 2847 423 2918; x_wconf 88' lang='lat' dir='ltr'><strong>Georii,</strong></span> <span class='ocrx_word' id='word_1_225' title='bbox 445 2863 501 2927; x_wconf 90' lang='lat' dir='ltr'><strong>per</strong></span> <span class='ocrx_word' id='word_1_226' title='bbox 523 2844 637 2924; x_wconf 89' lang='lat' dir='ltr'><strong>quoda</strong></span> <span class='ocrx_word' id='word_1_227' title='bbox 653 2846 912 2924; x_wconf 88' lang='lat' dir='ltr'><strong>Constantinopoli</strong></span> <span class='ocrx_word' id='word_1_228' title='bbox 934 2854 982 2907; x_wconf 88' lang='lat' dir='ltr'><strong>est</strong></span> <span class='ocrx_word' id='word_1_229' title='bbox 997 2846 1163 2908; x_wconf 84' lang='lat' dir='ltr'><strong>descensus</strong></span> <span class='ocrx_word' id='word_1_230' title='bbox 1185 2849 1215 2909; x_wconf 93' lang='lat' dir='ltr'><strong>iu</strong></span> <span class='ocrx_word' id='word_1_231' title='bbox 1229 2867 1304 2927; x_wconf 92' lang='lat' dir='ltr'><strong>pon·</strong></span> 
     </span>
     <span class='ocr_line' id='line_1_27' title="bbox 126 2951 1303 3033; baseline 0 -21"><span class='ocrx_word' id='word_1_232' title='bbox 126 2958 192 3012; x_wconf 90' lang='lat' dir='ltr'><strong>tum</strong></span> <span class='ocrx_word' id='word_1_233' title='bbox 206 2951 362 3021; x_wconf 82' lang='lat' dir='ltr'><strong>Euxinum,</strong></span> <span class='ocrx_word' id='word_1_234' title='bbox 387 2952 418 3011; x_wconf 93' lang='lat' dir='ltr'><strong>in</strong></span> <span class='ocrx_word' id='word_1_235' title='bbox 442 2967 532 3027; x_wconf 88' lang='lat' dir='ltr'><strong>quem</strong></span> <span class='ocrx_word' id='word_1_236' title='bbox 555 2958 682 3031; x_wconf 91' lang='lat' dir='ltr'><strong>pontum</strong></span> <span class='ocrx_word' id='word_1_237' title='bbox 699 2967 715 3010; x_wconf 89' lang='lat' dir='ltr'><strong>a</strong></span> <span class='ocrx_word' id='word_1_238' title='bbox 731 2953 948 3030; x_wconf 86' lang='lat' dir='ltr'><strong>septemtrione</strong></span> <span class='ocrx_word' id='word_1_239' title='bbox 966 2951 1130 3015; x_wconf 85' lang='lat' dir='ltr'><strong>decurrunt</strong></span> <span class='ocrx_word' id='word_1_240' title='bbox 1145 2954 1303 3033; x_wconf 80' lang='lat' dir='ltr'><strong>perstriu-</strong></span> 
     </span>
     <span class='ocr_line' id='line_1_28' title="bbox 125 3051 1304 3136; baseline 0 -20"><span class='ocrx_word' id='word_1_241' title='bbox 125 3061 191 3116; x_wconf 88' lang='lat' dir='ltr'><strong>tum</strong></span> <span class='ocrx_word' id='word_1_242' title='bbox 215 3054 378 3115; x_wconf 86' lang='lat' dir='ltr'><strong>Cimerium</strong></span> <span class='ocrx_word' id='word_1_243' title='bbox 401 3070 497 3131; x_wconf 88' lang='lat' dir='ltr'><strong>aquae</strong></span> <span class='ocrx_word' id='word_1_244' title='bbox 520 3053 740 3132; x_wconf 76' lang='lat' dir='ltr'><strong>depaludibus</strong></span> <span class='ocrx_word' id='word_1_245' title='bbox 765 3051 942 3126; x_wconf 87' lang='lat' dir='ltr'><strong>Maeotidis,</strong></span> <span class='ocrx_word' id='word_1_246' title='bbox 976 3072 1053 3134; x_wconf 86' lang='lat' dir='ltr'><strong>quae</strong></span> <span class='ocrx_word' id='word_1_247' title='bbox 1084 3064 1304 3136; x_wconf 79' lang='lat' dir='ltr'><strong>congregantur</strong></span> 
     </span>
     <span class='ocr_line' id='line_1_29' title="bbox 127 3154 1303 3238; baseline 0.001 -19"><span class='ocrx_word' id='word_1_248' title='bbox 127 3156 280 3219; x_wconf 85' lang='lat' dir='ltr'><strong>defluvio</strong></span> <span class='ocrx_word' id='word_1_249' title='bbox 304 3156 396 3218; x_wconf 90' lang='lat' dir='ltr'><strong>Tanai</strong></span> <span class='ocrx_word' id='word_1_250' title='bbox 419 3163 451 3218; x_wconf 89' lang='lat' dir='ltr'><strong>et</strong></span> <span class='ocrx_word' id='word_1_251' title='bbox 473 3157 538 3218; x_wconf 83' lang='lat' dir='ltr'><strong>aliib</strong></span> <span class='ocrx_word' id='word_1_252' title='bbox 562 3154 735 3218; x_wconf 87' lang='lat' dir='ltr'><strong>fluminibus</strong></span> <span class='ocrx_word' id='word_1_253' title='bbox 767 3176 805 3219; x_wconf 86' lang='lat' dir='ltr'><strong>ex</strong></span> <span class='ocrx_word' id='word_1_254' title='bbox 832 3159 1028 3238; x_wconf 80' lang='lat' dir='ltr'><strong>hyperboreis</strong></span> <span class='ocrx_word' id='word_1_255' title='bbox 1056 3163 1208 3223; x_wconf 90' lang='lat' dir='ltr'><strong>montibus</strong></span> <span class='ocrx_word' id='word_1_256' title='bbox 1231 3178 1303 3221; x_wconf 87' lang='lat' dir='ltr'><strong>eon·</strong></span> 
     </span>
     <span class='ocr_line' id='line_1_30' title="bbox 128 3260 1303 3343; baseline 0.001 -21"><span class='ocrx_word' id='word_1_257' title='bbox 128 3263 341 3323; x_wconf 80' lang='lat' dir='ltr'><strong>currentibus·</strong></span> <span class='ocrx_word' id='word_1_258' title='bbox 361 3263 412 3322; x_wconf 87' lang='lat' dir='ltr'><strong>Sto</strong></span> <span class='ocrx_word' id='word_1_259' title='bbox 435 3279 509 3339; x_wconf 85' lang='lat' dir='ltr'><strong>ergo</strong></span> <span class='ocrx_word' id='word_1_260' title='bbox 534 3260 642 3322; x_wconf 90' lang='lat' dir='ltr'><strong>lluvius</strong></span> <span class='ocrx_word' id='word_1_261' title='bbox 666 3260 775 3323; x_wconf 88' lang='lat' dir='ltr'><strong>Tanais</strong></span> <span class='ocrx_word' id='word_1_262' title='bbox 800 3261 837 3323; x_wconf 92' lang='lat' dir='ltr'><strong>de</strong></span> <span class='ocrx_word' id='word_1_263' title='bbox 862 3264 1012 3332; x_wconf 88' lang='lat' dir='ltr'><strong>montibus</strong></span> <span class='ocrx_word' id='word_1_264' title='bbox 1028 3264 1190 3343; x_wconf 82' lang='lat' dir='ltr'><strong>praedietis</strong></span> <span class='ocrx_word' id='word_1_265' title='bbox 1212 3264 1303 3342; x_wconf 91' lang='lat' dir='ltr'><strong>longo</strong></span> 
     </span>
     <span class='ocr_line' id='line_1_31' title="bbox 127 3352 1304 3455; baseline 0.001 -29"><span class='ocrx_word' id='word_1_266' title='bbox 127 3368 247 3437; x_wconf 85' lang='lat' dir='ltr'><strong>tramite</strong></span> <span class='ocrx_word' id='word_1_267' title='bbox 286 3364 453 3455; x_wconf 84' lang='lat' dir='ltr'><strong>decurrens</strong></span> <span class='ocrx_word' id='word_1_268' title='bbox 476 3361 655 3426; x_wconf 84' lang='lat' dir='ltr'><strong>Maeotidos</strong></span> <span class='ocrx_word' id='word_1_269' title='bbox 696 3352 786 3445; x_wconf 85' lang='lat' dir='ltr'><strong>auget</strong></span> <span class='ocrx_word' id='word_1_270' title='bbox 817 3366 959 3444; x_wconf 88' lang='lat' dir='ltr'><strong>paludes,</strong></span> <span class='ocrx_word' id='word_1_271' title='bbox 997 3384 1123 3445; x_wconf 86' lang='lat' dir='ltr'><strong>quarum</strong></span> <span class='ocrx_word' id='word_1_272' title='bbox 1155 3369 1304 3428; x_wconf 87' lang='lat' dir='ltr'><strong>immensa</strong></span> 
     </span>
     <span class='ocr_line' id='line_1_32' title="bbox 127 3466 1302 3550; baseline 0.001 -21"><span class='ocrx_word' id='word_1_273' title='bbox 127 3469 287 3531; x_wconf 85' lang='lat' dir='ltr'><strong>exundatio</strong></span> <span class='ocrx_word' id='word_1_274' title='bbox 308 3467 391 3544; x_wconf 88' lang='lat' dir='ltr'><strong>juxta</strong></span> <span class='ocrx_word' id='word_1_275' title='bbox 407 3466 609 3534; x_wconf 79' lang='lat' dir='ltr'><strong>Theodosium</strong></span> <span class='ocrx_word' id='word_1_276' title='bbox 621 3469 729 3531; x_wconf 90' lang='lat' dir='ltr'><strong>urbem</strong></span> <span class='ocrx_word' id='word_1_277' title='bbox 745 3469 892 3529; x_wconf 83' lang='lat' dir='ltr'><strong>liuxinum</strong></span> <span class='ocrx_word' id='word_1_278' title='bbox 905 3476 1030 3548; x_wconf 92' lang='lat' dir='ltr'><strong>pontum</strong></span> <span class='ocrx_word' id='word_1_279' title='bbox 1047 3472 1106 3532; x_wconf 90' lang='lat' dir='ltr'><strong>late</strong></span> <span class='ocrx_word' id='word_1_280' title='bbox 1120 3470 1302 3550; x_wconf 87' lang='lat' dir='ltr'><strong>ingreditur;</strong></span> 
     </span>
     <span class='ocr_line' id='line_1_33' title="bbox 126 3568 1302 3656; baseline 0.003 -23"><span class='ocrx_word' id='word_1_281' title='bbox 126 3572 197 3634; x_wconf 89' lang='lat' dir='ltr'><strong>inde</strong></span> <span class='ocrx_word' id='word_1_282' title='bbox 209 3571 294 3650; x_wconf 85' lang='lat' dir='ltr'><strong>juxta</strong></span> <span class='ocrx_word' id='word_1_283' title='bbox 309 3568 598 3648; x_wconf 86' lang='lat' dir='ltr'><strong>Constantinopolim</strong></span> <span class='ocrx_word' id='word_1_284' title='bbox 618 3573 708 3651; x_wconf 83' lang='lat' dir='ltr'><strong>longe</strong></span> <span class='ocrx_word' id='word_1_285' title='bbox 731 3574 911 3633; x_wconf 87' lang='lat' dir='ltr'><strong>emittuntur</strong></span> <span class='ocrx_word' id='word_1_286' title='bbox 934 3575 1105 3652; x_wconf 86' lang='lat' dir='ltr'><strong>angustiae,</strong></span> <span class='ocrx_word' id='word_1_287' title='bbox 1129 3573 1227 3636; x_wconf 85' lang='lat' dir='ltr'><strong>donec</strong></span> <span class='ocrx_word' id='word_1_288' title='bbox 1250 3592 1302 3656; x_wconf 87' lang='lat' dir='ltr'><strong>eas</strong></span> 
     </span>
     <span class='ocr_line' id='line_1_34' title="bbox 128 3675 1304 3758; baseline 0.004 -20"><span class='ocrx_word' id='word_1_289' title='bbox 128 3695 213 3739; x_wconf 89' lang='lat' dir='ltr'><strong>mare</strong></span> <span class='ocrx_word' id='word_1_290' title='bbox 245 3684 380 3736; x_wconf 89' lang='lat' dir='ltr'><strong>nostrum</strong></span> <span class='ocrx_word' id='word_1_291' title='bbox 410 3675 556 3752; x_wconf 81' lang='lat' dir='ltr'><strong>excipiat3</strong></span> <span class='ocrx_word' id='word_1_292' title='bbox 585 3676 621 3736; x_wconf 81' lang='grc' dir='ltr'><strong>ἰι</strong></span> <span class='ocrx_word' id='word_1_293' title='bbox 642 3678 700 3737; x_wconf 90' lang='lat' dir='ltr'><strong>ista</strong></span> <span class='ocrx_word' id='word_1_294' title='bbox 732 3675 886 3755; x_wconf 84' lang='lat' dir='ltr'><strong>praedicta</strong></span> <span class='ocrx_word' id='word_1_295' title='bbox 914 3677 993 3737; x_wconf 86' lang='lat' dir='ltr'><strong>linea</strong></span> <span class='ocrx_word' id='word_1_296' title='bbox 1025 3676 1127 3739; x_wconf 87' lang='lat' dir='ltr'><strong>dividit</strong></span> <span class='ocrx_word' id='word_1_297' title='bbox 1154 3679 1304 3758; x_wconf 86' lang='lat' dir='ltr'><strong>Europum</strong></span> 
     </span>
     <span class='ocr_line' id='line_1_35' title="bbox 129 3777 1302 3862; baseline 0.003 -20"><span class='ocrx_word' id='word_1_298' title='bbox 129 3781 166 3842; x_wconf 85' lang='lat' dir='ltr'><strong>ab</strong></span> <span class='ocrx_word' id='word_1_299' title='bbox 187 3779 273 3852; x_wconf 80' lang='lat' dir='ltr'><strong>Asia,</strong></span> <span class='ocrx_word' id='word_1_300' title='bbox 297 3781 374 3840; x_wconf 90' lang='lat' dir='ltr'><strong>siout</strong></span> <span class='ocrx_word' id='word_1_301' title='bbox 398 3780 536 3839; x_wconf 84' lang='lat' dir='ltr'><strong>strictum</strong></span> <span class='ocrx_word' id='word_1_302' title='bbox 558 3777 627 3839; x_wconf 89' lang='lat' dir='ltr'><strong>freti</strong></span> <span class='ocrx_word' id='word_1_303' title='bbox 652 3779 790 3840; x_wconf 81' lang='lat' dir='ltr'><strong>Herculis</strong></span> <span class='ocrx_word' id='word_1_304' title='bbox 813 3779 918 3842; x_wconf 86' lang='lat' dir='ltr'><strong>dividit</strong></span> <span class='ocrx_word' id='word_1_305' title='bbox 942 3799 978 3842; x_wconf 89' lang='lat' dir='ltr'><strong>er</strong></span> <span class='ocrx_word' id='word_1_306' title='bbox 1001 3783 1094 3843; x_wconf 87' lang='lat' dir='ltr'><strong>altera</strong></span> <span class='ocrx_word' id='word_1_307' title='bbox 1115 3790 1201 3862; x_wconf 88' lang='lat' dir='ltr'><strong>parte</strong></span> <span class='ocrx_word' id='word_1_308' title='bbox 1221 3784 1302 3845; x_wconf 80' lang='lat' dir='ltr'><strong>Airi-</strong></span> 
     </span>
     <span class='ocr_line' id='line_1_36' title="bbox 129 3883 1117 3964; baseline 0.002 -18"><span class='ocrx_word' id='word_1_309' title='bbox 129 3902 197 3947; x_wconf 90' lang='lat' dir='ltr'><strong>eum</strong></span> <span class='ocrx_word' id='word_1_310' title='bbox 219 3885 256 3946; x_wconf 86' lang='lat' dir='ltr'><strong>ab</strong></span> <span class='ocrx_word' id='word_1_311' title='bbox 278 3885 411 3964; x_wconf 81' lang='lat' dir='ltr'><strong>lluropa,</strong></span> <span class='ocrx_word' id='word_1_312' title='bbox 436 3890 466 3944; x_wconf 91' lang='lat' dir='ltr'><strong>et</strong></span> <span class='ocrx_word' id='word_1_313' title='bbox 489 3885 568 3943; x_wconf 88' lang='lat' dir='ltr'><strong>siout</strong></span> <span class='ocrx_word' id='word_1_314' title='bbox 588 3883 674 3946; x_wconf 92' lang='lat' dir='ltr'><strong>Nilus</strong></span> <span class='ocrx_word' id='word_1_315' title='bbox 698 3884 802 3946; x_wconf 87' lang='lat' dir='ltr'><strong>dividit</strong></span> <span class='ocrx_word' id='word_1_316' title='bbox 823 3884 926 3946; x_wconf 80' lang='lat' dir='ltr'><strong>Asiam</strong></span> <span class='ocrx_word' id='word_1_317' title='bbox 949 3885 985 3946; x_wconf 87' lang='lat' dir='ltr'><strong>ab</strong></span> <span class='ocrx_word' id='word_1_318' title='bbox 1007 3885 1117 3948; x_wconf 79' lang='lat' dir='ltr'><strong>Africa.</strong></span> 
     </span>
    </p>

    <p class='ocr_par' dir='ltr' id='par_1_5' title="bbox 130 3988 1302 4275">
     <span class='ocr_line' id='line_1_37' title="bbox 216 3988 1302 4071; baseline 0.004 -22"><span class='ocrx_word' id='word_1_319' title='bbox 216 3988 263 4049; x_wconf 76' lang='lat' dir='ltr'><strong>Ad</strong></span> <span class='ocrx_word' id='word_1_320' title='bbox 285 3990 474 4068; x_wconf 89' lang='lat' dir='ltr'><strong>propositum</strong></span> <span class='ocrx_word' id='word_1_321' title='bbox 498 4005 569 4066; x_wconf 88' lang='lat' dir='ltr'><strong>ergo</strong></span> <span class='ocrx_word' id='word_1_322' title='bbox 601 3990 633 4049; x_wconf 92' lang='lat' dir='ltr'><strong>in</strong></span> <span class='ocrx_word' id='word_1_323' title='bbox 656 3996 740 4050; x_wconf 85' lang='lat' dir='ltr'><strong>recto</strong></span> <span class='ocrx_word' id='word_1_324' title='bbox 762 3992 883 4051; x_wconf 87' lang='lat' dir='ltr'><strong>tramite</strong></span> <span class='ocrx_word' id='word_1_325' title='bbox 906 4009 1025 4057; x_wconf 89' lang='lat' dir='ltr'><strong>eramus</strong></span> <span class='ocrx_word' id='word_1_326' title='bbox 1049 3999 1224 4054; x_wconf 81' lang='lat' dir='ltr'><strong>otrentum</strong></span> <span class='ocrx_word' id='word_1_327' title='bbox 1246 4011 1302 4071; x_wconf 94' lang='lat' dir='ltr'><strong>op·</strong></span> 
     </span>
     <span class='ocr_line' id='line_1_38' title="bbox 130 4092 1302 4174; baseline 0.006 -22"><span class='ocrx_word' id='word_1_328' title='bbox 130 4092 238 4153; x_wconf 90' lang='lat' dir='ltr'><strong>timum</strong></span> <span class='ocrx_word' id='word_1_329' title='bbox 258 4094 418 4156; x_wconf 86' lang='lat' dir='ltr'><strong>habuimus</strong></span> <span class='ocrx_word' id='word_1_330' title='bbox 442 4092 601 4171; x_wconf 87' lang='lat' dir='ltr'><strong>navigandi</strong></span> <span class='ocrx_word' id='word_1_331' title='bbox 623 4095 655 4155; x_wconf 92' lang='lat' dir='ltr'><strong>in</strong></span> <span class='ocrx_word' id='word_1_332' title='bbox 678 4093 905 4174; x_wconf 88' lang='lat' dir='ltr'><strong>Nigropontum,</strong></span> <span class='ocrx_word' id='word_1_333' title='bbox 929 4096 1053 4173; x_wconf 85' lang='lat' dir='ltr'><strong>etiude</strong></span> <span class='ocrx_word' id='word_1_334' title='bbox 1076 4098 1107 4157; x_wconf 91' lang='lat' dir='ltr'><strong>in</strong></span> <span class='ocrx_word' id='word_1_335' title='bbox 1131 4097 1302 4159; x_wconf 55' lang='lat' dir='ltr'><strong>Constanti*</strong></span> 
     </span>
     <span class='ocr_line' id='line_1_39' title="bbox 132 4194 753 4275; baseline 0.01 -20"><span class='ocrx_word' id='word_1_336' title='bbox 132 4194 266 4273; x_wconf 89' lang='lat' dir='ltr'><strong>nopolim</strong></span> <span class='ocrx_word' id='word_1_337' title='bbox 287 4195 426 4259; x_wconf 81' lang='lat' dir='ltr'><strong>breuibus</strong></span> <span class='ocrx_word' id='word_1_338' title='bbox 440 4200 637 4275; x_wconf 78' lang='lat' dir='ltr'><strong>¹venissemus</strong></span> <span class='ocrx_word' id='word_1_339' title='bbox 661 4198 753 4261; x_wconf 90' lang='lat' dir='ltr'><strong>horis.</strong></span> 
     </span>
    </p>
   </div>
   <div class='ocr_carea' id='block_1_2' title="bbox 0 0 1442 4770">
    <p class='ocr_par' dir='ltr' id='par_1_6' title="bbox 0 0 1442 4770">
     <span class='ocr_line' id='line_1_40' title="bbox 0 0 1442 4770; baseline 0 0"><span class='ocrx_word' id='word_1_340' title='bbox 0 0 1442 4770; x_wconf 95' lang='lat' dir='ltr'><strong> </strong></span> 
     </span>
    </p>
   </div>
  </div>
 </body>
</html>
