2902 4710
613 186 628 201 '
701 215 784 285 aaa

148 409 276 472 preces:
300 391 432 454 foemina
446 390 527 454 iacta
549 397 606 453 est.
637 391 726 465 Quod
745 393 906 455 advertens
921 392 1111 473 Pygmalion,
1136 391 1244 472 gaudio
1259 393 1324 472 ple-

130 514 206 558 uus
233 494 298 573 ejus
321 516 395 559 usus
412 498 588 568 concubitu,
613 503 643 557 et
666 516 682 557 e
705 499 832 574 vestigio
856 496 977 574 gravida
1000 498 1078 559 lacta
1090 495 1145 578 (1))
1168 503 1216 557 est
1235 498 1324 574 eique

148 600 243 662 fllium
265 598 414 680 peperit,
433 617 524 678 quem
546 599 682 678 Paphum
713 600 877 660 nominavit
908 616 1040 678 eumque
1070 599 1233 662 haeredem
1256 603 1353 677 post·

148 703 336 783 sereliquit.
381 703 438 765 llic
460 701 596 781 Paphus,
630 721 666 764 ex
689 703 820 762 eburnea
846 708 943 763 matre
966 706 1100 781 genitus,
1123 702 1258 782 Paphum
1282 703 1324 763 ci-

147 808 272 869 vitatem
296 805 449 879 condidit,
473 823 563 884 quam
580 805 692 866 Veneri
714 810 850 867 sanetum
873 824 942 866 esse
964 807 1073 879 voluit,
1095 825 1150 885 pro
1173 824 1219 877 eo,
1244 803 1324 884 quod

147 908 214 987 ejus
231 910 393 970 'beneficio
422 910 555 969 eburnea
583 916 681 971 mater
710 927 764 969 sua
795 910 924 970 animata
954 911 1025 982 luit,
1059 914 1090 969 et
1119 911 1150 969 in
1181 910 1249 970 loco
1272 908 1324 969 illo

146 1010 250 1074 Venus
273 1016 340 1092 ipsa
362 1013 400 1074 de
423 1015 499 1073 mari
530 1015 656 1074 emersit
685 1015 788 1092 ibique
822 1012 964 1075 habitavit
984 1014 1235 1092 pomoeriumque
1257 1010 1323 1091 pul-

146 1117 329 1179 cherrimum
359 1120 388 1178 in
420 1117 478 1177 boc
507 1117 575 1177 loco
598 1117 702 1177 babuit
731 1135 800 1178 cum
825 1119 1038 1181 delicatissima
1061 1116 1260 1185 habitatione,
1292 1115 1324 1175 iu

146 1239 205 1301 qua
227 1224 327 1284 omnia
349 1221 579 1300 reperiebantur
601 1224 772 1299 spectantia
804 1223 841 1284 ad
869 1222 1034 1283 lasciviam.
1080 1218 1143 1281 Sed
1173 1224 1204 1278 et
1235 1234 1324 1296 poma

146 1342 236 1387 aurea
267 1329 298 1386 in
328 1345 365 1386 eo
395 1323 534 1386 viridario
566 1342 705 1385 crescere
735 1325 874 1388 dicebant
905 1332 1030 1405 poetae,
1062 1322 1100 1384 de
1130 1322 1238 1401 quibus
1267 1322 1324 1382 trie

144 1430 314 1509 propinavit
325 1428 535 1508 Hippomeuae
547 1426 661 1505 juveni,
680 1429 787 1506 quibus
802 1433 949 1510 virginem
962 1428 1136 1489 Athlautem
1160 1443 1249 1485 eursu
1272 1442 1322 1484 su-

146 1516 272 1611 peravit,
287 1538 318 1592 et
330 1532 395 1592 eam
406 1532 548 1593 obtinuit:
569 1531 682 1593 Eadem
695 1535 870 1613 enimvirgo
889 1552 956 1594 cum
969 1538 1052 1592 esset
1062 1529 1281 1610 pretiosissima
1293 1533 1324 1587 et

147 1653 238 1696 cursu
260 1635 461 1705 velocissima,
484 1636 514 1693 in
538 1635 620 1696 silvis
636 1635 795 1710 habitavit,
819 1644 850 1697 et.
866 1656 936 1698 cum
952 1655 969 1698 a
984 1636 1085 1696 multis
1103 1636 1134 1694 in
1151 1631 1323 1709 conjugium

144 1743 319 1817 peteretur,
343 1740 445 1818 legem
468 1738 619 1816 op'posuit,
644 1757 751 1800 cursus
768 1746 921 1802 certamen
945 1759 980 1803 se
995 1746 1072 1800 -c'um
1095 1738 1177 1799 omni
1199 1740 1322 1813 petente

146 1857 180 1928 se
202 1842 296 1913 inire,
329 1845 433 1919 etqui
457 1848 672 1919 superarentur
701 1850 801 1904 morte
831 1845 1065 1914 mulctarentur,
1098 1843 1195 1903 victor
1222 1844 1324 1900 autern
1407 1856 1409 1861 ⁴

142 1933 213 2022 ejus
236 1927 387 2024 potiretur
410 1946 569 2006 connubio.
600 1946 729 2007 Etcum
749 1946 813 2024 jam
836 1948 938 2025 plures
961 1947 1057 2024 magis
1081 1944 1211 2005 audaces
1234 1960 1324 2020 quam

141 2048 252 2136 'felices
269 2051 402 2128 superati
418 2056 480 2111 tam
496 2067 602 2110 severa
619 2051 687 2128 lege
704 2050 836 2112 damnati
852 2056 966 2123 essent,
983 2049 1190 2128 Hippomenes
1203 2046 1322 2125 juvenis

146 2152 275 2215 Veneris
298 2152 440 2235 implorat
463 2153 620 2226 auxilium,
650 2171 728 2232 quae
758 2156 813 2214 tria
844 2153 923 2219 mala
955 2170 1045 2214 aurea
1075 2153 1133 2212 sibi
1160 2151 1264 2223 dedit„
1289 2157 1323 2212 ut

146 2262 284 2317 currente
301 2274 370 2317 cum
388 2273 425 2316 eo
439 2254 602 2334 Athlantae
626 2259 657 2317 in
678 2260 727 2319 via
750 2255 930 2336 projiceret,
953 2259 1057 2334 sicque
1081 2255 1244 2334 eupiditate
1268 2272 1322 2331 po·

146 2376 265 2419 morum
294 2354 401 2420 allecta
431 2359 604 2437 colligeret,
638 2366 668 2420 et
690 2362 922 2438 interciperetur
954 2352 1060 2420 cursus
1092 2361 1139 2420 sui
1167 2357 1322 2427 velocitas,

121 2443 227 2541 'quud
250 2467 281 2522 et
299 2461 428 2533 accidit,
458 2468 488 2522 et
511 2462 656 2539 virginem
681 2464 711 2524 in
735 2463 911 2542 conjugium
934 2463 1047 2523 habuit.
1093 2461 1127 2521 ln
1149 2461 1207 2521 huc
1230 2461 1322 2520 etiam

144 2548 286 2632 viridario
311 2565 480 2626 celebratae
503 2562 626 2624 luerunt
649 2569 771 2644 nuptiae
794 2569 874 2628 iuter
890 2565 1014 2627 Peleum
1039 2571 1069 2626 et
1082 2563 1209 2634 Thetin,
1233 2561 1323 2623 deam

145 2676 305 2747 aquarum,
329 2686 420 2746 quam
442 2665 560 2747 Jupiter
583 2668 655 2729 licet
678 2672 836 2742 amaverit,
868 2676 970 2730 tamen
1002 2686 1070 2739 eam
1094 2667 1204 2728 ducere
1227 2665 1323 2727 noluit

145 2770 267 2839 oraculo
292 2770 428 2843 edoctus,
453 2771 533 2849 quod
557 2790 592 2832 ex
611 2789 646 2833 ea
660 2780 837 2834 nasceretur
852 2774 930 2834 filius
947 2773 1046 2851 major
1059 2778 1162 2851 patre;
1187 2770 1324 2851 provisor

97 2858 102 2871 ⁵
142 2880 245 2935 tamen
275 2877 458 2954 nuptiarum
475 2875 549 2948 luit,
580 2882 611 2936 et
634 2895 740 2938 omnes
769 2876 845 2938 deos
875 2878 1009 2938 invitavit
1040 2876 1190 2954 deasque,
1223 2873 1325 2934 demta

102 3000 104 3005 ·
144 2975 315 3051 Discordia,
350 2966 427 3056 uuae
461 2976 619 3057 indignans
654 2998 724 3041 cum
753 2987 893 3041 oemeret
915 2979 1087 3056 lunonem,
1116 2977 1267 3041 Palladem
1291 2983 1322 3038 et

145 3079 296 3147 Venerem
326 3082 456 3141 invicem
480 3100 515 3142 ex
543 3089 627 3160 parte
650 3102 709 3146 una
732 3083 892 3156 sedenteS,
916 3090 1016 3145 sumto
1041 3082 1079 3143 de
1105 3083 1210 3143 arbore
1242 3081 1323 3141 horti

144 3201 235 3246 aureo
258 3184 353 3256 malo,
376 3183 450 3246 illud
472 3186 552 3246 inter
575 3203 627 3246 eos
650 3184 778 3265 projecit
808 3187 959 3265 dixitque:
984 3185 1113 3266 digniori
1137 3186 1233 3247 detur.
1278 3184 1321 3244 lix

132 3305 205 3369 ‚quo
229 3286 392 3348 coelestim
410 3291 490 3349 inter
513 3297 567 3349 eas'
588 3286 787 3352 seditio‘orta
811 3297 874 3363 est,
900 3309 969 3352 cum
985 3304 1184 3369 unaquaeque
1207 3307 1240 3349 se
1257 3288 1321 3366 dig·

144 3392 261 3453 niorem
285 3392 408 3454 diceret.
455 3392 591 3472 Cumque
616 3397 767 3455 sententia
797 3395 835 3456 ad
858 3377 964 3455 Juvem
987 3394 1128 3456 devoluta
1151 3398 1252 3464 esset,
1274 3393 1320 3451 in-

144 3492 245 3555 dicare
269 3497 347 3575 quae
370 3495 487 3573 dignior
510 3502 541 3556 ct
556 3489 709 3574 pulchrior
723 3497 817 3569 foret,
839 3497 936 3558 noluit
957 3497 1038 3559 ferre
1054 3497 1243 3567 sententiam,
1267 3492 1322 3555 sed

142 3595 281 3662 Paridem
299 3597 435 3676 judicem
458 3599 626 3669 adnotavit;
657 3616 733 3677 quae
754 3600 799 3660 illi
821 3599 876 3660 sub
899 3601 1002 3678 opacis
1024 3618 1184 3661 nemorum
1207 3598 1321 3658 umbris

143 3704 272 3763 remotis
284 3694 418 3765 vestibus
429 3686 489 3780 [se]
503 3695 719 3773 monstravere,
743 3705 791 3773 cui
813 3700 1066 3782 promisit‘Pallas,
1089 3705 1116 3764 si
1138 3703 1321 3763 sententiam
1427 3758 1433 3769 ,

142 3822 197 3884 pro
221 3823 255 3865 se
280 3805 388 3877 ferret,
412 3807 548 3865 omnium
562 3808 901 3886 rerumcog'nitionem
924 3824 958 3867 se
974 3805 1125 3878 daturam3
1149 3805 1227 3866 Juuo
1252 3823 1320 3883 reg·

136 3902 251 3968 'nurum
275 3915 306 3969 et
329 3890 500 3969 divitiarum
523 3908 705 3981 dominium;
738 3909 844 3970 Venus
875 3913 977 3970 autem
1007 3909 1210 3987 pulchriorem
1239 3910 1320 3970 urbis

138 4012 301 4073 mulierem
323 4011 512 4092 spospondit.
559 4010 762 4082 Qua'tractus
795 4017 1040 4095 coucupiscentia
1067 4014 1199 4075 silvanus
1226 4012 1321 4091 judex

141 4114 254 4199 Peneri
277 4115 380 4178 deberi
402 4132 527 4194 pomum
543 4113 690 4191 judicavit
703 4121 858 4196 tamquam
872 4116 1015 4199 digniori,
1039 4134 1116 4198 quae
1139 4107 1320 4196 illi‘raptum

140 4204 276 4281 Helenae
298 4219 461 4281 concessit
505 4217 685 4280 Namdum·
699 4217 815 4284 llelena
836 4222 956 4301 navigio
979 4221 1112 4302 Cyprum
1133 4225 1265 4302 peteret,
1286 4228 1320 4283 ut
