2874 4770
693 155 737 225 46

126 341 158 396 et
180 333 306 394 aliomm
329 331 492 393 multorum
515 330 642 393 deorum
672 332 859 411 temporibus
882 329 1011 410 bloysis.
1059 329 1121 392 Isis
1154 349 1234 394 vero
1266 333 1318 393 tuit

125 435 421 517 temporebbrahae,
442 429 564 496 suemnt
588 437 668 496 enim
684 437 791 497 ambae
812 450 910 514 paene
930 438 1227 512 contemporaneae,
1251 453 1314 495 cum

124 540 211 603 Alma
233 542 288 602 luit
312 545 408 600 mater
431 539 529 610 iovis,
553 545 584 598 et
599 537 655 598 lsis
671 537 810 614 ejusdem
826 537 1005 598 concubina.
1038 536 1189 598 Creditur
1205 545 1314 607 autem,

125 643 235 705 isidem
259 645 289 704 in
313 643 381 703 loco
403 642 545 722 prostrati
568 639 640 700 idoli
663 641 711 701 sui
733 639 898 719 sepultam,
922 646 1049 718 propter
1066 657 1163 718 quam
1180 649 1214 702 et
1230 660 1312 720 reges

125 745 254 826 Aegypti
276 762 346 806 suas
369 743 539 824 sepulturas
579 744 737 823 elegerunt
775 748 807 803 et
835 741 1008 823 pyramides
1039 743 1097 816 ibi,
1131 752 1169 806 ut
1201 746 1312 807 dictum

126 855 188 921 est,
213 855 383 910 erexerunt.

212 950 307 1030 Prope
330 950 442 1012 idolum
464 949 551 1010 isidis
574 948 725 1027 quoddam
747 947 875 1010 inlorme
898 968 1002 1012 sarum
1032 949 1130 1028 jacet,
1157 951 1242 1031 quod
1267 954 1309 1014 di·

126 1060 198 1116 cunt
222 1054 294 1115 olim
316 1055 401 1116 bovis
424 1054 618 1112 simulacrum
640 1050 748 1122 luisse,
782 1057 813 1110 et
835 1051 949 1131 idolum
972 1051 1100 1114 Osiridis
1135 1057 1203 1116 sive
1227 1054 1308 1136 Apis.

125 1156 246 1219 Mortuo
277 1161 358 1217 enim
388 1155 506 1216 Osiride
529 1153 668 1215 dixerunt
695 1154 826 1213 animam
857 1152 921 1231 ejus
951 1157 1097 1234 migrasse
1127 1159 1161 1217 in
1192 1159 1309 1229 bovem,

125 1261 195 1324 ideo
217 1262 326 1323 bovem
349 1259 523 1330 adorabant,
547 1263 578 1316 et
599 1255 672 1327 Isis,
703 1274 778 1318 uxor
800 1255 884 1333 ejrrs,
908 1257 1082 1320 dilaniatum
1105 1279 1220 1342 corpus
1244 1262 1308 1340 ejus

126 1364 262 1441 collegit,
296 1369 327 1422 et
356 1362 491 1422 membra
520 1363 550 1420 in
583 1360 693 1420 bovem
728 1360 862 1436 ligneum
901 1360 981 1439 pelle
1012 1362 1119 1424 bovina
1152 1365 1308 1426 obtectum

124 1468 269 1545 imposuit
306 1472 337 1525 et
367 1465 478 1544 populo
513 1460 697 1523 adorandum
720 1461 861 1524 exhibuit.
907 1464 1058 1525 Successu
1093 1471 1200 1527 autem
1230 1477 1306 1529 tem·

124 1570 215 1647 poris,
231 1573 493 1646 computrescente
511 1566 610 1644 ligneo
625 1564 714 1636 idolo,
730 1563 871 1645 Aegyptii
896 1585 1001 1629 saxum
1014 1569 1182 1632 formantes
1199 1573 1307 1649 ingens

126 1669 238 1731 Osiridi
261 1676 487 1739 consecrarunt,
519 1666 600 1746 quod
623 1667 692 1728 ideo
714 1668 842 1729 Romani
873 1688 933 1730 non
965 1672 1112 1743 tulerunt,
1146 1677 1218 1753 quia
1249 1693 1306 1734 non

45 1782 48 1787 '
124 1776 268 1834 materiae
291 1772 429 1849 ejusdem
452 1778 516 1832 erat
539 1788 608 1830 cum
631 1773 744 1849 primo,
776 1778 806 1832 et
829 1790 898 1832 cum
921 1772 979 1832 boc
1012 1782 1076 1835 erat
1105 1774 1241 1843 inlorme
1279 1783 1307 1836 et

124 1875 372 1954 grandissimum,
394 1876 529 1963 inaptum
552 1873 621 1935 duci
645 1893 699 1953 per
723 1881 804 1936 tanta
829 1877 919 1936 maris
944 1880 1050 1955 spatia.
1096 1876 1188 1940 Aliud
1204 1885 1305 1941 tamen

124 1979 240 2040 idolum
262 1978 387 2039 Osiridis
411 1978 546 2038 fabricati
570 1983 639 2037 sunt
668 1983 699 2036 et
732 1978 879 2057 templum
893 1980 924 2037 in
939 1978 1073 2041 Romana
1089 1981 1184 2053 urbe;
1208 1985 1306 2062 ipsam

125 2084 206 2142 enim
238 2081 341 2141 urbem
376 2086 460 2140 tanto
489 2081 687 2148 sanctiorem,
719 2080 886 2141 feliciorem
917 2086 947 2140 et
977 2081 1213 2162 lortunationem
1243 2086 1306 2146 fieri

124 2185 338 2254 aestimabant,
373 2190 484 2260 quanto
520 2184 618 2244 cultus
649 2183 799 2244 idolorum
814 2182 1017 2252 ,diversorum
1040 2185 1080 2243 ibi
1105 2185 1305 2258 abundabant,

124 2287 204 2350 unde
228 2303 324 2366 paene
347 2286 482 2345 omnium
505 2284 607 2345 mundi
631 2287 764 2363 gentium
788 2285 862 2346 deos
885 2286 1036 2363 inipsam
1059 2287 1304 2359 transducebant,

123 2392 226 2453 demto
242 2390 314 2452 Jesu
331 2388 495 2457 Nazareno,
523 2386 580 2447 deo
597 2387 849 2458 Christianorum3
875 2387 953 2448 unde
969 2387 1106 2450 Tiberius
1118 2389 1304 2471 Imperator;

123 2494 206 2575 lepra
228 2495 374 2565 inlectus,
407 2512 422 2553 a
447 2492 593 2553 Veronica
616 2493 726 2550 virtute
749 2492 887 2569 imaginis
911 2490 1010 2552 vultus
1034 2491 1146 2552 Christi
1170 2502 1303 2566 curatus,

122 2616 231 2678 preces
263 2597 370 2659 obtulit
403 2597 534 2666 senatui,
579 2601 612 2655 ut
642 2596 733 2654 etiam
762 2593 885 2664 desum,
922 2594 1161 2664 Christianorum
1202 2599 1303 2670 deum,

124 2705 314 2761 assumerent
336 2715 390 2775 pro
414 2697 487 2769 deo,
513 2695 590 2776 (sed)
614 2700 736 2758 omnino
760 2716 831 2758 eum
854 2701 990 2778 recipere
1013 2699 1210 2774 recusabant,
1234 2705 1303 2773 imo,

123 2809 158 2863 ut
179 2805 279 2862 verius
302 2799 413 2870 dicam,
444 2801 580 2862 Christus
604 2801 641 2862 ad
665 2819 717 2861 eos
740 2804 851 2862 intrare
883 2801 1018 2873 nolebat,
1050 2805 1147 2882 primo
1176 2812 1305 2884 ‘propter

124 2906 277 2965 licentiam
300 2910 436 2976 senatus,
468 2922 559 2982 quem
582 2904 733 2965 Christum
768 2907 905 2982 recipere
939 2923 999 2965 non
1027 2904 1170 2978 decebat,
1202 2909 1303 2969 nullus

125 3007 206 3066 enim
228 3007 269 3066 ibi
293 3006 448 3066 colebatur
463 3005 553 3079 deus,
577 3009 634 3067 nisi
650 3006 686 3067 de
702 3009 823 3068 licentia
842 3015 975 3068 senatus.
1007 3009 1147 3070 Secundo
1164 3009 1303 3070 Christus

124 3104 221 3170 noluit
243 3110 370 3169 Romam
391 3109 492 3169 venire
534 3127 592 3169 nec
625 3110 665 3169 ibi
688 3129 827 3182 manere,
860 3112 917 3171 nisi
948 3112 1116 3190 exstirpatis
1139 3119 1171 3172 et
1194 3111 1304 3189 ejectis

125 3213 263 3274 omnibus
297 3213 362 3274 aliis
385 3210 488 3284 idolis,
513 3210 593 3290 quod
619 3212 763 3273 Romanis
786 3213 947 3291 gentilibus
971 3231 1061 3291 grave
1084 3197 1176 3275 tuit}
1195 3213 1302 3276 Tertio

123 3315 219 3376 voluit
234 3317 370 3378 Christus
394 3316 476 3395 prius
498 3312 636 3373 mundari
660 3316 811 3376 civitatem
835 3323 999 3395 martyrum
1023 3320 1182 3396 sanguine,
1207 3323 1304 3381 etsie

123 3419 249 3496 ingredi.
295 3419 408 3492 Quarto
432 3416 593 3476 noluerunt
615 3416 741 3477 Romani
757 3417 986 3498 Christumpro
1003 3420 1073 3494 deo,
1097 3424 1167 3499 quia
1183 3422 1304 3513 divitias

23 3516 26 3521 ’
125 3523 290 3598 damnavit,
314 3529 522 3604 paupertatem
543 3520 739 3591 beatificavit,
763 3514 889 3598 gloriam
913 3522 1016 3583 mundi
1036 3525 1226 3602 sprevit„et
1249 3529 1302 3604 ab·

121 3624 287 3702 jectionem
320 3633 409 3704 atque
444 3623 642 3707 bumilitatem
673 3623 779 3700 elegit,
810 3626 988 3702 sapientiam
1019 3625 1123 3697 mundi
1153 3627 1305 3707 despexit,

124 3728 280 3790 stultitiam
304 3728 446 3807 praetulit
468 3731 537 3795 etc,
560 3728 725 3804 potentiam
740 3726 841 3795 irrisit,
865 3729 968 3788 mundi
983 3728 1203 3806 subjectionem
1218 3751 1304 3814 mau-

124 3829 213 3892 davit.
258 3825 341 3902 Quae
371 3832 470 3890 omnia
497 3829 704 3891 intollerabilis
725 3831 869 3890 Romanis
892 3831 1077 3892 videbantur.
1122 3832 1175 3892 Sic
1198 3833 1304 3903 delec-

122 3934 255 3993 tationes
284 3933 396 4003 carnis,
426 3932 596 4010 crapulam,
619 3933 781 4003 luxuriam,
805 3934 941 4010 quietem
957 3938 1020 3995 suis
1036 3934 1204 4008 interdixit,
1230 3956 1304 3999 con-

122 4027 214 4096 traria
235 4036 400 4115 praecepit.
447 4033 557 4107 Quinto
589 4033 750 4101 noluerunt
783 4034 935 4096 Christum
967 4056 1021 4115 pro
1055 4036 1130 4107 deo,
1164 4038 1305 4114 dicentes

124 4153 194 4200 eum
219 4136 311 4199 deum
328 4136 474 4208 invidum,
491 4138 668 4217 superbum,
684 4153 738 4208 eo,
754 4135 836 4215 quod
850 4137 965 4200 nullum
980 4140 1072 4203 aliurn
1088 4139 1182 4207 deum
1196 4159 1306 4206 secum
