2874 4770
202 342 235 397 et
255 334 467 397 Valentiniano
488 335 737 412 imperatonhus,
766 333 901 412 synodus
922 334 1120 393 oecumenica
1143 329 1229 397 1200
1260 337 1390 413 episco-

201 457 311 519 porum
333 439 391 502 luit
411 441 562 503 celebrata
578 460 634 521 pro
649 443 798 502 universis
819 442 991 501 nationibus
1012 439 1109 510 orbis,
1129 443 1160 500 in
1183 459 1243 518 qua
1268 442 1390 502 multae

201 543 346 606 haereses
367 552 439 606 suut
460 545 628 607 damnatae.
672 545 716 606 lhi
738 551 812 606 tunc
834 547 961 623 contigit
982 543 1041 604 hoc
1062 543 1229 627 spectabile
1251 546 1389 604 miracu·

201 645 281 717 hm,
304 647 386 726 quod
400 648 506 711 lertur.
535 649 612 711 Nam
625 649 698 710 dum
710 650 855 710 haeretici
867 649 1059 710 validissimis
1073 648 1261 725 argumentis
1278 654 1390 708 contra

202 749 375 812 catholicos.
391 770 427 813 se
449 760 635 825 armassent,
657 755 709 824 ita,
731 761 767 814 ut
786 756 883 814 nostri
905 753 1041 831 episcopi
1063 752 1185 829 penitus
1207 752 1239 810 in
1255 768 1389 829 respon·

202 855 336 916 sionibus
359 855 541 929 delicerent,
564 857 728 918 advocatus
749 856 808 918 luit
829 856 862 916 S·
885 855 1046 925 hebetius,
1080 855 1184 932 quiin
1207 852 1286 913 duro
1308 853 1388 931 lapi-

202 958 249 1020 dis
281 966 347 1020 arto
375 965 463 1021 antro
489 959 546 1021 diu
578 960 740 1031 conclusus
782 978 838 1038 pro
869 959 920 1020 dei
948 976 1051 1018 aruore
1083 963 1219 1017 steterat.
1267 957 1388 1017 Ambae

203 1079 276 1143 ergo
299 1069 402 1142 partes
423 1066 455 1124 in
471 1064 552 1125 hunc
577 1072 715 1126 sanctum
737 1066 835 1126 virum
857 1064 1133 1142 compromiserunt
1156 1060 1388 1119 et.sententiae

202 1168 269 1247 ejus
291 1176 372 1230 stare
391 1168 584 1247 juraveruut,
617 1171 668 1247 qui
698 1169 735 1230 ah
758 1170 896 1247 utrisque
930 1168 1018 1246 petiit
1039 1166 1097 1226 sihi
1119 1165 1184 1225 dari
1205 1165 1236 1223 iu
1260 1164 1388 1241 scriptis

202 1273 425 1346 conclusiones,
449 1274 619 1354 dequibus
642 1281 707 1335 erat
729 1281 895 1334 certamen.
925 1271 1068 1350 Acceptis
1086 1288 1159 1348 ergo
1182 1269 1295 1329 chartis
1320 1285 1386 1328 am-

201 1378 295 1440 batus
318 1377 357 1439 ad
377 1379 571 1457 sepulchrum
595 1379 627 1440 S.
652 1378 837 1457 Euphemiae
860 1379 992 1438 accessit
1018 1392 1132 1453 easque
1153 1391 1247 1451 super
1270 1390 1387 1450 corpus

200 1483 303 1560 posuit
331 1487 456 1560 petens,
487 1487 521 1542 ut
541 1484 607 1562 ipsa
636 1490 740 1544 sancta
769 1489 883 1560 martyr
914 1479 1077 1541 ostendere
1106 1479 1298 1556 dignaretur,
1333 1477 1385 1536 cui

201 1585 280 1664 parti
302 1564 442 1646 standum
465 1591 557 1646 esset
594 1584 703 1647 Statim
725 1592 826 1646 autem
859 1601 945 1644 sacra
967 1584 1051 1658 virgo
1074 1580 1252 1641 schedulam
1274 1578 1385 1639 haere·

202 1689 331 1750 ticorum
353 1689 442 1769 lunge
466 1707 482 1750 a
503 1706 539 1749 se
561 1687 699 1769 projecit,
725 1695 900 1750 nostrorum
913 1705 987 1749 vero
1010 1684 1187 1747 schedulam
1208 1684 1240 1742 in
1256 1689 1386 1760 pectore

202 1778 397 1854 reconditam
410 1795 542 1856 servarit
564 1789 630 1874 (li).

288 1893 373 1956 Hanc
404 1894 693 1959 chalcedonensem
715 1898 900 1976 provinciam
932 1903 965 1956 et
984 1912 1102 1955 omnes
1129 1890 1386 1968 circumiacentes

201 2002 298 2057 terras
333 2002 365 2057 et
392 1999 486 2060 totius
507 1997 598 2061 Asiae
630 1998 758 2061 Minoris
788 1998 962 2061 latitudines
986 1997 1077 2058 hodie
1100 1996 1192 2058 Tcrci
1213 1993 1385 2074 possident,

202 2105 233 2160 ct
268 2105 350 2161 terra
382 2100 546 2174 latissima,
585 2103 728 2165 conclusa
761 2103 895 2164 maribus
930 2109 1083 2180 tamquam
1120 2099 1229 2161 insula.
1285 2097 1386 2158 llabet

203 2206 284 2266 euim
308 2206 408 2268 solnm
431 2208 468 2270 ah
490 2210 606 2270 oriente
629 2208 847 2288 Capadociam,
882 2209 918 2270 ab
947 2207 1012 2268 aliis
1045 2206 1142 2285 plagis
1172 2209 1220 2264 est
1250 2203 1385 2264 maribus

202 2311 309 2382 cincta,
331 2328 401 2372 narn
425 2330 441 2373 a
457 2315 675 2395 septemtrione
697 2313 789 2375 hahet
803 2320 928 2393 pontum
943 2312 1108 2378 Eurinum,
1131 2311 1168 2371 ah
1183 2325 1296 2369 occasu
1312 2306 1384 2368 Pro·

204 2415 373 2493 pontiden,
397 2434 414 2477 a
437 2416 563 2478 meridie
585 2415 748 2497 Aegptihm
763 2435 856 2490 mare,
879 2424 911 2478 ct
933 2418 1069 2478 continet
1084 2414 1256 2494 provincias
1278 2410 1384 2491 Bithy-

202 2519 296 2587 niam,
314 2517 487 2599 Phrygiam,
514 2519 840 2600 Galatiam,·Lydiam,
865 2521 999 2591 Cariam,
1022 2518 1219 2598 Pamphiliam
1243 2521 1275 2576 et
1299 2514 1384 2576 Isau·

205 2621 294 2693 dam,
318 2621 441 2700 Lyciam
465 2629 503 2685 et.
519 2623 666 2685 Ciliciam.

290 2724 347 2786 Die
370 2723 483 2798 xxttt,
509 2745 586 2807 quae
608 2723 673 2788 erat
696 2726 848 2789 dominica
864 2723 916 2791 26.
941 2733 1009 2806 post
1031 2725 1144 2786 festum
1167 2724 1198 2785 S.
1215 2722 1383 2793 Trinitatis,

206 2845 265 2889 nou
289 2836 353 2890 erat
377 2830 476 2910 aliqua
499 2839 550 2892 aut
573 2834 654 2893 venti
677 2838 728 2892 aut
751 2833 842 2894 maris
874 2830 1031 2911 dispositio
1066 2847 1120 2908 pro
1145 2845 1289 2896 recessu,
1326 2828 1384 2886 sic·

206 2949 265 3010 que
282 2935 450 3011 quievimus
471 2935 523 2995 illo
540 2934 606 3007 die,
632 2944 663 2996 et
686 2938 786 2997 missis
810 2944 840 2997 et
856 2935 947 2996 divini
965 2934 1056 2995 ollicii
1073 2934 1202 2994 orationi
1217 2933 1385 2991 institimus

206 3042 237 3096 et
259 3034 364 3113 longas
388 3036 476 3097 horas
500 3038 530 3098 in
553 3039 612 3098 isto
636 3040 731 3100 sterili
764 3046 795 3100 et
827 3039 925 3098 inutili
947 3044 1035 3117 portu
1058 3036 1227 3096 habuimus.
1274 3034 1384 3096 Plures

204 3138 293 3200 horas
316 3138 426 3201 deduxi
449 3140 580 3202 ludendo
605 3161 674 3203 curn
696 3144 833 3221 psittacis
857 3141 976 3213 avibus,
1011 3157 1139 3218 quarum
1162 3139 1273 3200 multae
1300 3145 1385 3199 erant

203 3242 233 3315 ln
257 3259 326 3303 mea
348 3242 442 3321 galea.
487 3239 637 3306 Dominus
660 3246 766 3307 consul
790 3243 1075 3319 delonctusunum
1109 3241 1269 3318 dereliquit
1297 3240 1384 3302 valde

199 3342 383 3422 jocundum,
413 3349 464 3426 qui
486 3351 568 3409 omni
592 3368 679 3411 mane
704 3349 783 3410 clara
809 3355 841 3408 et
863 3349 995 3410 clamosa
1017 3363 1092 3407 voce
1116 3346 1231 3407 vocavit
1255 3342 1384 3405 deiunc-

203 3454 277 3520 tnrn‚
301 3451 380 3510 sicut
403 3450 511 3512 edocta
533 3450 632 3513 luerat
653 3455 684 3513 in
698 3452 888 3525 Alexandria,
910 3455 955 3513 sic
977 3452 1081 3513 dicens
1104 3449 1231 3510 diserto:
1257 3449 1385 3509 miserlo

204 3551 346 3623 consulo,
377 3551 494 3626 idest,
529 3556 570 3615 mi
593 3554 715 3617 domine
738 3557 854 3616 consul.
900 3556 1000 3635 Saepe
1024 3555 1071 3614 his
1093 3553 1275 3614 clamoribus
1300 3571 1385 3612 com·

203 3652 381 3714 motusluit
404 3654 440 3716 cd
464 3654 570 3718 fletum
592 3658 685 3731 illias,
718 3661 810 3738 patris
834 3661 880 3721 sui
905 3661 1049 3738 pietatem
1071 3655 1209 3717 recolens
1240 3660 1271 3714 et
1294 3672 1385 3734 prae·

203 3755 334 3815 sentiam
356 3753 423 3831 ejus
445 3760 602 3821 nobiscum
616 3763 648 3822 in
663 3744 781 3824 mortuo
798 3763 989 3841 corpusculo.
1021 3760 1097 3822 Cum
1112 3759 1161 3819 illa
1178 3759 1269 3818 etiam
1285 3758 1386 3819 bestia

203 3855 347 3927 mlrabili,
383 3875 473 3936 quam
504 3859 643 3924 dominus
674 3865 806 3929 decanus
840 3864 1036 3945 Mogontinus
1070 3864 1143 3925 emit
1174 3860 1385 3934 Alexandriae,

203 3961 332 4041 quaein
356 3976 474 4024 camera
497 3964 610 4026 cellarii
625 3975 690 4029 erat
706 3985 800 4047 prope
824 3969 963 4029 cumbam
986 3984 1093 4038 meam,
1118 3965 1244 4027 multum
1260 3973 1385 4046 tempus

202 4061 321 4134 tlcdutl,
346 4068 505 4129 eratenim
520 4067 657 4145 foramen
679 4073 710 4130 in
727 4088 830 4133 assere
847 4089 917 4133 cum
931 4072 1052 4133 terebro
1067 4070 1187 4141 lactum,
1212 4077 1244 4130 et
1262 4069 1386 4147 qnando

202 4168 299 4231 hertts
314 4169 424 4241 sentit,
447 4186 497 4231 ms
519 4171 550 4231 iu
565 4172 674 4235 cumba
687 4190 774 4247 esse,
797 4176 881 4236 misit
895 4174 1048 4246 maculam
1062 4190 1149 4234 suam
1165 4191 1220 4253 per
1235 4172 1386 4249 toramen,
