<?xml version="1.0" encoding="UTF-8"?>
<!DOCTYPE html PUBLIC "-//W3C//DTD XHTML 1.0 Transitional//EN"
    "http://www.w3.org/TR/xhtml1/DTD/xhtml1-transitional.dtd">
<html xmlns="http://www.w3.org/1999/xhtml" xml:lang="en" lang="en">
 <head>
  <title>
</title>
<meta http-equiv="Content-Type" content="text/html;charset=utf-8" />
  <meta name='ocr-system' content='tesseract 3.04.00' />
  <meta name='ocr-capabilities' content='ocr_page ocr_carea ocr_par ocr_line ocrx_word'/>
</head>
<body>
  <div class='ocr_page' id='page_1' title='image "./fratrisfelicisf00fabrgoog_0024.png"; bbox 0 0 2902 4710; ppageno 0'>
   <div class='ocr_carea' id='block_1_1' title="bbox 705 96 846 184">
    <p class='ocr_par' dir='ltr' id='par_1_1' title="bbox 705 96 846 184">
     <span class='ocr_line' id='line_1_1' title="bbox 705 96 846 184; baseline 0.021 -3"><span class='ocrx_word' id='word_1_1' title='bbox 705 96 846 184; x_wconf 77' lang='lat' dir='ltr'>ao&#39;</span> 
     </span>
    </p>
   </div>
   <div class='ocr_carea' id='block_1_2' title="bbox 132 284 1316 2416">
    <p class='ocr_par' dir='ltr' id='par_1_2' title="bbox 132 284 1309 461">
     <span class='ocr_line' id='line_1_2' title="bbox 132 284 1309 374; baseline -0.005 -19"><span class='ocrx_word' id='word_1_2' title='bbox 132 290 356 374; x_wconf 76' lang='lat' dir='ltr'>perfusos&#39;Nilo</span> <span class='ocrx_word' id='word_1_3' title='bbox 378 286 740 360; x_wconf 84' lang='lat' dir='ltr'>foecundissimofluvio,</span> <span class='ocrx_word' id='word_1_4' title='bbox 763 289 830 349; x_wconf 89' lang='lat' dir='ltr'>sine</span> <span class='ocrx_word' id='word_1_5' title='bbox 846 285 933 363; x_wconf 80' lang='lat' dir='ltr'>cujm</span> <span class='ocrx_word' id='word_1_6' title='bbox 948 284 1096 349; x_wconf 80' lang='lat' dir='ltr'>beneflcio</span> <span class='ocrx_word' id='word_1_7' title='bbox 1113 292 1176 349; x_wconf 87' lang='lat' dir='ltr'>tota</span> <span class='ocrx_word' id='word_1_8' title='bbox 1189 286 1309 368; x_wconf 73' lang='lat' dir='ltr'>Aegyp·</span> 
     </span>
     <span class='ocr_line' id='line_1_3' title="bbox 132 389 1294 461; baseline -0.006 -3"><span class='ocrx_word' id='word_1_9' title='bbox 132 402 182 458; x_wconf 85' lang='lat' dir='ltr'>tus</span> <span class='ocrx_word' id='word_1_10' title='bbox 206 393 288 456; x_wconf 88' lang='lat' dir='ltr'>arida</span> <span class='ocrx_word' id='word_1_11' title='bbox 311 400 343 456; x_wconf 90' lang='lat' dir='ltr'>et</span> <span class='ocrx_word' id='word_1_12' title='bbox 363 389 565 455; x_wconf 88' lang='lat' dir='ltr'>inhabitabilis</span> <span class='ocrx_word' id='word_1_13' title='bbox 588 396 686 461; x_wconf 89' lang='lat' dir='ltr'>esset,</span> <span class='ocrx_word' id='word_1_14' title='bbox 710 391 790 452; x_wconf 93' lang='lat' dir='ltr'>sicut</span> <span class='ocrx_word' id='word_1_15' title='bbox 811 391 842 451; x_wconf 94' lang='lat' dir='ltr'>in</span> <span class='ocrx_word' id='word_1_16' title='bbox 864 395 992 451; x_wconf 88' lang='lat' dir='ltr'>tractatu</span> <span class='ocrx_word' id='word_1_17' title='bbox 1015 389 1054 451; x_wconf 90' lang='lat' dir='ltr'>de</span> <span class='ocrx_word' id='word_1_18' title='bbox 1075 391 1145 451; x_wconf 89' lang='lat' dir='ltr'>Nilo</span> <span class='ocrx_word' id='word_1_19' title='bbox 1167 390 1294 453; x_wconf 84' lang='lat' dir='ltr'>dicetur.</span> 
     </span>
    </p>

    <p class='ocr_par' dir='ltr' id='par_1_3' title="bbox 133 476 1316 2416">
     <span class='ocr_line' id='line_1_4' title="bbox 204 476 1312 579; baseline -0.002 -23"><span class='ocrx_word' id='word_1_20' title='bbox 204 495 338 579; x_wconf 31' lang='lat' dir='ltr'>,Deinde</span> <span class='ocrx_word' id='word_1_21' title='bbox 360 497 392 556; x_wconf 93' lang='lat' dir='ltr'>in</span> <span class='ocrx_word' id='word_1_22' title='bbox 414 512 560 575; x_wconf 91' lang='lat' dir='ltr'>processu</span> <span class='ocrx_word' id='word_1_23' title='bbox 582 476 739 564; x_wconf 83' lang='lat' dir='ltr'>venimus,</span> <span class='ocrx_word' id='word_1_24' title='bbox 772 493 823 553; x_wconf 93' lang='lat' dir='ltr'>ubi</span> <span class='ocrx_word' id='word_1_25' title='bbox 852 495 884 555; x_wconf 91' lang='lat' dir='ltr'>in</span> <span class='ocrx_word' id='word_1_26' title='bbox 914 501 1041 572; x_wconf 89' lang='lat' dir='ltr'>utraque</span> <span class='ocrx_word' id='word_1_27' title='bbox 1063 499 1150 571; x_wconf 88' lang='lat' dir='ltr'>parte</span> <span class='ocrx_word' id='word_1_28' title='bbox 1172 493 1312 555; x_wconf 75' lang='lat' dir='ltr'>vindmia</span> 
     </span>
     <span class='ocr_line' id='line_1_5' title="bbox 134 594 1311 675; baseline -0.004 -14"><span class='ocrx_word' id='word_1_29' title='bbox 134 604 167 661; x_wconf 90' lang='lat' dir='ltr'>et</span> <span class='ocrx_word' id='word_1_30' title='bbox 187 599 292 659; x_wconf 91' lang='lat' dir='ltr'>hortos</span> <span class='ocrx_word' id='word_1_31' title='bbox 314 599 489 669; x_wconf 88' lang='lat' dir='ltr'>babuimus,</span> <span class='ocrx_word' id='word_1_32' title='bbox 522 596 656 675; x_wconf 91' lang='lat' dir='ltr'>repletos</span> <span class='ocrx_word' id='word_1_33' title='bbox 680 595 765 672; x_wconf 88' lang='lat' dir='ltr'>aquis</span> <span class='ocrx_word' id='word_1_34' title='bbox 789 595 857 656; x_wconf 84' lang='lat' dir='ltr'>Nili.</span> <span class='ocrx_word' id='word_1_35' title='bbox 904 594 1028 657; x_wconf 88' lang='lat' dir='ltr'>Stabant</span> <span class='ocrx_word' id='word_1_36' title='bbox 1050 602 1153 657; x_wconf 88' lang='lat' dir='ltr'>autern</span> <span class='ocrx_word' id='word_1_37' title='bbox 1183 598 1215 657; x_wconf 93' lang='lat' dir='ltr'>in</span> <span class='ocrx_word' id='word_1_38' title='bbox 1236 597 1311 675; x_wconf 92' lang='lat' dir='ltr'>ipsis</span> 
     </span>
     <span class='ocr_line' id='line_1_6' title="bbox 133 696 1311 779; baseline -0.002 -18"><span class='ocrx_word' id='word_1_39' title='bbox 133 702 230 762; x_wconf 88' lang='lat' dir='ltr'>bortis</span> <span class='ocrx_word' id='word_1_40' title='bbox 253 701 376 762; x_wconf 92' lang='lat' dir='ltr'>arbores</span> <span class='ocrx_word' id='word_1_41' title='bbox 399 700 620 779; x_wconf 76' lang='lat' dir='ltr'>praecellentes</span> <span class='ocrx_word' id='word_1_42' title='bbox 637 704 668 758; x_wconf 92' lang='lat' dir='ltr'>et</span> <span class='ocrx_word' id='word_1_43' title='bbox 683 696 792 760; x_wconf 91' lang='lat' dir='ltr'>domus</span> <span class='ocrx_word' id='word_1_44' title='bbox 808 715 934 777; x_wconf 88' lang='lat' dir='ltr'>magnae</span> <span class='ocrx_word' id='word_1_45' title='bbox 951 704 982 758; x_wconf 90' lang='lat' dir='ltr'>et</span> <span class='ocrx_word' id='word_1_46' title='bbox 999 703 1149 770; x_wconf 85' lang='lat' dir='ltr'>munitae,</span> <span class='ocrx_word' id='word_1_47' title='bbox 1172 698 1311 778; x_wconf 88' lang='lat' dir='ltr'>depictae</span> 
     </span>
     <span class='ocr_line' id='line_1_7' title="bbox 134 801 1311 880; baseline -0.003 -15"><span class='ocrx_word' id='word_1_48' title='bbox 134 805 214 866; x_wconf 88' lang='lat' dir='ltr'>sicut</span> <span class='ocrx_word' id='word_1_49' title='bbox 237 810 349 876; x_wconf 89' lang='lat' dir='ltr'>castra,</span> <span class='ocrx_word' id='word_1_50' title='bbox 379 809 411 863; x_wconf 90' lang='lat' dir='ltr'>et</span> <span class='ocrx_word' id='word_1_51' title='bbox 432 805 464 864; x_wconf 92' lang='lat' dir='ltr'>in</span> <span class='ocrx_word' id='word_1_52' title='bbox 485 801 586 864; x_wconf 90' lang='lat' dir='ltr'>medio</span> <span class='ocrx_word' id='word_1_53' title='bbox 608 803 829 880; x_wconf 83' lang='lat' dir='ltr'>processimus,</span> <span class='ocrx_word' id='word_1_54' title='bbox 864 803 943 861; x_wconf 87' lang='lat' dir='ltr'>sicut</span> <span class='ocrx_word' id='word_1_55' title='bbox 963 803 994 860; x_wconf 90' lang='lat' dir='ltr'>in</span> <span class='ocrx_word' id='word_1_56' title='bbox 1016 802 1135 863; x_wconf 83' lang='lat' dir='ltr'>civitate</span> <span class='ocrx_word' id='word_1_57' title='bbox 1158 804 1237 862; x_wconf 89' lang='lat' dir='ltr'>inter</span> <span class='ocrx_word' id='word_1_58' title='bbox 1258 801 1311 861; x_wconf 90' lang='lat' dir='ltr'>ba·</span> 
     </span>
     <span class='ocr_line' id='line_1_8' title="bbox 133 898 1312 984; baseline -0.003 -16"><span class='ocrx_word' id='word_1_59' title='bbox 133 906 304 968; x_wconf 90' lang='lat' dir='ltr'>bitationes.</span> <span class='ocrx_word' id='word_1_60' title='bbox 351 905 427 965; x_wconf 90' lang='lat' dir='ltr'>Nam</span> <span class='ocrx_word' id='word_1_61' title='bbox 452 922 469 966; x_wconf 91' lang='lat' dir='ltr'>a</span> <span class='ocrx_word' id='word_1_62' title='bbox 490 903 590 966; x_wconf 90' lang='lat' dir='ltr'>Busiri</span> <span class='ocrx_word' id='word_1_63' title='bbox 612 921 709 983; x_wconf 89' lang='lat' dir='ltr'>usqne</span> <span class='ocrx_word' id='word_1_64' title='bbox 733 904 854 965; x_wconf 86' lang='lat' dir='ltr'>Cairum</span> <span class='ocrx_word' id='word_1_65' title='bbox 875 898 1083 984; x_wconf 60' lang='lat' dir='ltr'>videturJesse</span> <span class='ocrx_word' id='word_1_66' title='bbox 1097 921 1156 975; x_wconf 85' lang='lat' dir='ltr'>nna</span> <span class='ocrx_word' id='word_1_67' title='bbox 1170 906 1312 966; x_wconf 90' lang='lat' dir='ltr'>continua</span> 
     </span>
     <span class='ocr_line' id='line_1_9' title="bbox 135 1003 1312 1086; baseline -0.002 -18"><span class='ocrx_word' id='word_1_68' title='bbox 135 1009 256 1080; x_wconf 82' lang='lat' dir='ltr'>civitas,</span> <span class='ocrx_word' id='word_1_69' title='bbox 279 1024 337 1068; x_wconf 91' lang='lat' dir='ltr'>nec</span> <span class='ocrx_word' id='word_1_70' title='bbox 359 1025 485 1086; x_wconf 90' lang='lat' dir='ltr'>possum</span> <span class='ocrx_word' id='word_1_71' title='bbox 508 1009 723 1086; x_wconf 84' lang='lat' dir='ltr'>exscriptoris</span> <span class='ocrx_word' id='word_1_72' title='bbox 746 1014 777 1068; x_wconf 90' lang='lat' dir='ltr'>et</span> <span class='ocrx_word' id='word_1_73' title='bbox 800 1007 932 1067; x_wconf 88' lang='lat' dir='ltr'>historiis</span> <span class='ocrx_word' id='word_1_74' title='bbox 955 1003 1036 1066; x_wconf 90' lang='lat' dir='ltr'>alind</span> <span class='ocrx_word' id='word_1_75' title='bbox 1050 1004 1231 1085; x_wconf 81' lang='lat' dir='ltr'>inteffigere,</span> <span class='ocrx_word' id='word_1_76' title='bbox 1254 1009 1312 1068; x_wconf 94' lang='lat' dir='ltr'>nisi</span> 
     </span>
     <span class='ocr_line' id='line_1_10' title="bbox 135 1105 1311 1188; baseline 0.002 -20"><span class='ocrx_word' id='word_1_77' title='bbox 135 1107 225 1188; x_wconf 83' lang='lat' dir='ltr'>quod.</span> <span class='ocrx_word' id='word_1_78' title='bbox 239 1105 407 1187; x_wconf 84' lang='lat' dir='ltr'>Memphis,</span> <span class='ocrx_word' id='word_1_79' title='bbox 429 1107 560 1180; x_wconf 79' lang='lat' dir='ltr'>Busiris,</span> <span class='ocrx_word' id='word_1_80' title='bbox 584 1108 741 1182; x_wconf 80' lang='lat' dir='ltr'>Cabirum,</span> <span class='ocrx_word' id='word_1_81' title='bbox 765 1107 946 1188; x_wconf 83' lang='lat' dir='ltr'>Babylonia,</span> <span class='ocrx_word' id='word_1_82' title='bbox 980 1106 1123 1185; x_wconf 82' lang='lat' dir='ltr'>llliopohs</span> <span class='ocrx_word' id='word_1_83' title='bbox 1146 1115 1179 1169; x_wconf 92' lang='lat' dir='ltr'>et</span> <span class='ocrx_word' id='word_1_84' title='bbox 1200 1106 1311 1170; x_wconf 84' lang='lat' dir='ltr'>Thebis</span> 
     </span>
     <span class='ocr_line' id='line_1_11' title="bbox 134 1209 1312 1289; baseline -0.001 -16"><span class='ocrx_word' id='word_1_85' title='bbox 134 1211 184 1273; x_wconf 88' lang='lat' dir='ltr'>vel</span> <span class='ocrx_word' id='word_1_86' title='bbox 206 1209 312 1273; x_wconf 87' lang='lat' dir='ltr'>Theba</span> <span class='ocrx_word' id='word_1_87' title='bbox 342 1213 382 1271; x_wconf 92' lang='lat' dir='ltr'>sit</span> <span class='ocrx_word' id='word_1_88' title='bbox 410 1229 470 1272; x_wconf 87' lang='lat' dir='ltr'>una</span> <span class='ocrx_word' id='word_1_89' title='bbox 502 1209 669 1289; x_wconf 89' lang='lat' dir='ltr'>eademque</span> <span class='ocrx_word' id='word_1_90' title='bbox 703 1214 807 1274; x_wconf 85' lang='lat' dir='ltr'>civitas</span> <span class='ocrx_word' id='word_1_91' title='bbox 840 1212 976 1273; x_wconf 77' lang='lat' dir='ltr'>omnium</span> <span class='ocrx_word' id='word_1_92' title='bbox 1007 1210 1111 1272; x_wconf 92' lang='lat' dir='ltr'>mundi</span> <span class='ocrx_word' id='word_1_93' title='bbox 1144 1211 1312 1274; x_wconf 85' lang='lat' dir='ltr'>civitatibus</span> 
     </span>
     <span class='ocr_line' id='line_1_12' title="bbox 136 1311 1311 1394; baseline -0.001 -18"><span class='ocrx_word' id='word_1_94' title='bbox 136 1315 264 1376; x_wconf 81' lang='lat' dir='ltr'>maxima</span> <span class='ocrx_word' id='word_1_95' title='bbox 287 1320 319 1376; x_wconf 89' lang='lat' dir='ltr'>ct</span> <span class='ocrx_word' id='word_1_96' title='bbox 341 1314 553 1386; x_wconf 88' lang='lat' dir='ltr'>celeberrima,</span> <span class='ocrx_word' id='word_1_97' title='bbox 584 1320 618 1374; x_wconf 92' lang='lat' dir='ltr'>ut</span> <span class='ocrx_word' id='word_1_98' title='bbox 640 1313 748 1375; x_wconf 87' lang='lat' dir='ltr'>clarius</span> <span class='ocrx_word' id='word_1_99' title='bbox 771 1314 886 1394; x_wconf 87' lang='lat' dir='ltr'>patebit</span> <span class='ocrx_word' id='word_1_100' title='bbox 912 1315 944 1373; x_wconf 92' lang='lat' dir='ltr'>in</span> <span class='ocrx_word' id='word_1_101' title='bbox 975 1311 1178 1392; x_wconf 76' lang='lat' dir='ltr'>descriptione</span> <span class='ocrx_word' id='word_1_102' title='bbox 1203 1314 1311 1375; x_wconf 89' lang='lat' dir='ltr'>Cabiri.</span> 
     </span>
     <span class='ocr_line' id='line_1_13' title="bbox 135 1415 1312 1497; baseline -0.003 -18"><span class='ocrx_word' id='word_1_103' title='bbox 135 1415 343 1479; x_wconf 84' lang='lat' dir='ltr'>Processimus</span> <span class='ocrx_word' id='word_1_104' title='bbox 366 1435 438 1497; x_wconf 91' lang='lat' dir='ltr'>ergo</span> <span class='ocrx_word' id='word_1_105' title='bbox 462 1416 513 1477; x_wconf 92' lang='lat' dir='ltr'>diu</span> <span class='ocrx_word' id='word_1_106' title='bbox 535 1434 591 1495; x_wconf 92' lang='lat' dir='ltr'>per</span> <span class='ocrx_word' id='word_1_107' title='bbox 612 1419 709 1488; x_wconf 88' lang='lat' dir='ltr'>vicos,</span> <span class='ocrx_word' id='word_1_108' title='bbox 732 1420 942 1486; x_wconf 76' lang='lat' dir='ltr'>aestimantes,</span> <span class='ocrx_word' id='word_1_109' title='bbox 965 1432 1021 1475; x_wconf 92' lang='lat' dir='ltr'>nos</span> <span class='ocrx_word' id='word_1_110' title='bbox 1045 1432 1114 1476; x_wconf 89' lang='lat' dir='ltr'>esse</span> <span class='ocrx_word' id='word_1_111' title='bbox 1135 1418 1312 1487; x_wconf 87' lang='lat' dir='ltr'>incivitate,</span> 
     </span>
     <span class='ocr_line' id='line_1_14' title="bbox 137 1516 1312 1599; baseline -0.002 -17"><span class='ocrx_word' id='word_1_112' title='bbox 137 1519 194 1582; x_wconf 89' lang='lat' dir='ltr'>sed</span> <span class='ocrx_word' id='word_1_113' title='bbox 208 1517 497 1582; x_wconf 88' lang='lat' dir='ltr'>Tmtschelmannus</span> <span class='ocrx_word' id='word_1_114' title='bbox 521 1519 592 1580; x_wconf 82' lang='lat' dir='ltr'>dixit</span> <span class='ocrx_word' id='word_1_115' title='bbox 614 1519 695 1597; x_wconf 90' lang='lat' dir='ltr'>quod</span> <span class='ocrx_word' id='word_1_116' title='bbox 717 1539 788 1582; x_wconf 94' lang='lat' dir='ltr'>non.</span> <span class='ocrx_word' id='word_1_117' title='bbox 834 1518 972 1581; x_wconf 87' lang='lat' dir='ltr'>Tandem</span> <span class='ocrx_word' id='word_1_118' title='bbox 986 1521 1116 1597; x_wconf 86' lang='lat' dir='ltr'>ingressi</span> <span class='ocrx_word' id='word_1_119' title='bbox 1131 1521 1239 1581; x_wconf 89' lang='lat' dir='ltr'>orbern</span> <span class='ocrx_word' id='word_1_120' title='bbox 1255 1516 1312 1599; x_wconf 76' lang='lat' dir='ltr'>(b)</span> 
     </span>
     <span class='ocr_line' id='line_1_15' title="bbox 135 1621 1314 1701; baseline 0.001 -17"><span class='ocrx_word' id='word_1_121' title='bbox 135 1622 222 1684; x_wconf 89' lang='lat' dir='ltr'>illam</span> <span class='ocrx_word' id='word_1_122' title='bbox 240 1625 414 1694; x_wconf 83' lang='lat' dir='ltr'>maximam,</span> <span class='ocrx_word' id='word_1_123' title='bbox 437 1624 493 1684; x_wconf 89' lang='lat' dir='ltr'>toti</span> <span class='ocrx_word' id='word_1_124' title='bbox 515 1621 627 1682; x_wconf 91' lang='lat' dir='ltr'>mundo</span> <span class='ocrx_word' id='word_1_125' title='bbox 649 1622 883 1693; x_wconf 77' lang='lat' dir='ltr'>formidabilem,</span> <span class='ocrx_word' id='word_1_126' title='bbox 919 1640 989 1683; x_wconf 91' lang='lat' dir='ltr'>cum</span> <span class='ocrx_word' id='word_1_127' title='bbox 1011 1638 1120 1701; x_wconf 89' lang='lat' dir='ltr'>magna</span> <span class='ocrx_word' id='word_1_128' title='bbox 1140 1622 1314 1685; x_wconf 78' lang='lat' dir='ltr'>festinantia</span> 
     </span>
     <span class='ocr_line' id='line_1_16' title="bbox 136 1719 1313 1807; baseline 0 -20"><span class='ocrx_word' id='word_1_129' title='bbox 136 1728 343 1807; x_wconf 89' lang='lat' dir='ltr'>processimus</span> <span class='ocrx_word' id='word_1_130' title='bbox 367 1724 481 1786; x_wconf 87' lang='lat' dir='ltr'>duabus</span> <span class='ocrx_word' id='word_1_131' title='bbox 505 1723 588 1784; x_wconf 92' lang='lat' dir='ltr'>boris</span> <span class='ocrx_word' id='word_1_132' title='bbox 612 1728 763 1787; x_wconf 92' lang='lat' dir='ltr'>continuis</span> <span class='ocrx_word' id='word_1_133' title='bbox 787 1732 818 1786; x_wconf 88' lang='lat' dir='ltr'>et</span> <span class='ocrx_word' id='word_1_134' title='bbox 839 1719 994 1784; x_wconf 83' lang='lat' dir='ltr'>bominuin</span> <span class='ocrx_word' id='word_1_135' title='bbox 1025 1733 1143 1800; x_wconf 29' lang='lat' dir='ltr'>turmas,</span> <span class='ocrx_word' id='word_1_136' title='bbox 1172 1734 1313 1805; x_wconf 86' lang='lat' dir='ltr'>penetra·</span> 
     </span>
     <span class='ocr_line' id='line_1_17' title="bbox 136 1825 1313 1892; baseline -0.001 0"><span class='ocrx_word' id='word_1_137' title='bbox 136 1831 234 1892; x_wconf 85' lang='lat' dir='ltr'>rhnus</span> <span class='ocrx_word' id='word_1_138' title='bbox 268 1828 410 1888; x_wconf 84' lang='lat' dir='ltr'>stantium</span> <span class='ocrx_word' id='word_1_139' title='bbox 440 1833 471 1886; x_wconf 87' lang='lat' dir='ltr'>et</span> <span class='ocrx_word' id='word_1_140' title='bbox 503 1825 718 1890; x_wconf 85' lang='lat' dir='ltr'>ambulantium</span> <span class='ocrx_word' id='word_1_141' title='bbox 749 1831 780 1888; x_wconf 94' lang='lat' dir='ltr'>in</span> <span class='ocrx_word' id='word_1_142' title='bbox 802 1828 877 1890; x_wconf 87' lang='lat' dir='ltr'>vicis</span> <span class='ocrx_word' id='word_1_143' title='bbox 899 1829 929 1887; x_wconf 92' lang='lat' dir='ltr'>in</span> <span class='ocrx_word' id='word_1_144' title='bbox 953 1827 1068 1889; x_wconf 86' lang='lat' dir='ltr'>infinito</span> <span class='ocrx_word' id='word_1_145' title='bbox 1091 1847 1219 1890; x_wconf 89' lang='lat' dir='ltr'>numero</span> <span class='ocrx_word' id='word_1_146' title='bbox 1243 1846 1313 1891; x_wconf 82' lang='lat' dir='ltr'>curn</span> 
     </span>
     <span class='ocr_line' id='line_1_18' title="bbox 136 1929 1313 2004; baseline -0.002 -9"><span class='ocrx_word' id='word_1_147' title='bbox 136 1932 312 2002; x_wconf 89' lang='lat' dir='ltr'>luminibus,</span> <span class='ocrx_word' id='word_1_148' title='bbox 342 1930 475 1991; x_wconf 90' lang='lat' dir='ltr'>lucernis</span> <span class='ocrx_word' id='word_1_149' title='bbox 504 1937 537 1991; x_wconf 88' lang='lat' dir='ltr'>et</span> <span class='ocrx_word' id='word_1_150' title='bbox 566 1929 689 2003; x_wconf 88' lang='lat' dir='ltr'>facuhs;</span> <span class='ocrx_word' id='word_1_151' title='bbox 724 1937 789 1992; x_wconf 91' lang='lat' dir='ltr'>erat</span> <span class='ocrx_word' id='word_1_152' title='bbox 818 1933 899 1992; x_wconf 91' lang='lat' dir='ltr'>enirn</span> <span class='ocrx_word' id='word_1_153' title='bbox 933 1931 1007 1991; x_wconf 89' lang='lat' dir='ltr'>bora</span> <span class='ocrx_word' id='word_1_154' title='bbox 1035 1932 1168 1993; x_wconf 87' lang='lat' dir='ltr'>laetitiae</span> <span class='ocrx_word' id='word_1_155' title='bbox 1198 1949 1313 2004; x_wconf 89' lang='lat' dir='ltr'>eorum,</span> 
     </span>
     <span class='ocr_line' id='line_1_19' title="bbox 136 2032 1315 2113; baseline -0.003 -16"><span class='ocrx_word' id='word_1_156' title='bbox 136 2035 332 2097; x_wconf 87' lang='lat' dir='ltr'>comestionis</span> <span class='ocrx_word' id='word_1_157' title='bbox 356 2039 387 2094; x_wconf 87' lang='lat' dir='ltr'>et</span> <span class='ocrx_word' id='word_1_158' title='bbox 409 2033 507 2094; x_wconf 86' lang='lat' dir='ltr'>solatii</span> <span class='ocrx_word' id='word_1_159' title='bbox 530 2040 654 2112; x_wconf 87' lang='lat' dir='ltr'>propter</span> <span class='ocrx_word' id='word_1_160' title='bbox 671 2032 836 2110; x_wconf 77' lang='lat' dir='ltr'>Jejunium‚</span> <span class='ocrx_word' id='word_1_161' title='bbox 867 2032 947 2113; x_wconf 81' lang='lat' dir='ltr'>qu&#39;od</span> <span class='ocrx_word' id='word_1_162' title='bbox 977 2033 1015 2094; x_wconf 92' lang='lat' dir='ltr'>de</span> <span class='ocrx_word' id='word_1_163' title='bbox 1038 2033 1087 2095; x_wconf 90' lang='lat' dir='ltr'>die</span> <span class='ocrx_word' id='word_1_164' title='bbox 1110 2040 1247 2105; x_wconf 86' lang='lat' dir='ltr'>servant,</span> <span class='ocrx_word' id='word_1_165' title='bbox 1281 2040 1315 2095; x_wconf 90' lang='lat' dir='ltr'>ut</span> 
     </span>
     <span class='ocr_line' id='line_1_20' title="bbox 136 2133 1315 2219; baseline -0.005 -18"><span class='ocrx_word' id='word_1_166' title='bbox 136 2145 219 2219; x_wconf 84' lang='lat' dir='ltr'>patet</span> <span class='ocrx_word' id='word_1_167' title='bbox 242 2154 331 2216; x_wconf 92' lang='lat' dir='ltr'>supra</span> <span class='ocrx_word' id='word_1_168' title='bbox 346 2136 398 2197; x_wconf 94' lang='lat' dir='ltr'>fol.</span> <span class='ocrx_word' id='word_1_169' title='bbox 415 2133 474 2207; x_wconf 81' lang='grc'>74,</span> <span class='ocrx_word' id='word_1_170' title='bbox 498 2143 529 2197; x_wconf 90' lang='lat' dir='ltr'>et</span> <span class='ocrx_word' id='word_1_171' title='bbox 550 2137 709 2197; x_wconf 89' lang='lat' dir='ltr'>currebant</span> <span class='ocrx_word' id='word_1_172' title='bbox 731 2154 838 2197; x_wconf 90' lang='lat' dir='ltr'>omnes</span> <span class='ocrx_word' id='word_1_173' title='bbox 861 2139 919 2199; x_wconf 85' lang='lat' dir='ltr'>vici</span> <span class='ocrx_word' id='word_1_174' title='bbox 942 2137 1033 2214; x_wconf 91' lang='lat' dir='ltr'>pleni.</span> <span class='ocrx_word' id='word_1_175' title='bbox 1064 2134 1197 2198; x_wconf 86' lang='lat' dir='ltr'>Juvenes</span> <span class='ocrx_word' id='word_1_176' title='bbox 1213 2143 1315 2196; x_wconf 90' lang='lat' dir='ltr'>autern</span> 
     </span>
     <span class='ocr_line' id='line_1_21' title="bbox 136 2237 1316 2317; baseline -0.004 -15"><span class='ocrx_word' id='word_1_177' title='bbox 136 2240 273 2304; x_wconf 82' lang='lat' dir='ltr'>videntes</span> <span class='ocrx_word' id='word_1_178' title='bbox 297 2245 328 2299; x_wconf 90' lang='lat' dir='ltr'>et</span> <span class='ocrx_word' id='word_1_179' title='bbox 350 2245 586 2316; x_wconf 86' lang='lat' dir='ltr'>cognoscentes,</span> <span class='ocrx_word' id='word_1_180' title='bbox 620 2255 676 2298; x_wconf 89' lang='lat' dir='ltr'>nos</span> <span class='ocrx_word' id='word_1_181' title='bbox 707 2256 776 2298; x_wconf 89' lang='lat' dir='ltr'>esse</span> <span class='ocrx_word' id='word_1_182' title='bbox 807 2241 983 2317; x_wconf 90' lang='lat' dir='ltr'>peregrinos</span> <span class='ocrx_word' id='word_1_183' title='bbox 1008 2237 1212 2309; x_wconf 85' lang='lat' dir='ltr'>Christianos,</span> <span class='ocrx_word' id='word_1_184' title='bbox 1245 2255 1316 2298; x_wconf 92' lang='lat' dir='ltr'>cnm</span> 
     </span>
     <span class='ocr_line' id='line_1_22' title="bbox 138 2338 1312 2416; baseline -0.003 -14"><span class='ocrx_word' id='word_1_185' title='bbox 138 2342 317 2402; x_wconf 86' lang='lat' dir='ltr'>clamoribus</span> <span class='ocrx_word' id='word_1_186' title='bbox 342 2341 502 2404; x_wconf 88' lang='lat' dir='ltr'>currebant</span> <span class='ocrx_word' id='word_1_187' title='bbox 523 2345 593 2416; x_wconf 90' lang='lat' dir='ltr'>post</span> <span class='ocrx_word' id='word_1_188' title='bbox 615 2356 670 2399; x_wconf 95' lang='lat' dir='ltr'>nos</span> <span class='ocrx_word' id='word_1_189' title='bbox 694 2345 725 2398; x_wconf 87' lang='lat' dir='ltr'>et</span> <span class='ocrx_word' id='word_1_190' title='bbox 747 2338 885 2399; x_wconf 88' lang='lat' dir='ltr'>homines</span> <span class='ocrx_word' id='word_1_191' title='bbox 918 2343 1107 2402; x_wconf 84' lang='lat' dir='ltr'>concitabant</span> <span class='ocrx_word' id='word_1_192' title='bbox 1130 2347 1234 2401; x_wconf 89' lang='lat' dir='ltr'>contra</span> <span class='ocrx_word' id='word_1_193' title='bbox 1256 2357 1312 2400; x_wconf 90' lang='lat' dir='ltr'>nos</span> 
     </span>
    </p>
   </div>
   <div class='ocr_carea' id='block_1_3' title="bbox 139 2440 1405 2524">
    <p class='ocr_par' dir='ltr' id='par_1_4' title="bbox 139 2440 1405 2524">
     <span class='ocr_line' id='line_1_23' title="bbox 139 2440 1405 2524; baseline -0.001 -19"><span class='ocrx_word' id='word_1_194' title='bbox 139 2449 318 2524; x_wconf 83' lang='lat' dir='ltr'>spargentes</span> <span class='ocrx_word' id='word_1_195' title='bbox 340 2440 512 2520; x_wconf 65' lang='lat' dir='ltr'>pulverem</span> <span class='ocrx_word' id='word_1_196' title='bbox 543 2457 650 2502; x_wconf 88' lang='lat' dir='ltr'>verum</span> <span class='ocrx_word' id='word_1_197' title='bbox 670 2448 774 2501; x_wconf 92' lang='lat' dir='ltr'>nostra</span> <span class='ocrx_word' id='word_1_198' title='bbox 796 2440 948 2502; x_wconf 83' lang='lat' dir='ltr'>festinatio</span> <span class='ocrx_word' id='word_1_199' title='bbox 970 2441 1106 2505; x_wconf 85' lang='lat' dir='ltr'>liberarit</span> <span class='ocrx_word' id='word_1_200' title='bbox 1128 2462 1183 2504; x_wconf 92' lang='lat' dir='ltr'>nos</span> <span class='ocrx_word' id='word_1_201' title='bbox 1207 2462 1224 2504; x_wconf 87' lang='lat' dir='ltr'>a</span> <span class='ocrx_word' id='word_1_202' title='bbox 1245 2462 1314 2522; x_wconf 92' lang='lat' dir='ltr'>pro·</span> <span class='ocrx_word' id='word_1_203' title='bbox 1395 2444 1405 2458; x_wconf 82' lang='grc'><strong>“</strong></span> 
     </span>
    </p>
   </div>
   <div class='ocr_carea' id='block_1_4' title="bbox 136 2542 1386 4163">
    <p class='ocr_par' dir='ltr' id='par_1_5' title="bbox 136 2542 1386 4163">
     <span class='ocr_line' id='line_1_24' title="bbox 138 2542 1386 2627; baseline -0.002 -19"><span class='ocrx_word' id='word_1_204' title='bbox 138 2545 345 2626; x_wconf 90' lang='lat' dir='ltr'>sequentibus.</span> <span class='ocrx_word' id='word_1_205' title='bbox 391 2545 463 2605; x_wconf 89' lang='lat' dir='ltr'>Erat</span> <span class='ocrx_word' id='word_1_206' title='bbox 491 2550 592 2605; x_wconf 86' lang='lat' dir='ltr'>autem</span> <span class='ocrx_word' id='word_1_207' title='bbox 623 2550 723 2604; x_wconf 89' lang='lat' dir='ltr'>tantus</span> <span class='ocrx_word' id='word_1_208' title='bbox 753 2542 867 2604; x_wconf 88' lang='lat' dir='ltr'>clamor</span> <span class='ocrx_word' id='word_1_209' title='bbox 888 2551 920 2605; x_wconf 88' lang='lat' dir='ltr'>ot</span> <span class='ocrx_word' id='word_1_210' title='bbox 941 2545 1097 2606; x_wconf 88' lang='lat' dir='ltr'>hominum</span> <span class='ocrx_word' id='word_1_211' title='bbox 1120 2548 1316 2625; x_wconf 84' lang='lat' dir='ltr'>compressio,</span> <span class='ocrx_word' id='word_1_212' title='bbox 1376 2604 1386 2627; x_wconf 67' lang='grc'><strong><em>,</em></strong></span> 
     </span>
     <span class='ocr_line' id='line_1_25' title="bbox 140 2646 1316 2729; baseline -0.002 -17"><span class='ocrx_word' id='word_1_213' title='bbox 140 2649 222 2729; x_wconf 92' lang='lat' dir='ltr'>quod</span> <span class='ocrx_word' id='word_1_214' title='bbox 244 2668 304 2710; x_wconf 95' lang='lat' dir='ltr'>non</span> <span class='ocrx_word' id='word_1_215' title='bbox 328 2656 375 2711; x_wconf 89' lang='lat' dir='ltr'>est</span> <span class='ocrx_word' id='word_1_216' title='bbox 398 2646 534 2717; x_wconf 88' lang='lat' dir='ltr'>dicibile,</span> <span class='ocrx_word' id='word_1_217' title='bbox 559 2653 604 2707; x_wconf 91' lang='lat' dir='ltr'>tot</span> <span class='ocrx_word' id='word_1_218' title='bbox 625 2647 738 2707; x_wconf 91' lang='lat' dir='ltr'>lumina</span> <span class='ocrx_word' id='word_1_219' title='bbox 761 2654 793 2708; x_wconf 91' lang='lat' dir='ltr'>et</span> <span class='ocrx_word' id='word_1_220' title='bbox 816 2646 973 2720; x_wconf 87' lang='lat' dir='ltr'>candelae,</span> <span class='ocrx_word' id='word_1_221' title='bbox 1006 2655 1122 2709; x_wconf 84' lang='lat' dir='ltr'>tantum</span> <span class='ocrx_word' id='word_1_222' title='bbox 1144 2650 1316 2728; x_wconf 90' lang='lat' dir='ltr'>tripudium,</span> 
     </span>
     <span class='ocr_line' id='line_1_26' title="bbox 139 2749 1315 2832; baseline -0.001 -17"><span class='ocrx_word' id='word_1_223' title='bbox 139 2770 175 2815; x_wconf 93' lang='lat' dir='ltr'>ac</span> <span class='ocrx_word' id='word_1_224' title='bbox 204 2755 231 2814; x_wconf 90' lang='lat' dir='ltr'>si</span> <span class='ocrx_word' id='word_1_225' title='bbox 259 2758 342 2832; x_wconf 80' lang='lat' dir='ltr'>esset</span> <span class='ocrx_word' id='word_1_226' title='bbox 374 2751 416 2813; x_wconf 93' lang='lat' dir='ltr'>ibi</span> <span class='ocrx_word' id='word_1_227' title='bbox 445 2754 543 2811; x_wconf 90' lang='lat' dir='ltr'>totum</span> <span class='ocrx_word' id='word_1_228' title='bbox 573 2749 678 2810; x_wconf 87' lang='lat' dir='ltr'>mundi</span> <span class='ocrx_word' id='word_1_229' title='bbox 709 2749 850 2828; x_wconf 83' lang='lat' dir='ltr'>gaudium</span> <span class='ocrx_word' id='word_1_230' title='bbox 881 2751 991 2813; x_wconf 90' lang='lat' dir='ltr'>etboc</span> <span class='ocrx_word' id='word_1_231' title='bbox 1015 2755 1131 2813; x_wconf 92' lang='lat' dir='ltr'>nonin</span> <span class='ocrx_word' id='word_1_232' title='bbox 1155 2753 1315 2825; x_wconf 88' lang='lat' dir='ltr'>unoloco,</span> 
     </span>
     <span class='ocr_line' id='line_1_27' title="bbox 139 2851 1315 2933; baseline -0.002 -15"><span class='ocrx_word' id='word_1_233' title='bbox 139 2855 247 2919; x_wconf 91' lang='lat' dir='ltr'>sedin</span> <span class='ocrx_word' id='word_1_234' title='bbox 270 2854 513 2916; x_wconf 84' lang='lat' dir='ltr'>omnibnsricis.</span> <span class='ocrx_word' id='word_1_235' title='bbox 559 2851 697 2915; x_wconf 88' lang='lat' dir='ltr'>Tandem</span> <span class='ocrx_word' id='word_1_236' title='bbox 727 2856 830 2915; x_wconf 84' lang='lat' dir='ltr'>autem</span> <span class='ocrx_word' id='word_1_237' title='bbox 861 2856 892 2914; x_wconf 93' lang='lat' dir='ltr'>in</span> <span class='ocrx_word' id='word_1_238' title='bbox 916 2852 1118 2933; x_wconf 86' lang='lat' dir='ltr'>Tanguardini</span> <span class='ocrx_word' id='word_1_239' title='bbox 1141 2855 1315 2919; x_wconf 88' lang='lat' dir='ltr'>Tmtscbel·</span> 
     </span>
     <span class='ocr_line' id='line_1_28' title="bbox 138 2957 1317 3035; baseline -0.001 -14"><span class='ocrx_word' id='word_1_240' title='bbox 138 2961 241 3021; x_wconf 86' lang='lat' dir='ltr'>manni</span> <span class='ocrx_word' id='word_1_241' title='bbox 267 2960 386 3020; x_wconf 86' lang='lat' dir='ltr'>curiam</span> <span class='ocrx_word' id='word_1_242' title='bbox 419 2959 549 3035; x_wconf 91' lang='lat' dir='ltr'>ingressi</span> <span class='ocrx_word' id='word_1_243' title='bbox 585 2975 689 3017; x_wconf 91' lang='lat' dir='ltr'>sumus</span> <span class='ocrx_word' id='word_1_244' title='bbox 713 2963 744 3016; x_wconf 90' lang='lat' dir='ltr'>et</span> <span class='ocrx_word' id='word_1_245' title='bbox 766 2959 897 3019; x_wconf 91' lang='lat' dir='ltr'>occurrit</span> <span class='ocrx_word' id='word_1_246' title='bbox 919 2957 1031 3018; x_wconf 87' lang='lat' dir='ltr'>familia</span> <span class='ocrx_word' id='word_1_247' title='bbox 1054 2975 1124 3019; x_wconf 91' lang='lat' dir='ltr'>cum</span> <span class='ocrx_word' id='word_1_248' title='bbox 1146 2957 1317 3031; x_wconf 90' lang='lat' dir='ltr'>luminibus,</span> 
     </span>
     <span class='ocr_line' id='line_1_29' title="bbox 142 3061 1317 3144; baseline -0.001 -21"><span class='ocrx_word' id='word_1_249' title='bbox 142 3069 173 3124; x_wconf 91' lang='lat' dir='ltr'>et</span> <span class='ocrx_word' id='word_1_250' title='bbox 194 3063 307 3124; x_wconf 90' lang='lat' dir='ltr'>bestias</span> <span class='ocrx_word' id='word_1_251' title='bbox 331 3061 558 3123; x_wconf 83' lang='lat' dir='ltr'>exoneravimus</span> <span class='ocrx_word' id='word_1_252' title='bbox 582 3067 768 3138; x_wconf 88' lang='lat' dir='ltr'>cunctasque</span> <span class='ocrx_word' id='word_1_253' title='bbox 790 3078 840 3122; x_wconf 92' lang='lat' dir='ltr'>res</span> <span class='ocrx_word' id='word_1_254' title='bbox 862 3068 980 3135; x_wconf 88' lang='lat' dir='ltr'>nostras</span> <span class='ocrx_word' id='word_1_255' title='bbox 1003 3063 1034 3121; x_wconf 94' lang='lat' dir='ltr'>in</span> <span class='ocrx_word' id='word_1_256' title='bbox 1055 3080 1148 3144; x_wconf 86' lang='lat' dir='ltr'>unum</span> <span class='ocrx_word' id='word_1_257' title='bbox 1164 3062 1317 3123; x_wconf 92' lang='lat' dir='ltr'>cumulum</span> 
     </span>
     <span class='ocr_line' id='line_1_30' title="bbox 136 3162 1316 3243; baseline -0.002 -17"><span class='ocrx_word' id='word_1_258' title='bbox 136 3164 316 3243; x_wconf 88' lang='lat' dir='ltr'>jactavimus</span> <span class='ocrx_word' id='word_1_259' title='bbox 339 3182 436 3242; x_wconf 89' lang='lat' dir='ltr'>usque</span> <span class='ocrx_word' id='word_1_260' title='bbox 468 3180 565 3223; x_wconf 87' lang='lat' dir='ltr'>mane.</span> <span class='ocrx_word' id='word_1_261' title='bbox 613 3162 795 3241; x_wconf 85' lang='lat' dir='ltr'>Compositis</span> <span class='ocrx_word' id='word_1_262' title='bbox 827 3165 917 3226; x_wconf 92' lang='lat' dir='ltr'>rebus</span> <span class='ocrx_word' id='word_1_263' title='bbox 951 3163 1112 3226; x_wconf 91' lang='lat' dir='ltr'>introducti</span> <span class='ocrx_word' id='word_1_264' title='bbox 1145 3165 1256 3225; x_wconf 90' lang='lat' dir='ltr'>fuimus</span> <span class='ocrx_word' id='word_1_265' title='bbox 1284 3166 1316 3225; x_wconf 96' lang='lat' dir='ltr'>in</span> 
     </span>
     <span class='ocr_line' id='line_1_31' title="bbox 140 3266 1317 3347; baseline -0.003 -17"><span class='ocrx_word' id='word_1_266' title='bbox 140 3268 292 3347; x_wconf 89' lang='lat' dir='ltr'>quoddam</span> <span class='ocrx_word' id='word_1_267' title='bbox 323 3267 436 3346; x_wconf 83' lang='lat' dir='ltr'>grande</span> <span class='ocrx_word' id='word_1_268' title='bbox 468 3266 679 3336; x_wconf 91' lang='lat' dir='ltr'>coenaculum,</span> <span class='ocrx_word' id='word_1_269' title='bbox 714 3272 854 3338; x_wconf 89' lang='lat' dir='ltr'>stratum,</span> <span class='ocrx_word' id='word_1_270' title='bbox 888 3268 1063 3346; x_wconf 89' lang='lat' dir='ltr'>pulchrum,</span> <span class='ocrx_word' id='word_1_271' title='bbox 1100 3266 1256 3345; x_wconf 90' lang='lat' dir='ltr'>depictum</span> <span class='ocrx_word' id='word_1_272' title='bbox 1286 3274 1317 3328; x_wconf 90' lang='lat' dir='ltr'>et</span> 
     </span>
     <span class='ocr_line' id='line_1_32' title="bbox 140 3351 1314 3449; baseline -0.001 -18"><span class='ocrx_word' id='word_1_273' title='bbox 140 3388 291 3432; x_wconf 87' lang='lat' dir='ltr'>marmore</span> <span class='ocrx_word' id='word_1_274' title='bbox 314 3370 407 3448; x_wconf 90' lang='lat' dir='ltr'>polito</span> <span class='ocrx_word' id='word_1_275' title='bbox 430 3371 590 3441; x_wconf 86' lang='lat' dir='ltr'>vestitum,</span> <span class='ocrx_word' id='word_1_276' title='bbox 614 3369 668 3430; x_wconf 92' lang='lat' dir='ltr'>sed</span> <span class='ocrx_word' id='word_1_277' title='bbox 692 3370 882 3441; x_wconf 72' lang='lat' dir='ltr'>sinebatis,</span> <span class='ocrx_word' id='word_1_278' title='bbox 906 3351 1111 3449; x_wconf 58' lang='lat' dir='ltr'>sine&#39;pannis,</span> <span class='ocrx_word' id='word_1_279' title='bbox 1136 3372 1202 3431; x_wconf 91' lang='lat' dir='ltr'>sine</span> <span class='ocrx_word' id='word_1_280' title='bbox 1219 3388 1314 3432; x_wconf 90' lang='lat' dir='ltr'>scam·</span> 
     </span>
     <span class='ocr_line' id='line_1_33' title="bbox 139 3472 1317 3552; baseline -0.003 -18"><span class='ocrx_word' id='word_1_281' title='bbox 139 3474 187 3534; x_wconf 89' lang='lat' dir='ltr'>nis</span> <span class='ocrx_word' id='word_1_282' title='bbox 203 3480 241 3546; x_wconf 89' lang='lat' dir='ltr'>et</span> <span class='ocrx_word' id='word_1_283' title='bbox 264 3472 398 3534; x_wconf 93' lang='lat' dir='ltr'>sedimus</span> <span class='ocrx_word' id='word_1_284' title='bbox 421 3489 513 3551; x_wconf 90' lang='lat' dir='ltr'>super</span> <span class='ocrx_word' id='word_1_285' title='bbox 536 3473 756 3550; x_wconf 83' lang='lat' dir='ltr'>pavimentum,</span> <span class='ocrx_word' id='word_1_286' title='bbox 780 3473 960 3533; x_wconf 90' lang='lat' dir='ltr'>reclinantes</span> <span class='ocrx_word' id='word_1_287' title='bbox 983 3489 1045 3533; x_wconf 82' lang='lat' dir='ltr'>nos.</span> <span class='ocrx_word' id='word_1_288' title='bbox 1062 3472 1100 3533; x_wconf 92' lang='lat' dir='ltr'>ad</span> <span class='ocrx_word' id='word_1_289' title='bbox 1115 3475 1268 3552; x_wconf 84' lang='lat' dir='ltr'>parietes,</span> <span class='ocrx_word' id='word_1_290' title='bbox 1286 3477 1317 3533; x_wconf 89' lang='lat' dir='ltr'>et</span> 
     </span>
     <span class='ocr_line' id='line_1_34' title="bbox 140 3574 1318 3658; baseline 0.001 -23"><span class='ocrx_word' id='word_1_291' title='bbox 140 3574 302 3635; x_wconf 88' lang='lat' dir='ltr'>dormitare</span> <span class='ocrx_word' id='word_1_292' title='bbox 326 3577 497 3654; x_wconf 91' lang='lat' dir='ltr'>coepimus,</span> <span class='ocrx_word' id='word_1_293' title='bbox 531 3574 587 3635; x_wconf 90' lang='lat' dir='ltr'>sed</span> <span class='ocrx_word' id='word_1_294' title='bbox 619 3576 752 3652; x_wconf 88' lang='lat' dir='ltr'>quietem</span> <span class='ocrx_word' id='word_1_295' title='bbox 780 3592 889 3653; x_wconf 88' lang='lat' dir='ltr'>capere</span> <span class='ocrx_word' id='word_1_296' title='bbox 923 3593 984 3636; x_wconf 92' lang='lat' dir='ltr'>non</span> <span class='ocrx_word' id='word_1_297' title='bbox 1004 3577 1169 3658; x_wconf 84' lang='lat' dir='ltr'>potuimus</span> <span class='ocrx_word' id='word_1_298' title='bbox 1193 3582 1318 3654; x_wconf 90' lang='lat' dir='ltr'>propter</span> 
     </span>
     <span class='ocr_line' id='line_1_35' title="bbox 138 3676 1316 3758; baseline -0.002 -19"><span class='ocrx_word' id='word_1_299' title='bbox 138 3676 338 3756; x_wconf 88' lang='lat' dir='ltr'>tripudiantes</span> <span class='ocrx_word' id='word_1_300' title='bbox 353 3680 385 3739; x_wconf 92' lang='lat' dir='ltr'>in</span> <span class='ocrx_word' id='word_1_301' title='bbox 401 3680 492 3739; x_wconf 86' lang='lat' dir='ltr'>curia.</span> <span class='ocrx_word' id='word_1_302' title='bbox 538 3678 628 3739; x_wconf 86' lang='lat' dir='ltr'>Venit</span> <span class='ocrx_word' id='word_1_303' title='bbox 643 3685 745 3738; x_wconf 91' lang='lat' dir='ltr'>autem</span> <span class='ocrx_word' id='word_1_304' title='bbox 760 3676 1004 3757; x_wconf 89' lang='lat' dir='ltr'>Tanguardinus,</span> <span class='ocrx_word' id='word_1_305' title='bbox 1027 3677 1151 3739; x_wconf 90' lang='lat' dir='ltr'>dicens:</span> <span class='ocrx_word' id='word_1_306' title='bbox 1176 3687 1316 3758; x_wconf 88' lang='lat' dir='ltr'>oportere</span> 
     </span>
     <span class='ocr_line' id='line_1_36' title="bbox 139 3779 1316 3859; baseline -0.002 -17"><span class='ocrx_word' id='word_1_307' title='bbox 139 3798 197 3842; x_wconf 91' lang='lat' dir='ltr'>nos</span> <span class='ocrx_word' id='word_1_308' title='bbox 221 3781 265 3840; x_wconf 90' lang='lat' dir='ltr'>sic</span> <span class='ocrx_word' id='word_1_309' title='bbox 288 3797 413 3842; x_wconf 89' lang='lat' dir='ltr'>manere</span> <span class='ocrx_word' id='word_1_310' title='bbox 437 3798 534 3859; x_wconf 88' lang='lat' dir='ltr'>usque</span> <span class='ocrx_word' id='word_1_311' title='bbox 566 3780 604 3842; x_wconf 90' lang='lat' dir='ltr'>ad</span> <span class='ocrx_word' id='word_1_312' title='bbox 634 3780 717 3842; x_wconf 93' lang='lat' dir='ltr'>diem</span> <span class='ocrx_word' id='word_1_313' title='bbox 742 3789 774 3843; x_wconf 90' lang='lat' dir='ltr'>et</span> <span class='ocrx_word' id='word_1_314' title='bbox 795 3789 867 3843; x_wconf 91' lang='lat' dir='ltr'>tunc</span> <span class='ocrx_word' id='word_1_315' title='bbox 887 3781 984 3844; x_wconf 80' lang='lat' dir='ltr'>uellet</span> <span class='ocrx_word' id='word_1_316' title='bbox 1005 3782 1210 3858; x_wconf 89' lang='lat' dir='ltr'>provisionem</span> <span class='ocrx_word' id='word_1_317' title='bbox 1230 3779 1316 3840; x_wconf 93' lang='lat' dir='ltr'>nobis</span> 
     </span>
     <span class='ocr_line' id='line_1_37' title="bbox 140 3881 1318 3961; baseline 0.002 -17"><span class='ocrx_word' id='word_1_318' title='bbox 140 3881 242 3944; x_wconf 89' lang='lat' dir='ltr'>faeere</span> <span class='ocrx_word' id='word_1_319' title='bbox 266 3882 304 3945; x_wconf 90' lang='lat' dir='ltr'>de</span> <span class='ocrx_word' id='word_1_320' title='bbox 326 3882 511 3945; x_wconf 87' lang='lat' dir='ltr'>habitaculis.</span> <span class='ocrx_word' id='word_1_321' title='bbox 556 3883 635 3944; x_wconf 89' lang='lat' dir='ltr'>Dum</span> <span class='ocrx_word' id='word_1_322' title='bbox 659 3890 760 3945; x_wconf 90' lang='lat' dir='ltr'>autem</span> <span class='ocrx_word' id='word_1_323' title='bbox 782 3883 848 3946; x_wconf 90' lang='lat' dir='ltr'>dies</span> <span class='ocrx_word' id='word_1_324' title='bbox 878 3884 1087 3961; x_wconf 89' lang='lat' dir='ltr'>illucesceret,</span> <span class='ocrx_word' id='word_1_325' title='bbox 1122 3892 1318 3946; x_wconf 87' lang='lat' dir='ltr'>cessaverunt</span> 
     </span>
     <span class='ocr_line' id='line_1_38' title="bbox 142 3986 1316 4066; baseline 0 -19"><span class='ocrx_word' id='word_1_326' title='bbox 142 3987 177 4048; x_wconf 90' lang='lat' dir='ltr'>ab</span> <span class='ocrx_word' id='word_1_327' title='bbox 200 3986 409 4066; x_wconf 87' lang='lat' dir='ltr'>inquietudine</span> <span class='ocrx_word' id='word_1_328' title='bbox 433 3995 465 4048; x_wconf 90' lang='lat' dir='ltr'>et</span> <span class='ocrx_word' id='word_1_329' title='bbox 486 3987 599 4049; x_wconf 88' lang='lat' dir='ltr'>factum</span> <span class='ocrx_word' id='word_1_330' title='bbox 619 3987 675 4048; x_wconf 90' lang='lat' dir='ltr'>fuit</span> <span class='ocrx_word' id='word_1_331' title='bbox 704 3988 859 4049; x_wconf 89' lang='lat' dir='ltr'>silentium</span> <span class='ocrx_word' id='word_1_332' title='bbox 887 4004 1027 4066; x_wconf 87' lang='lat' dir='ltr'>magnum</span> <span class='ocrx_word' id='word_1_333' title='bbox 1057 3988 1089 4047; x_wconf 93' lang='lat' dir='ltr'>in</span> <span class='ocrx_word' id='word_1_334' title='bbox 1120 3987 1228 4059; x_wconf 90' lang='lat' dir='ltr'>domo,</span> <span class='ocrx_word' id='word_1_335' title='bbox 1260 4004 1316 4047; x_wconf 92' lang='lat' dir='ltr'>nos</span> 
     </span>
     <span class='ocr_line' id='line_1_39' title="bbox 141 4087 1318 4163; baseline 0 -12"><span class='ocrx_word' id='word_1_336' title='bbox 141 4102 213 4153; x_wconf 83' lang='lat' dir='ltr'>vero</span> <span class='ocrx_word' id='word_1_337' title='bbox 235 4108 321 4153; x_wconf 87' lang='lat' dir='ltr'>more</span> <span class='ocrx_word' id='word_1_338' title='bbox 343 4096 449 4152; x_wconf 90' lang='lat' dir='ltr'>nostro</span> <span class='ocrx_word' id='word_1_339' title='bbox 472 4094 656 4155; x_wconf 85' lang='lat' dir='ltr'>surreximus</span> <span class='ocrx_word' id='word_1_340' title='bbox 678 4100 710 4156; x_wconf 89' lang='lat' dir='ltr'>et</span> <span class='ocrx_word' id='word_1_341' title='bbox 731 4093 804 4154; x_wconf 89' lang='lat' dir='ltr'>laeti</span> <span class='ocrx_word' id='word_1_342' title='bbox 827 4091 866 4154; x_wconf 89' lang='lat' dir='ltr'>de</span> <span class='ocrx_word' id='word_1_343' title='bbox 882 4089 1010 4154; x_wconf 85' lang='lat' dir='ltr'>adventu</span> <span class='ocrx_word' id='word_1_344' title='bbox 1026 4087 1086 4151; x_wconf 92' lang='lat' dir='ltr'>diei</span> <span class='ocrx_word' id='word_1_345' title='bbox 1102 4090 1229 4163; x_wconf 88' lang='lat' dir='ltr'>fuimus;</span> <span class='ocrx_word' id='word_1_346' title='bbox 1254 4095 1318 4151; x_wconf 85' lang='lat' dir='ltr'>erat</span> 
     </span>
    </p>
   </div>
   <div class='ocr_carea' id='block_1_5' title="bbox 1063 4204 1107 4260">
    <p class='ocr_par' dir='ltr' id='par_1_6' title="bbox 1063 4204 1107 4260">
     <span class='ocr_line' id='line_1_40' title="bbox 1063 4204 1107 4260; baseline 0 -26"><span class='ocrx_word' id='word_1_347' title='bbox 1063 4204 1107 4260; x_wconf 64' lang='lat'>22</span> 
     </span>
    </p>
   </div>
   <div class='ocr_carea' id='block_1_6' title="bbox 0 0 1466 4710">
    <p class='ocr_par' dir='ltr' id='par_1_7' title="bbox 0 0 1466 4710">
     <span class='ocr_line' id='line_1_41' title="bbox 0 0 1466 4710; baseline 0 0"><span class='ocrx_word' id='word_1_348' title='bbox 0 0 1466 4710; x_wconf 95' lang='lat' dir='ltr'> </span> 
     </span>
    </p>
   </div>
  </div>
 </body>
</html>
