2874 4770
709 153 777 224 274

157 343 232 403 mari
256 339 419 406 Gaditano,
444 350 461 394 a
483 331 609 394 meridie
632 331 731 412 (168
747 329 791 412 a)
815 332 1036 394 mediterraneo
1060 333 1150 404 mari,
1174 339 1208 393 et
1232 351 1250 393 a
1274 352 1348 413 scp-

158 447 319 506 temtrione
341 440 447 522 frigida
469 458 555 502 rona.
601 440 687 501 Dicta
722 447 770 501 est
792 449 894 503 autern
916 441 1037 519 Europa
1069 439 1167 500 afilia
1191 439 1348 519 Agenoris

157 548 216 611 fllia
237 549 319 626 regis
342 544 431 625 Tyri,
454 544 493 605 de
516 562 575 624 qua
599 544 667 605 talis
690 544 784 605 fertur
806 526 914 605 tabula.
957 544 1034 604 Cum
1057 551 1142 605 esset
1164 545 1253 624 virgo
1277 547 1347 625 pul·

157 654 307 715 cherrima
334 656 457 710 etcum
489 649 552 709 suis
581 647 733 708 sodalibus
756 649 786 708 in
810 650 902 727 pratis
926 647 1114 709 Phoenicum
1138 666 1233 726 supra
1257 649 1347 709 littus

158 756 297 826 luderet,
320 751 543 815 transformavit
566 768 600 812 se
623 749 741 830 Jupiter
762 753 793 811 in
818 751 978 813 candidum
1002 758 1122 812 taurum
1147 758 1178 812 et
1194 754 1344 831 pulcher-

157 861 267 921 rimum
301 863 333 919 et
355 859 500 919 armentis
531 856 572 917 ibi
602 857 632 916 iu
656 857 778 935 pascuis
808 858 1006 917 existentibus
1028 857 1205 916 immiscuit.
1251 857 1346 920 Hunc

157 983 228 1027 meu
252 970 391 1025 cerneret
413 965 516 1041 virgo,
540 961 762 1041 pulchritudine
785 968 817 1022 ct
839 960 1072 1022 mansuetudine
1096 959 1162 1037 ejus
1187 960 1344 1022 delectata

155 1069 241 1131 illum
265 1070 364 1148 primo
387 1074 516 1128 tractare
539 1066 677 1126 manibus
700 1066 801 1142 eoepit
824 1082 859 1126 ae
882 1064 952 1124 inde
980 1062 1046 1139 ejus
1064 1064 1246 1125 conscendit
1269 1064 1342 1126 dor·

157 1192 240 1247 snm,
275 1175 326 1253 qui
349 1171 492 1251 paulatim
516 1167 684 1249 procedens
715 1177 821 1230 contra
843 1184 926 1234 mare
953 1185 1023 1228 cum
1045 1186 1083 1229 ea
1105 1171 1136 1228 in
1159 1186 1245 1229 mare
1268 1188 1341 1248 pro-

157 1281 243 1351 siliit,
278 1293 355 1356 quae
377 1277 481 1336 territa
511 1274 647 1333 manibus
679 1273 819 1334 cornibus
844 1272 1042 1352 apprehensis
1074 1290 1108 1332 se
1132 1275 1254 1344 tenuit,
1290 1274 1341 1334 ille

157 1392 257 1448 antem
285 1386 475 1443 transnatans
504 1395 574 1438 cum
615 1394 650 1438 ea
690 1394 787 1454 usque
816 1378 848 1436 in
876 1376 996 1436 Cretam
1025 1375 1173 1449 insulam,
1207 1375 1247 1436 de
1281 1394 1341 1454 qua

156 1508 236 1550 nunc
259 1483 359 1548 sermo
383 1491 446 1553 est,
477 1481 614 1553 deduxit,
645 1482 696 1542 ubi
718 1465 874 1542 luveram
897 1481 1037 1541 redactus
1060 1479 1189 1549 formam
1215 1499 1285 1541 eam
1309 1485 1340 1541 in

155 1611 283 1655 uxorem
316 1590 433 1667 accepit
465 1594 495 1649 et
518 1588 556 1647 ob
588 1585 654 1663 ejus
678 1587 820 1647 eximium
851 1603 1003 1657 amorem,
1037 1592 1072 1647 ut
1102 1593 1241 1646 maneret
1270 1585 1339 1660 ejus

156 1698 303 1758 memoria
314 1701 470 1773 perpetua,
488 1692 607 1751 tertiam
620 1690 850 1768 mundipartem
866 1690 902 1751 ab
918 1707 953 1750 ea
963 1689 1338 1769 de‘nominavitEuropam.

241 1801 325 1862 llaec
338 1798 456 1877 Europa
479 1796 583 1874 spatiis
610 1795 706 1872 major
728 1801 773 1855 est
789 1793 890 1856 Africa
913 1801 944 1855 et
959 1796 1058 1854 m'mor
1071 1794 1157 1865 Asia,
1181 1801 1212 1854 et
1230 1813 1338 1873 quam·

156 1909 202 1970 vis
225 1907 264 1966 sit
286 1905 383 1964 minor
405 1895 491 1972 Asia,
515 1902 544 1961 ei
567 1880 669 1962 tamen
692 1919 746 1980 par
769 1907 814 1961 est
839 1903 870 1962 in
898 1901 1080 1979 populorum
1103 1901 1335 1969 numerositate,

158 2017 190 2070 et
213 2008 289 2068 torte
314 2006 408 2067 multo
433 2004 537 2082 major,
560 2006 690 2086 populos
713 2007 810 2078 enim,
835 2013 868 2065 ut
891 2005 963 2066 dicit
979 2003 1106 2075 Plinius,
1131 2003 1182 2065 alit
1206 2022 1338 2082 corpore

156 2111 304 2190 majores,
337 2109 449 2170 viribus
479 2109 636 2181 fortiores,
672 2111 771 2169 animo
806 2108 999 2178 audaciores,
1032 2107 1131 2169 forma
1161 2114 1191 2168 et
1230 2111 1337 2187 specie

155 2213 344 2296 pulchriores
368 2232 457 2292 quam
480 2209 571 2273 Asiae
594 2213 643 2273 sel
664 2210 784 2273 Africae
807 2215 958 2292 regiones.

241 2320 305 2381 Hae
327 2327 390 2380 tres
414 2317 518 2378 mundi
549 2326 650 2397 partes
680 2319 754 2394 mari
776 2317 1000 2379 mediterraneo
1030 2319 1268 2386 intersecantur,
1306 2324 1338 2378 et

155 2430 249 2490 maria
278 2427 370 2487 trium
400 2424 530 2503 partium
559 2421 595 2483 ad
620 2421 740 2483 Cretam
769 2423 899 2483 insulam
928 2423 1144 2493 terminantur,
1178 2439 1258 2498 quae
1288 2429 1338 2482 est

153 2533 251 2594 insula
268 2530 461 2597 suavissima,
485 2525 686 2598 fertilissima,
710 2528 789 2587 inter
804 2527 958 2605 paradisos
973 2533 1133 2587 terrestres
1150 2531 1335 2603 computata.

155 2636 232 2697 Sunt
249 2636 329 2696 enim
354 2650 405 2692 sex
416 2637 578 2692 terrestres
599 2631 744 2709 paradisi:
768 2650 846 2692 unus
870 2633 901 2691 in
917 2631 1075 2691 occidente
1091 2648 1195 2692 versus
1213 2631 1336 2711 Zephy-

155 2759 222 2800 rum
245 2757 299 2799 seu
323 2736 491 2805 favonium3
516 2735 643 2793 alterum
666 2736 697 2793 in
721 2734 933 2812 aequinoctiali
956 2737 1035 2795 inter
1056 2735 1168 2794 Eurum
1192 2741 1223 2793 et
1238 2735 1336 2801 Euro-

154 2849 276 2911 notum;
311 2842 434 2911 tertius,
468 2838 506 2900 de
530 2857 590 2917 quo
614 2837 697 2899 Beda
720 2838 866 2917 loquitur,
896 2841 977 2900 inter
1004 2841 1105 2900 caneri
1128 2841 1278 2918 tropicum
1304 2848 1337 2902 et

155 2942 300 3004 circulum
325 2944 538 3012 antarcticum;
575 2949 700 3020 quartus
721 2942 877 3020 paradisus
909 2950 956 3003 est
987 2961 1093 3004 versus
1117 2946 1269 3004 orientem
1296 2944 1336 3004 ad

152 3046 263 3106 Eurum
287 3045 363 3105 ultra
387 3047 653 3124 aequinoctialem,
688 3049 720 3106 in
744 3065 805 3126 quo
835 3054 906 3108 sunt
934 3049 1057 3108 arbores
1086 3049 1176 3118 solis;
1212 3052 1336 3126 quintus

154 3155 202 3210 est
232 3148 395 3229 adpotum
418 3154 578 3224 arcticum,
612 3150 649 3211 de
681 3169 742 3229 quo
773 3152 895 3211 Solinus
922 3151 1069 3229 loquitur;
1104 3160 1207 3212 sextus
1242 3155 1336 3213 etiam

151 3254 304 3312 invenitur
325 3254 356 3311 iu
379 3253 552 3326 occidente,
577 3254 615 3316 de
638 3272 698 3332 quo
714 3253 912 3333 leronymus:
938 3253 1016 3333 quod
1039 3261 1161 3315 senatus
1186 3255 1333 3335 populus-

154 3372 212 3433 que
226 3354 376 3416 Romanus
400 3356 567 3428 mandavit,
592 3374 743 3433 summurn
767 3374 887 3419 sacrum
909 3357 1083 3437 pontificem
1098 3359 1155 3419 nisi
1176 3358 1214 3419 de
1229 3359 1334 3421 ltaliae

152 3457 328 3522 deliciarum
350 3459 439 3520 horto
463 3461 542 3537 eligi.

238 3563 362 3624 Praeter
384 3562 439 3623 hos
463 3563 617 3641 paradisos
641 3566 752 3627 multos
782 3567 969 3636 invenimus,
1008 3564 1046 3625 de
1079 3566 1188 3644 quibus
1216 3567 1333 3645 antiqui

152 3666 353 3742 seripserunt,
378 3653 456 3727 sicut
479 3666 565 3728 Plato
588 3672 618 3729 iu
645 3669 754 3747 Gorgia
779 3668 875 3730 dicier
907 3687 977 3748 ego,
1001 3672 1113 3748 inquit,
1137 3674 1332 3733 verissimum

152 3770 295 3838 arbitror,
325 3768 405 3846 quod
429 3772 480 3848 qui
499 3769 582 3846 juste
605 3780 771 3851 sancteque
795 3775 881 3845 vixit,
915 3791 985 3835 eum
1009 3780 1169 3852 postquam
1192 3783 1330 3836 mortuus

150 3874 255 3940 luerit,
278 3876 309 3933 in
332 3875 493 3936 beatorum.
511 3877 624 3938 institas
640 3879 810 3958 protectum
827 3881 941 3956 absque
957 3878 1017 3940 ullo
1032 3877 1194 3939 incomodo
1211 3896 1331 3939 summa

148 3974 389 4039 iubeatitudine
412 3976 523 4035 vivere.
570 3977 610 4039 Ex
635 3998 694 4058 quo
718 3987 815 4060 patet,
840 3984 920 4060 quod
937 3981 1080 4061 quasdam
1104 3982 1218 4044 insulas
1241 4000 1329 4062 para·

152 4081 235 4141 dlsos
265 4086 295 4140 et
326 4078 518 4139 beatitudinis
552 4082 636 4142 locos
668 4102 737 4145 esse
768 4088 960 4148 aestimavit·
991 4086 1142 4148 Diodorns
1174 4085 1254 4148 Libr‚
1278 4086 1327 4148 111.

151 4182 239 4257 dicit,
262 4182 392 4244 insulam
415 4198 484 4242 esse
506 4183 537 4244 in
551 4184 741 4250 meridionali
763 4203 896 4261 oceano,
919 4189 958 4251 de
980 4207 1039 4269 qua
1061 4193 1138 4252 mira
1159 4199 1328 4264 narrantur,
