2874 4770
694 151 757 222 rra

127 244 289 493 ,a
305 293 383 392 *vero
398 345 453 408 pro
469 327 595 402 nauibus
610 328 785 391 infidelium.
815 327 932 409 Lingua
948 299 1049 391 autem
1065 337 1231 409 ntmmque
1247 348 1315 410 por-

219 452 233 494 s

236 451 327 495 ecana
341 435 373 495 in
388 432 571 514 protundum
586 441 730 512 protensa
746 437 836 496 maris
854 434 1040 514 duplicatum
1062 452 1184 495 murum
1210 452 1314 513 super·

138 535 328 598 aedificatum
348 539 480 599 continet
496 555 565 598 cum
588 536 657 600 XVl
672 541 821 611 turribus,
845 547 876 601 et
899 542 930 600 in
953 543 1018 600 acie
1041 539 1091 600 vel
1113 539 1173 598 fine
1194 538 1314 616 linguae

137 640 169 700 iu
191 643 282 701 maris
304 640 452 721 profundo
477 647 524 701 est
546 641 702 720 praedicta
724 642 795 703 Julii
818 646 922 714 turris,
946 644 1032 722 quasi
1056 649 1187 703 castrum
1213 647 1246 701 et
1266 641 1313 702 iir-

138 738 305 806 missimnm
328 744 525 814 fortalitium,
555 744 637 824 quod
659 746 811 825 ampliavit
833 755 863 808 et
886 749 1040 809 renovavit
1062 745 1228 806 modernus
1248 743 1312 804 Sol·

139 847 236 909 danus
259 850 370 909 mimm
392 850 424 909 in
446 847 586 921 modum,
610 866 805 929 persuasusa
827 850 957 928 quodam
973 851 1119 929 abnegato
1137 848 1313 919 Christiano,

250 952 355 1014 ‘lerunt
376 952 472 1013 luisse
495 950 534 1012 de
557 950 766 1032 Oppenheim,
801 956 853 1032 qui
880 955 1061 1015 architector
1089 954 1170 1015 illius
1202 953 1314 1012 exstitit

101 968 255 1135 ,ae,
280 1073 374 1134 opere
397 1062 499 1116 autem
522 1056 675 1134 completo
700 1058 777 1119 clam
811 1061 940 1120 recessit
969 1066 1000 1120 et
1030 1057 1068 1119 ad
1091 1048 1242 1136 greniium
1264 1072 1311 1116 ec-

138 1159 248 1220 clesiae
271 1158 368 1219 rediit.
415 1157 543 1231 Quidam
565 1159 685 1235 dieunt,
720 1162 832 1223 lulium
862 1163 940 1224 banc
969 1164 1076 1224 turrim
1106 1159 1252 1221 fundasse
1282 1162 1312 1220 in

136 1267 212 1325 mari
234 1265 265 1323 in
287 1263 371 1334 loco,
408 1263 459 1323 ubi
482 1279 574 1324 aurea
595 1263 797 1328 famosissima
819 1267 891 1328 solis
915 1285 1020 1328 mensa
1042 1266 1098 1326 luit
1118 1271 1241 1343 reperta
1260 1280 1312 1342 per

136 1371 316 1449 piscatores,
341 1367 380 1430 de
403 1386 463 1448 quo
486 1367 668 1447 leronymus
692 1371 762 1431 lacit
780 1373 966 1431 mentionem
988 1373 1017 1430 in
1032 1368 1166 1448 Epistola
1182 1368 1223 1429 ad
1237 1367 1309 1429 Pau·

136 1475 248 1546 linum,
272 1477 352 1537 circa
373 1473 470 1534 tinemv
486 1474 574 1552 primi
599 1472 738 1552 capituli,
764 1481 794 1534 et
816 1473 953 1535 Valerius
976 1473 1125 1535 Maximus
1148 1471 1240 1533 Libro
1260 1469 1308 1532 tv.

135 1577 336 1640 Piscatoribus
371 1580 452 1638 enim
485 1579 516 1638 in
548 1578 623 1636 mari
646 1576 828 1638 verriculum
851 1578 1037 1639 trahentibus
1068 1575 1191 1656 quidam
1213 1577 1245 1635 in
1266 1574 1311 1634 lit-

135 1687 201 1743 tore
223 1684 371 1789 tpansiens
390 1679 508 1758 jactum
531 1672 622 1753 emit,
658 1688 792 1766 extracto
823 1690 926 1759 autem
956 1689 1022 1743 rete
1044 1682 1147 1759 magni
1168 1679 1311 1759 ponderis

102 1785 106 1790 '
136 1801 259 1846 auream
281 1801 419 1846 mensam
443 1791 655 1858 extraxerunt;
676 1791 753 1846 'orta
781 1792 828 1846 est
858 1788 938 1846 inter
962 1787 1129 1865 piscatores
1161 1790 1194 1844 et
1217 1783 1311 1854 illum,

136 1890 188 1967 qui
205 1887 322 1965 Jactum
344 1895 468 1961 emerat,
492 1874 712 1962 controversia,
736 1889 794 1949 illis
817 1891 946 1968 piscium
969 1907 1003 1949 se
1027 1895 1184 1968 capturam
1207 1887 1310 1950 vendi·

136 1990 218 2052 disse
251 1990 481 2064 affirmantibus,
523 1992 582 2054 hoc
616 1992 754 2054 fortunae
786 1991 894 2055 ductus
925 1995 1037 2053 emisse
1069 1991 1202 2053 dicente.
1247 1991 1312 2064 Qua

136 2095 307 2173 conditione
330 2102 455 2176 propter
477 2098 644 2159 novitatem
667 2097 711 2158 rei
727 2103 757 2155 et
770 2095 1009 2173 magnitudinem
1028 2096 1175 2175 pecuniae
1192 2093 1230 2155 ad
1245 2095 1311 2155 uni-

134 2218 256 2265 versum
278 2202 405 2265 civitatis
420 2201 566 2280 populum
596 2200 695 2261 delata
718 2199 831 2278 placuit
845 2198 1017 2294 Appllinem
1031 2199 1215 2278 Delphicum
1237 2216 1307 2258 con·

135 2306 208 2378 suli,
228 2307 361 2367 ‘cuinam
383 2324 488 2367 mensa
511 2305 677 2384 adjudicari
707 2302 847 2365 deberet·
883 2303 942 2376 Qui
965 2303 1137 2383 respondit,
1167 2304 1212 2364 illi
1242 2318 1311 2364 esse

135 2409 278 2485 dandam,
311 2412 363 2490 qui
392 2413 540 2491 sapientia
569 2416 707 2473 caetorcs
738 2413 916 2489 praestaret.
960 2405 1111 2468 Miserunt
1139 2427 1213 2487 ergo
1245 2426 1311 2470 eam

134 2512 254 2578 Milesio
278 2515 430 2594 Sapienti,
462 2517 515 2593 qui
538 2532 654 2576 senon
677 2514 929 2596 praestantiorem
952 2514 1115 2572 aestimans
1138 2515 1224 2575 misit
1245 2531 1311 2574 eam

134 2619 242 2681 Bianti.
287 2619 357 2679 Bias
387 2618 520 2689 Pittaco,
556 2616 605 2676 bic
636 2623 782 2695 protenus
819 2618 886 2689 alii,
927 2614 1132 2695 deincepsque
1163 2636 1222 2696 per
1248 2637 1311 2678 om·

135 2741 207 2787 nem
216 2693 350 2802 'leptem
366 2722 554 2800 Sapientiam
576 2719 680 2780 orbern
703 2721 740 2782 ad
762 2722 903 2783 ultimum
926 2720 963 2781 ad
981 2720 1141 2793 Solonem,
1165 2723 1219 2801 qui
1240 2723 1311 2783 titu-

134 2827 199 2886 lum
222 2826 425 2904 amplissimae
441 2822 618 2902 prudentiae
634 2822 745 2885 habuit.
777 2826 815 2886 Et
828 2825 877 2886 bic
895 2813 993 2904 ipsam
1008 2843 1145 2886 mensam
1161 2825 1201 2886 ad
1213 2833 1310 2904 temp-

136 2929 200 3002 lum
220 2927 369 3008 Apollinis
393 2926 557 2989 transtulit.
603 2925 677 2987 Aliis
700 2929 835 3001 videtur,
858 2929 936 2989 hanc
952 2946 1089 2988 mensam
1104 2931 1135 2989 in
1150 2927 1208 2990 alia
1222 2929 1311 2989 maris

135 3032 261 3110 regione
277 3037 446 3109 repertam,
469 3029 612 3091 ininsula
629 3030 728 3103 Choa,
751 3031 789 3092 de
806 3050 865 3110 qua
880 3031 932 3092 iol,
952 3027 1023 3095 155.
1040 3031 1107 3095 vide
1125 3032 1163 3092 de
1174 3031 1310 3100 medicis,

222 3133 314 3196 istam
336 3135 457 3207 turrim,
482 3149 574 3211 quam
596 3152 678 3195 nunc
694 3136 852 3197 Sarraceni
872 3137 1029 3196 nominant
1048 3136 1205 3216 Famgtam
1228 3145 1311 3198 vete·

134 3252 184 3301 ree
199 3232 396 3301 nonunabant
410 3237 540 3298 Pharum
557 3238 606 3299 uel
621 3237 746 3310 Farmn,
770 3238 853 3299 idem
872 3244 977 3311 sonat,
999 3238 1049 3300 uel
1065 3257 1173 3318 graece
1188 3240 1311 3310 Pharos,

135 3342 217 3422 quod
239 3343 322 3405 idem
354 3349 417 3417 est,
452 3342 535 3421 quod
564 3343 660 3402 turris
679 3341 840 3413 altissima,
873 3340 1089 3416 Alexandrina,
1118 3361 1197 3422 quae
1219 3361 1312 3405 unum

135 3454 201 3508 erat
228 3447 278 3509 de.
297 3454 416 3526 septem
443 3445 547 3507 rnundi
578 3444 773 3506 mirabilibus.
818 3444 922 3505 Stabat
951 3449 1033 3507 enim
1063 3466 1156 3526 super
1185 3454 1313 3527 quatuor

135 3569 260 3614 cancros
283 3554 394 3615 vitreos
417 3551 564 3631 grandes,
589 3551 639 3629 qui
662 3548 719 3609 XX
741 3566 885 3627 passuum
902 3550 956 3609 sub
971 3553 1062 3612 maris
1078 3570 1155 3630 aqua
1170 3554 1203 3612 in
1219 3551 1311 3612 tundo

135 3657 267 3727 stabant,
298 3674 390 3735 super
420 3673 495 3735 quos
528 3655 705 3732 gravissima
734 3653 832 3714 moles
862 3654 894 3713 iu
916 3654 1009 3715 altum
1032 3662 1134 3716 erecta
1157 3655 1312 3718 aedificata

135 3767 214 3832 erat,
247 3762 279 3820 in
300 3760 386 3837 cujus
410 3760 583 3821 summitate
600 3776 722 3837 semper
736 3759 813 3836 ignis
829 3774 976 3818 accensus
993 3759 1132 3830 ardebat,
1155 3761 1209 3836 qui
1223 3759 1311 3836 longe

133 3860 255 3941 lateque
277 3880 333 3941 per
362 3879 446 3924 mare
477 3860 640 3939 splendens
670 3862 877 3939 navigantibus
910 3868 1001 3922 nocte
1030 3860 1176 3922 indicium
1206 3868 1311 3941 portus

135 3965 214 4038 erat,
238 3973 272 4029 ut
294 3967 384 4028 babet
403 3965 592 4027 Catholicum
615 3965 645 4024 in
669 3963 801 4025 dictione
824 3964 954 4038 Pharos,
977 3966 1076 4026 littera
1091 3964 1122 4026 F.
1152 3964 1220 4026 lloc
1235 3982 1313 4046 opus

135 4069 296 4151 Sapientes
319 4069 424 4132 mundi
446 4069 645 4141 mirabantur,
672 4067 825 4146 quomodo
855 4075 917 4130 tam
940 4070 1040 4146 magni
1063 4070 1163 4131 cancri
1186 4068 1253 4131 fieri
1276 4068 1313 4130 de

134 4176 214 4247 uitro
238 4179 396 4260 poterant,
419 4179 451 4236 et
473 4170 626 4254 quomodo
641 4170 753 4246 luerint
768 4173 919 4255 deportati
935 4178 966 4236 et
980 4191 1042 4236 non
1056 4173 1161 4247 tracti,
1185 4179 1217 4243 et
1231 4171 1315 4254 quod
