2874 4770
576 221 582 226 ’
699 264 743 335 17

131 444 305 524 dispersum
326 443 494 504 balsamum
515 441 660 503 invitavit.
704 438 889 505 Mirabantur
912 445 1014 501 autem
1035 435 1159 500 Soldani
1179 437 1309 501 ministri

131 565 198 609 rem
225 546 349 617 iactam,
376 544 569 616 nescientes,
600 561 636 605 an
670 561 706 604 er
737 545 828 605 animi
855 542 1009 613 libertate,
1042 541 1092 602 vel
1114 558 1152 601 ex
1172 539 1305 609 liberali-
1336 574 1339 578 -

131 654 211 719 tate,
234 654 286 709 aut
307 665 344 709 ex
365 648 507 727 passione
529 646 578 708 rel
601 646 701 725 aliqua
723 647 855 717 ratione,
879 645 926 706 vel
950 661 987 704 er
1013 642 1143 705 ruditate
1167 650 1219 704 aut
1241 661 1309 709 oru-

130 748 255 813 delitate
278 749 310 810 id
331 749 476 810 lecisset.
499 747 642 812 ¹Audiens
671 755 779 811 ¹autem
801 748 949 810 Soldanus
978 762 1042 807 rem
1072 753 1191 825 gestam
1211 747 1309 809 virum

129 856 328 919 vehementer
349 856 457 916 timere
481 856 582 933 coepit
604 873 674 916 eum
697 842 896 930 omni're‘gno
919 867 984 911 suo.
1374 838 1377 843 ’

216 958 294 1020 Sunt
316 964 419 1020 antem
444 956 535 1036 aliqui
556 955 720 1020 Mamalnci
743 955 860 1026 Cohiri,
885 953 993 1032 quibus
1009 943 1157 1013 Soldanus
1173 969 1308 1017 commn-

127 1063 211 1124 nicat
240 1063 336 1123 etiam
360 1060 398 1122 de
421 1060 519 1140 primo
540 1059 675 1121 balsamo
699 1067 731 1122 et
752 1059 796 1120 illi
817 1058 970 1118 honoratis
995 1061 1027 1115 et
1047 1055 1197 1118 nobilibus
1220 1072 1308 1135 pere·-

129 1167 222 1246 grinis
245 1163 380 1227 rendunt
402 1164 433 1226 e't
450 1162 500 1225 'eis
523 1163 694 1226 ridentibus
718 1161 926 1241 multipliciter
948 1154 1168 1240 probantesse
1182 1158 1220 1221 de
1235 1177 1308 1222 vero

129 1274 164 1330 et
185 1270 282 1349 primo
304 1266 448 1329 balsamo.
494 1263 560 1327 Una
574 1265 667 1345 proba
683 1272 742 1339 est,
766 1264 848 1344 quod
865 1265 1016 1344 accipiunt
1032 1263 1194 1325 carbonem
1208 1264 1310 1325 vivum

131 1378 163 1434 et
184 1371 320 1433 totaliter
343 1371 471 1450 ignitum
502 1374 533 1429 et
563 1369 591 1429 ei
621 1368 843 1448 superfundunt
873 1353 973 1439 unffi}
993 1365 1134 1428 duntaxat
1162 1364 1310 1445 guttulam

128 1475 271 1547 balsami,
295 1490 373 1553 qnae
395 1473 497 1533 statim
519 1461 618 1533 totum
640 1474 743 1552 ignem
766 1471 892 1550 depellit
915 1477 946 1532 et
968 1469 1131 1533 carbonem
1153 1469 1308 1546 extinguit

101 1582 103 1585 ’
131 1576 221 1652 Quod
243 1579 269 1638 si
293 1583 377 1638 esset
397 1574 565 1664 balsamum
587 1575 818 1654 sophisticatum
839 1593 895 1654 per
917 1573 1039 1652 aliquod
1060 1574 1162 1634 oleum
1183 1571 1233 1634 rel
1252 1590 1308 1632 un·

128 1686 292 1761 guentum,
315 1678 418 1740 facere
440 1697 502 1739 non
524 1685 645 1759 posset,
676 1679 732 1740 sed
755 1677 1063 1767 magisaccenderet.
1108 1675 1176 1739 Alia
1198 1676 1307 1759 proba:

131 1801 241 1863 aquam
270 1799 378 1861 puram
408 1787 439 1841 et
467 1779 607 1860 frigidam
636 1782 668 1841 in
695 1798 768 1844 vase
796 1789 864 1842 ante
897 1779 1069 1861 seponunt
1092 1773 1177 1866 etin
1200 1796 1310 1858 aquam
1338 1839 1341 1844 .

93 1918 109 1963 g
130 1892 247 1965 guttam
268 1901 358 1945 unam
374 1881 483 1944 cadere
498 1884 689 1961 p'ennittunt,
714 1892 744 1947 et
760 1886 786 1945 si
801 1892 849 1946 est
864 1882 1030 1951 balsamum
1045 1900 1159 1955 verum,
1183 1889 1309 1961 repente

129 1987 257 2052 fundum
278 1989 371 2067 petit,
393 1988 419 2048 si
441 1985 566 2058 laisum,
589 1993 764 2064 supernatat
786 1986 963 2049 sicutaliae
985 1985 1194 2067 pinguedines.
1241 1984 1309 2047 Alia

129 2093 238 2171 proba:
263 2091 414 2169 accipiunt
436 2107 488 2151 vas
511 2107 582 2151 cum
603 2090 682 2152 laete
705 2097 735 2152 et
758 2088 833 2151 duas
855 2079 989 2170 rel-tres
1005 2089 1223 2169 guttas-'inhoc
1238 2107 1308 2168 pro·

126 2195 236 2274 jiuiunt
258 2202 290 2256 et
312 2193 490 2272 dispergunt
511 2198 611 2271 guttas
633 2196 665 2255 in
688 2190 880 2273 parvissimas
900 2179 1031 2271 guttulas
1046 2209 1102 2271 per
1116 2191 1308 2271 superficiem

129 2301 232 2371 lactis3
256 2305 287 2360 et
308 2299 336 2358 si
359 2302 406 2358 est
427 2313 534 2356 verum
556 2296 736 2368 balsamum,
766 2313 873 2356 omnes
896 2295 1031 2373 guttulae
1053 2294 1181 2356 fundum
1202 2301 1315 2380 petunt-

132 2392 164 2463 et
186 2403 216 2461 in
240 2418 334 2461 unum
357 2403 555 2468 concurrunt,
580 2400 605 2460 si
623 2405 669 2459 est
684 2400 899 2477 sophisticum,
922 2416 983 2458 non
1006 2397 1117 2461 cadunt
1132 2397 1169 2460 ad
1183 2397 1310 2459 fundum
1339 2471 1342 2474 ‚

130 2520 188 2563 nec
211 2506 405 2562 concurrunt.
450 2496 517 2558 Alia
538 2499 648 2582 proba:
672 2517 806 2577 pannum
829 2486 993 2560 candidum>
1008 2502 1157 2580 accipiunt
1172 2508 1202 2562 et
1217 2520 1309 2580 super
1367 2485 1370 2491 ’

130 2623 201 2666 eum
223 2609 339 2683 guttam
360 2601 485 2663 balsami
507 2601 670 2680 projiciunt
693 2609 724 2663 et
747 2604 772 2662 si
796 2609 844 2663 est
866 2620 987 2672 verum,
1018 2602 1131 2664 nullam
1160 2605 1308 2664 maculam

128 2725 229 2788 panno
252 2704 359 2777 infert,
384 2706 409 2764 si
432 2704 649 2781 sophisticum,
680 2713 799 2785 pennus
830 2691 978 2766 maculam
1007 2707 1155 2768 contrahit
1183 2715 1308 2787 propter

129 2808 355 2890 pinguedinem.
400 2806 466 2868 Alia
489 2809 597 2886 proba:
632 2808 679 2868 lac
711 2810 867 2887 caprinum
899 2811 1050 2887 accipiunt
1078 2816 1108 2870 et
1139 2817 1255 2890 guttam
1276 2813 1308 2871 in

130 2930 200 2974 eum
222 2910 399 2992 projiciunt,
423 2912 526 2971 statim
549 2918 650 2972 antem
672 2910 719 2971 lac
742 2910 917 2990 coagulatur
939 2919 970 2973 et
983 2919 1067 2992 gutta
1082 2914 1208 2976 fundum
1223 2917 1308 2994 petit,
1388 2892 1389 2895 Ἴ

127 3015 319 3078 falsificatum
340 3032 412 3076 vero
436 3013 501 3075 hoc'
516 3033 578 3076 non
609 3013 690 3075 lacit.
735 3014 812 3076 Item
844 3015 986 3094 probatur
1015 3031 1110 3094 aquae
1139 3034 1231 3096 purae
1261 3019 1306 3078 in·

128 3123 277 3201 positum;
311 3120 337 3179 si
364 3120 462 3198 ipsam
477 3124 578 3194 ,totam
602 3135 710 3198 aquam
735 3119 863 3180 albidam
891 3119 977 3192 lacit,
1006 3137 1112 3182 verum
1140 3121 1307 3183 balsamum

125 3233 185 3290 est.
231 3225 296 3286 Hoc
319 3226 468 3304 optimum
489 3224 658 3305 balsamum
681 3222 789 3302 dieitur
805 3220 1048 3302 opobalsamum,
1071 3225 1107 3285 ab
1126 3243 1201 3304 opo,
1225 3224 1307 3303 quod

126 3337 175 3401 est
197 3346 324 3391 caverna
347 3329 394 3391 vel
427 3329 575 3399 scissura,
608 3327 693 3404 quasi
722 3344 777 3409 per
806 3309 985 3388 incisionem
1014 3331 1135 3390 corticis
1164 3328 1304 3390 destillat.

128 3432 222 3511 Cujus
244 3433 369 3494 balsami
393 3432 449 3493 alia
465 3431 600 3510 probatio
618 3437 679 3502 est,
704 3430 823 3510 qnando
840 3436 923 3508 gutta
938 3424 1028 3492 manu
1044 3433 1207 3511 imponitur
1222 3440 1253 3492 et
1268 3430 1306 3492 ad

129 3537 226 3598 solem
243 3554 364 3598 manum
377 3543 531 3614 penetrat,
555 3537 633 3600 sicut
649 3537 782 3615 practica
797 3553 851 3595 noa
868 3534 978 3605 docuit,
995 3542 1026 3594 et
1041 3535 1160 3613 qnando
1176 3542 1260 3614 gutta
1274 3537 1306 3597 in

125 3641 228 3721 palato
252 3641 389 3718 ponitur,
412 3641 454 3699 itu
477 3638 606 3701 calidum
630 3632 789 3700 cerebrum
810 3638 895 3710 facit,
920 3636 1133 3716 quodvidetur
1150 3638 1303 3701 succendi.
1402 3635 1406 3642 '

214 3743 464 3828 Efficacissimum
487 3749 534 3804 est
556 3743 615 3804 hoc
637 3724 804 3803 balsamum
825 3741 862 3803 ad
877 3742 985 3803 multas
1000 3742 1202 3818 infirmitates:
1224 3743 1303 3804 fran-

127 3849 170 3928 git
192 3845 333 3926 lapidem
345 3847 482 3918 vesicae3
502 3853 662 3927 menstrua
677 3852 822 3924 provocat
837 3851 867 3904 et
884 3844 999 3906 foetum
1014 3853 1167 3907 mortuum
1183 3846 1303 3919 educit;

126 3958 176 4013 est
198 3957 233 4012 et,
252 3956 355 4010 contra
378 3949 499 4011 iliacum
523 3951 659 4012 dolorem
682 3950 848 4022 stomacbi;
882 3956 986 4011 contra
1017 3968 1124 4031 omnes
1147 3953 1304 4031 passiones

128 4055 253 4134 capitis3
278 4059 382 4115 contra
406 4072 511 4116 omnes
536 4056 710 4137 cicatrices3
736 4059 840 4115 contra
855 4047 960 4115 vitium
976 4056 1108 4127 aurium;
1133 4062 1236 4117 contra
1251 4054 1303 4117 do·

125 4159 224 4221 lorem
239 4157 375 4220 dentium
390 4165 421 4219 et
437 4160 612 4231 oculorum,
628 4176 698 4219 nam
714 4157 802 4219 oculo
817 4157 1001 4235 impositum,
1017 4159 1168 4238 quomodo
1183 4160 1305 4222 oculum

126 4264 257 4337 intend,
270 4264 322 4347 ita
344 4245 493 4342 perpetuo
516 4270 587 4326 eum
608 4269 724 4334 servat;
748 4265 859 4324 ‘contra
879 4259 996 4334 lebres3
1028 4267 1132 4327 contra
1153 4281 1305 4327 venenum

1077 4379 1095 4434 2
