2874 4770
684 135 753 205 fil

128 317 193 374 tum
215 311 310 374 tuisse
338 318 371 374 et
391 311 429 374 ah
451 329 490 373 eo
520 330 634 375 nomeu
662 313 802 373 sortitum
824 329 907 373 esse.
952 312 1116 392 oppidu
1136 314 1197 376 hoe
1217 318 1309 377 muni

129 423 194 477 tom
217 422 265 477 est
287 424 320 478 et
340 417 371 477 in
393 416 473 477 hono
499 419 665 496 campestri
684 415 754 476 loeo
768 416 881 487 situum
903 418 992 495 aquis
1008 424 1042 478 et
1054 417 1223 496 piadrlas
1237 422 1310 480 eme·

128 525 194 580 tom
226 525 258 581 et
278 520 348 580 riso
380 520 477 604 riuulo
507 523 662 599 persium,
691 517 767 581 duas
794 519 885 580 hahet
912 521 1077 600 parochias
1108 528 1142 584 et
1168 523 1311 602 hospitale

126 622 264 705 locuples
287 629 319 685 et
340 622 609 702 hogostioensiom
631 623 692 686 duo
715 625 918 695 monasteria,
954 624 1087 686 hanun
1112 633 1147 687 et
1167 645 1312 698 sororum

129 733 162 789 et
184 724 221 789 ad
244 744 363 790 mamm
386 728 516 790 civitatis
539 735 588 788 cst
609 729 819 807 praepositura
839 725 874 787 S.
896 727 1034 801 Nicolai,
1057 728 1179 790 ordinis
1203 730 1238 790 S.
1259 729 1309 792 lle

129 829 259 904 nedicti,
293 848 394 911 aquo
415 849 477 892 non
498 831 589 912 longe
611 833 643 892 in
664 831 815 892 montaum
836 837 885 891 est
907 834 1068 910 egregium
1095 835 1313 895 monasterium

130 931 337 1007 Ottenhdren,
369 932 483 997 ordinis
507 936 538 997 S.
562 935 734 1007 Benedicti,
767 936 802 994 in
822 952 885 1012 quo
906 934 1039 1014 grandes
1070 945 1147 998 sunt
1171 937 1313 1016 reliquiae

130 1044 328 1113 Sanctorum,
362 1041 527 1119 praecipue
549 1056 623 1102 rero
653 1041 684 1100 io
714 1045 858 1117 argenteo
887 1039 1078 1120 sarcophago
1101 1059 1221 1120 corpus
1240 1042 1314 1103 herti

128 1145 288 1211 Alexandri
311 1145 468 1222 martyris,
501 1144 553 1222 qui
582 1160 660 1205 unns
691 1141 750 1203 init
777 1141 817 1204 de
838 1141 893 1204 vll
927 1142 1071 1207 lratrrhus
1096 1145 1171 1206 filiis
1195 1153 1312 1207 sanctae

128 1248 291 1315 Felicitani
314 1244 429 1309 llomae
451 1248 561 1325 passis.
606 1245 778 1325 Campanae
800 1245 879 1308 dnae
899 1247 1037 1327 insignes
1059 1255 1095 1310 et
1116 1251 1232 1328 optimi
1252 1246 1313 1308 soni

129 1360 200 1419 sunt
222 1353 261 1416 lbi
285 1349 399 1421 adhoc,
423 1350 543 1412 tertiam
565 1349 718 1429 qnondam
740 1349 960 1424 vendiderunt,
982 1359 1017 1412 nt
1031 1350 1167 1425 dicitnr,
1192 1351 1312 1414 lilmen

129 1459 220 1523 slhus.
265 1452 497 1533 abalienante
522 1456 768 1534 ciuitatissoper
798 1454 882 1516 littus
903 1453 990 1516 liaris
1019 1462 1069 1516 est
1092 1460 1311 1519 monasterinm

130 1560 388 1628 carthusiensium
410 1557 550 1630 notabile,
571 1556 755 1619 Boohshaim
776 1555 902 1631 dictum,
924 1562 956 1620 in
977 1577 1040 1638 quo
1063 1559 1183 1638 degunt
1205 1568 1311 1641 patres,

128 1669 183 1734 tlrl
206 1664 373 1729 doctissimi
397 1668 428 1724 et
449 1662 529 1723 boni.

215 1768 308 1832 Porro
332 1765 469 1828 homines
494 1764 596 1846 oppidi
611 1762 817 1846 Memmiogen
840 1767 937 1829 honae
960 1767 1145 1830 conditionis
1170 1770 1309 1832 homines

128 1881 216 1947 sunt,
238 1872 350 1935 sinceri
374 1869 550 1942 Christiani,
581 1868 689 1933 diuinis
711 1869 787 1934 locis
809 1879 842 1933 ei
863 1872 1002 1951 personis
1030 1872 1113 1933 hene
1149 1873 1256 1935 allecti
1284 1877 1310 1935 et

129 1978 332 2056 eleemosynis
355 1976 446 2055 largi,
477 1973 516 2036 ad
537 1975 621 2037 uerbi
644 1975 735 2037 divim
765 1975 949 2039 auditionem
980 1975 1152 2038 avidissimi
1183 1985 1217 2039 el
1238 1979 1309 2039 hene

129 2081 301 2161 morigerati
335 2096 370 2141 oc
401 2079 531 2141 honesti.
577 2078 662 2142 Unde
686 2084 830 2160 magister
858 2080 1013 2142 iohannes
1040 2081 1167 2162 Nyder,
1201 2083 1308 2145 ordinis

127 2182 388 2257 Praedicatorum,
420 2185 451 2244 in
474 2181 606 2264 quodam
626 2191 756 2246 tractatu
778 2184 974 2247 commendat
996 2187 1128 2264 virgines
1152 2186 1238 2248 illius
1259 2204 1306 2265 op

128 2288 189 2375 pldi
219 2288 337 2361 dicens,
371 2288 452 2368 ipsas
476 2304 545 2349 esse
579 2294 704 2369 propter
724 2291 858 2352 innatam
880 2289 1070 2369 disciplinam
1092 2290 1239 2371 religioni
1261 2308 1306 2369 ap

127 2396 260 2459 tissimus
293 2398 325 2453 et
347 2393 531 2454 monasticae
563 2393 654 2454 ritae.
700 2392 779 2455 Sunt
808 2394 839 2454 in
861 2394 920 2454 isto
943 2393 1056 2473 oppido
1090 2393 1206 2457 divites
1231 2397 1305 2456 circs

128 2506 159 2563 el
175 2503 358 2561 mercatores
382 2501 413 2557 et
438 2494 623 2568 mechanici,
646 2502 678 2558 et
699 2496 792 2557 multa
807 2492 989 2574 negotiatio,
1012 2504 1175 2559 ettamen
1197 2499 1306 2561 nullom

127 2604 277 2667 sustinent
300 2602 329 2661 in
353 2617 390 2661 co
407 2597 569 2672 Judaeum,
603 2617 641 2660 ne
664 2602 765 2661 usuris
788 2600 958 2678 respublica
987 2618 1095 2662 eorum
1118 2602 1304 2683 deturpetur.

214 2708 269 2770 llic
302 2701 424 2775 xxix„
458 2720 535 2782 quae
570 2709 618 2764 est
650 2703 776 2785 Agnetis
808 2702 976 2776 secundae,
1010 2721 1068 2782 ego
1098 2712 1131 2766 et
1155 2706 1305 2769 lohannes

126 2810 237 2876 Milller
261 2815 361 2871 sumto
385 2808 451 2868 elbo
476 2813 506 2868 ut
528 2808 629 2868 stratis
652 2810 740 2885 equis
763 2825 779 2868 a
800 2806 1007 2887 Memmingen
1028 2813 1219 2873 recessimus
1242 2829 1306 2872 cum

126 2917 299 2979 iustinuniiu
322 2911 506 2993 pervellem
529 2910 597 2973 llari
619 2910 854 2974 descendentes.
894 2911 986 2975 Vallis
1008 2913 1057 2973 illa
1080 2914 1142 2974 lata
1169 2922 1203 2976 et
1222 2916 1306 2994 longa

127 3025 189 3087 ost,
213 3034 267 3097 per
290 3015 355 3094 ejus
381 3015 512 3077 medium
537 3015 630 3076 llarus
653 3013 803 3088 decurrit,
838 3023 870 3077 et
892 3015 929 3077 ad
952 3024 1115 3095 utrumque
1139 3018 1209 3096 ejus
1231 3019 1305 3079 latus

125 3123 212 3186 illiue
237 3128 268 3183 et
290 3123 400 3202 campi,
431 3127 514 3200 prata
538 3127 569 3181 et
592 3121 655 3197 agri
677 3119 793 3181 fertiles
816 3126 903 3191 sunt,
933 3121 964 3180 io
988 3121 1137 3180 montium
1160 3139 1234 3183 vero
1257 3139 1302 3182 oa·

126 3227 294 3289 cuminibus
318 3232 416 3286 castra
440 3231 471 3286 et
492 3224 634 3285 fortalitia
658 3223 751 3285 multa
774 3224 847 3283 olim
878 3223 1014 3295 luerunt,
1047 3240 1181 3301 quorum
1203 3226 1301 3286 ruinae

124 3330 214 3394 hodie
238 3336 356 3411 putent,
380 3336 531 3407 eiusque
554 3347 635 3389 nunc
658 3329 756 3406 aliqua
779 3330 897 3405 integra
919 3334 1125 3407 perseverent.
1175 3327 1301 3407 ingressi

125 3443 225 3499 utitem
249 3453 354 3497 siamus
370 3435 546 3496 comitatum
571 3435 716 3494 comitum
740 3431 778 3493 de
794 3430 977 3510 llirohherg,
1000 3433 1052 3510 qui
1067 3431 1141 3492 olim
1157 3431 1300 3510 majorem

123 3547 241 3620 partem
264 3539 342 3602 illiue
365 3537 467 3607 vallis,
503 3537 651 3597 montium
682 3543 713 3596 et
736 3536 879 3597 silvarum
907 3535 1119 3615 possederunt.
1166 3535 1201 3597 ln
1223 3533 1298 3596 siliis

123 3661 214 3722 suipra
236 3642 345 3704 vellem
368 3642 444 3703 ultra
461 3640 570 3702 llarum
594 3639 632 3701 ad
654 3641 807 3700 sinistram
823 3638 1014 3700 venientibus
1032 3636 1070 3699 de
1086 3634 1300 3719 Memmingeo,

124 3750 194 3807 erint
209 3747 390 3806 innuunturiu
407 3744 551 3823 gloriosa,
574 3743 692 3804 scilicet
707 3743 793 3812 llolt,
809 3741 923 3802 ordinis
939 3739 1299 3812 Praemonstrateosium;

124 3848 339 3919 Oulisnliuecn,
363 3847 474 3909 ordinis
498 3848 529 3909 S.
554 3845 728 3919 Benedicti;
753 3846 948 3917 Gutenzellu,
971 3844 1168 3917 monialium,
1193 3845 1301 3907 ordinis

123 3953 381 4021 (llstortlonslum3
407 3958 437 4011 et
454 3950 614 4029 llegbaoh,
637 3950 813 4012 monialium
836 3948 975 4026 ejusdem
998 3946 1122 4009 ordinis.
1156 3950 1210 4012 Siu
1234 3967 1303 4027 ergo

123 4051 336 4116 unnmuonuo
359 4070 414 4131 per
437 4051 576 4113 aulonem
598 4053 739 4116 llaricum
762 4054 956 4133 pervenimus
978 4054 1010 4113 in
1034 4051 1136 4116 uillam
1153 4053 1303 4135 Thyssen

121 4164 153 4222 et
175 4175 211 4224 et
234 4158 308 4223 hora
330 4155 511 4221 densissima
534 4158 645 4222 cecidit
666 4159 784 4240 pluria,
806 4159 849 4221 ita
871 4155 953 4239 quod
967 4153 1081 4220 madidi
1096 4157 1171 4221 lucti
1193 4158 1305 4222 iuimm
