2874 4770
564 96 753 203 'aar

129 314 305 386 venissent,
334 309 534 373 attollerent
556 329 699 393 corpora,
732 330 794 374 non
815 313 996 376 invenerunt
1019 315 1078 376 nisi
1100 331 1199 388 ranas,
1234 332 1310 394 quas

129 419 276 500 putabant
299 432 369 478 esse
392 434 463 478 suos
486 414 724 478 transformatos.
909 402 912 407 ’

219 510 384 585 Undecima
408 519 456 582 die
484 526 574 581 vento
597 521 696 582 inutili
719 519 930 582 deferebamur
952 523 983 583 io
1009 523 1181 602 aquilonem
1205 530 1310 586 contra

132 625 272 710 Lyciam,
307 632 338 686 et
360 626 418 686 uisi
439 623 543 704 grandi
574 626 604 687 vi
627 632 657 685 et
681 633 744 686 arte
768 627 863 685 nostri
887 628 1073 689 obstitissent
1096 629 1246 700 naucleri,
1278 631 1310 689 in

131 729 241 813 chiae
264 731 364 791 littora
379 729 514 808 provecti
536 728 710 800 fuissemus,
734 720 904 808 dequibus
921 733 1034 811 absque
1049 731 1219 794 lurcorum
1242 751 1307 793 mo-

133 837 222 898 lestia
243 852 305 896 non
327 834 543 913 evasissemus..
586 824 702 893 Dicitur
725 835 826 904 enim,
851 834 933 913 quod
956 837 1035 895 sieut
1056 834 1146 914 Lycia
1170 838 1241 897 olim
1256 837 1308 898 ha-

131 941 195 1003 but
216 939 424 1012 zelosissimus
441 918 636 1008 Christianos,
659 937 704 997 sic
727 954 807 997 nunc
823 935 932 998 habeat
948 937 1307 1013 crudelissimosTurcos.

133 1044 212 1106 Satis
242 1059 337 1122 prope
366 1039 476 1119 adjecti
498 1040 610 1101 fuimus
635 1039 672 1101 ad
696 1040 817 1113 locum,
851 1041 902 1105 ubi
934 1040 1043 1104 fluvius
1065 1039 1202 1104 Xanthus
1233 1045 1309 1104 mari

130 1147 229 1212 influit
251 1148 289 1210 de
320 1148 471 1209 montibus
494 1145 619 1226 Lyciae,
657 1154 687 1209 et
709 1148 759 1208 ubi
791 1166 881 1227 supra
913 1164 995 1208 mare
1027 1146 1177 1225 quondam
1205 1148 1308 1207 civitas

132 1251 332 1323 nobilissima,
364 1250 395 1311 S.
419 1250 535 1312 Nicolai
566 1252 688 1323 natalis,
718 1250 825 1313 Patera
858 1255 981 1313 stetisse
1004 1254 1033 1312 in
1057 1252 1193 1312 maximis
1215 1243 1321 1311 ruinis

131 1359 281 1429 cernitur,
315 1373 393 1434 quae
422 1357 555 1436 peccatis
579 1355 766 1439 erigentibus
791 1348 988 1418 habitantium
1013 1373 1094 1416 nunc
1117 1356 1237 1434 penitus
1263 1360 1310 1414 est

130 1463 163 1522 in
183 1460 311 1541 nihilum
333 1460 465 1526 redacta.
513 1462 631 1522 Dicitur
654 1463 754 1532 enim,
781 1461 863 1540 quod
886 1468 957 1540 post
977 1469 1113 1541 tempora
1137 1460 1168 1520 S.
1192 1459 1332 1520 Nicolaix

130 1565 245 1626 fuerint
275 1566 317 1625 ibi
347 1565 485 1651 infelices
508 1566 665 1636 homines,
697 1581 819 1624 ornnem
849 1566 994 1626 luxuriam
1021 1564 1242 1645 prosequentes
1277 1569 1309 1624 et

129 1669 269 1730 omnibus
292 1668 443 1743 illecebris
477 1687 511 1731 se
542 1664 975 1748 subjicientes,'quapropter
1009 1671 1112 1731 civitas
1142 1670 1174 1728 in
1202 1685 1308 1728 manus

129 1771 223 1837 Turei
244 1772 353 1835 tradita
382 1773 439 1836 fuit
480 1780 511 1837 et
533 1780 604 1852 post
625 1774 722 1852 usqne
746 1773 783 1834 ad
806 1773 904 1834 solum
928 1772 1070 1847 deducta,
1103 1781 1134 1835 et
1159 1772 1239 1853 quod
1261 1773 1308 1832 his

128 1877 295 1967 terribilius
320 1885 383 1951 est,
424 1880 511 1957 loeus
543 1881 720 1958 campestris
751 1877 835 1957 juxta
869 1878 974 1952 urbem
1002 1884 1084 1939 totus
1116 1877 1307 1938 creberrimis

127 1981 379 2051 incendiis-sieut
400 1990 487 2046 vetus
510 1985 726 2044 vestimentum
744 1981 890 2043 scinditur
922 1989 952 2043 et
978 1961 1013 2043 ex
1030 1981 1140 2042 hiulcis
1158 1983 1307 2042 meatibus

128 2086 258 2170 perinde
280 2086 397 2151 fumum
420 2089 531 2149 emittit
552 2089 750 2158 teterrimum,
774 2105 829 2168 per
851 2094 973 2148 noctem
987 2105 1059 2147 vero
1076 2087 1161 2165 qnasi
1176 2086 1307 2147 ferrarrii

130 2192 237 2256 fornax
259 2193 444 2271 ignivomam
466 2198 590 2271 vaporat
614 2189 783 2261 flammam,
807 2189 891 2266 cujus
912 2196 1017 2251 natura
1041 2207 1109 2250 esse
1134 2188 1250 2262 dicitur,
1274 2195 1307 2257 ut

129 2292 248 2375 siquis
280 2298 483 2374 experientiae
519 2312 626 2358 caussa
649 2312 770 2356 manum
793 2297 916 2375 propius
949 2293 1133 2364 adhibuerit,
1168 2293 1306 2354 ardorem

128 2400 253 2493 quidem
276 2403 401 2473 sentiat,
424 2399 479 2462 sed
501 2400 615 2460 nullam
637 2401 811 2477 patientiam
835 2397 1010 2459 adustionis.
1057 2397 1090 2458 ln
1113 2396 1202 2476 Spec.
1227 2396 1304 2457 Hist.

125 2502 265 2567 arhiv.
290 2504 323 2566 0.
348 2499 399 2567 67.

215 2606 318 2671 Tertia
341 2608 459 2671 decima
482 2608 531 2670 die
555 2627 571 2670 a
594 2607 685 2688 Lycia
708 2594 826 2687 longius
850 2605 941 2683 ejecti
962 2608 992 2666 iu
1008 2604 1144 2683 Aegeum
1167 2606 1307 2686 pelagum

126 2711 296 2790 decidimus
323 2719 355 2774 ei
377 2731 433 2793 per
456 2714 595 2775 aulonem
617 2711 765 2792 Magister.
790 2718 821 2772 et
841 2711 979 2781 Chistae‚
1002 2709 1168 2770 iusillarum
1191 2709 1306 2771 Turco·

125 2834 214 2907 mm,
244 2816 448 2896 navigavimus
477 2816 787 2896 tardaprofectione,
816 2815 921 2877 inille
953 2815 1033 2874 enirn
1063 2815 1169 2874 stricto
1200 2819 1305 2876 ventos

124 2939 189 2985 nen
211 2904 385 2994 babuimus,
419 2921 644 3000 prohibentibus
674 2938 779 2982 eorum
803 2919 936 2980 afflatum
958 2919 1181 2997 promontoriis.
1229 2917 1306 2990 Quia

121 3030 232 3089 ¹autem
253 3025 284 3084 in
308 3024 408 3085 medio
432 3024 600 3086 Turcorum
624 3042 743 3085 eramus
778 3030 809 3084 et
832 3030 914 3084 stare
938 3021 1048 3083 diutius
1071 3023 1111 3082 ibi
1135 3026 1198 3082 erat
1226 3020 1305 3098 peri-

127 3128 277 3199 culosum,
301 3127 371 3189 ideo
388 3130 490 3189 miseri
506 3128 642 3208 galeciae
659 3127 753 3207 plagis
770 3133 800 3187 et
814 3127 989 3188 verberibus
1007 3125 1189 3204 cogebantur
1206 3140 1305 3184 ramos

124 3231 264 3304 trahere,
299 3238 330 3292 et
352 3232 554 3303 hortationes,
589 3249 666 3311 quae
690 3232 762 3295 alias
786 3231 850 3292 lieri
875 3229 972 3290 solent
996 3230 1191 3301 elamoribus,
1225 3244 1306 3290 nune

124 3336 428 3400 fiebantdurissimis
444 3337 703 3416 percussionibus,
728 3338 797 3415 quia
814 3334 943 3396 clamare
959 3353 1018 3394 nou
1037 3334 1195 3395 audebant.
1227 3331 1304 3392 Toto

126 3460 201 3522 ergo
226 3441 273 3505 die
290 3442 456 3513 laboriosa,
479 3440 613 3521 taediosa
636 3447 666 3500 et
682 3439 853 3519 periculosa
878 3441 1067 3518 navigatione
1088 3437 1304 3515 processimus,

126 3553 159 3609 et
180 3552 273 3609 noete
297 3545 473 3608 adveniente
497 3545 610 3606 lumina
633 3542 800 3605 accendere
823 3543 965 3621 prohibiti
988 3540 1116 3612 fuimus,
1151 3558 1189 3601 ne
1214 3541 1305 3620 aliqui

124 3649 265 3715 videntes
287 3654 443 3718 sumerent
465 3650 657 3709 occasionem
679 3665 735 3708 nos
758 3644 905 3721 turbandi.
937 3642 1033 3705 Multa
1055 3643 1189 3723 pericula
1212 3647 1303 3706 susti-

125 3756 265 3827 nuimus,
301 3753 339 3814 de
371 3754 477 3832 quibus
510 3755 698 3814 mentionem
728 3750 828 3811 facere
851 3768 912 3809 uon
935 3765 1079 3829 possum,
1111 3750 1181 3827 quia
1213 3751 1303 3810 nimis

125 3858 252 3939 longum
274 3857 388 3925 foret,
503 3924 507 3930 ,

215 3963 329 4036 Quarta
351 3961 470 4024 decima
492 3960 595 4047 diexin
617 3960 779 4022 Rhodense
809 3976 891 4020 mare
916 3957 1110 4030 devenimus,
1144 3974 1198 4036 per
1221 3953 1304 4035 quod

124 4067 174 4131 die
197 4067 249 4129 illa
270 4067 424 4128 sulcantes
446 4069 477 4129 in
499 4082 629 4143 vespera
652 4066 752 4144 portui
776 4065 904 4126 civitatis
928 4063 1213 4142 propinquavimus,
1247 4059 1303 4121 sed

125 4175 198 4253 quia
218 4170 304 4246 tarda
325 4173 400 4234 bora
421 4176 503 4243 erat,
526 4171 639 4232 intrare
660 4173 781 4248 portum
804 4187 865 4231 non
881 4168 1136 4248 praesumsimus,
1158 4163 1214 4226 sed
1229 4165 1301 4228 alias
