2902 4710
700 184 762 254 331

140 366 393 447 praecedentibus
417 363 647 444 tempestatibus
672 363 878 425 amiseramus.
925 360 1069 421 Stabilitis
1098 377 1170 439 ergo
1193 361 1317 439 navibus

138 473 169 532 in
191 469 312 548 scaphis
334 468 371 529 ad
395 469 476 528 urbis
500 484 602 526 muros
627 466 828 543 navigavimus
860 471 891 525 et
915 470 1059 524 exeuntes
1091 465 1221 543 ingrcssi
1244 464 1317 526 civi·

138 582 232 638 tatem
257 576 353 654 primo
372 586 468 633 'cursu
493 570 529 631 ad
553 570 715 631 ecclesiam
744 568 869 629 fratrum
892 566 1133 646 praedicatorum
1163 557 1322 630 festinavi?

139 672 207 740 mus
240 684 272 738 et
292 675 418 750 Missam
449 677 489 736 ibi
520 675 687 736 audivimus
710 691 780 735 cum
802 672 898 732 multo
922 671 1090 756 desiderio,
1124 674 1193 751 quia
1215 672 1317 733 multis

139 783 246 846 diebus
279 784 418 844 stetimus
451 783 517 841 sine
539 777 644 840 Missa.
691 776 763 837 Post
785 774 912 836 Missam
940 793 1047 835 omnes
1070 778 1182 855 pariter
1205 775 1318 837 domini

138 888 290 966 peregrini
323 904 359 947 er
382 887 519 946 omnibus
542 885 635 963 galeis
660 884 835 961 congregati
858 883 1056 943 convenimus
1088 884 1117 942 in
1149 882 1239 943 domo
1263 882 1315 943 do·

138 992 290 1051 minorum
314 989 568 1062 Teutonicorum‚
602 979 799 1049 comedentes
823 986 913 1047 slmul
938 993 969 1047 et
989 985 1127 1046 bibentes
1150 988 1180 1046 in
1204 987 1317 1047 laetitia

138 1094 249 1165 multa,
272 1086 381 1174 gratias
405 1101 529 1172 agentes
553 1093 636 1164 Deo,
660 1094 790 1171 quinos
814 1089 852 1151 de
868 1091 984 1168 magnis
1008 1089 1149 1151 liberatos
1173 1090 1316 1169 periculis

128 1204 243 1258 ,mutue
265 1200 381 1260 visione
405 1198 477 1258 lecit
500 1198 663 1268 laetantes,
687 1197 759 1274 quia
782 1194 817 1256 ab
832 1193 1010 1255 Alexandria
1028 1211 1125 1272 usque
1148 1194 1207 1255 buc
1229 1212 1315 1254 num·

138 1320 228 1381 quam
251 1303 340 1364 simul
363 1321 470 1364 omnes
493 1302 614 1362 fuimus.
661 1299 787 1361 Peracto
810 1297 952 1377 prandio,
985 1301 1054 1377 quia
1084 1315 1138 1379 per
1169 1297 1234 1359 dies
1263 1298 1315 1359 ali·

137 1413 212 1485 quot
234 1405 394 1468 didicimus
417 1425 472 1468 uos
496 1407 537 1467 ibi
553 1423 710 1465 mansuros
728 1411 851 1484 propter
866 1404 1086 1482 negotiationes
1103 1409 1315 1475 mercatorum,

137 1528 187 1571 res
209 1516 327 1571 nostras
352 1512 381 1571 in
405 1490 570 1589 hospitium
594 1510 859 1587 comportavimus.

224 1614 348 1675 Decima
377 1614 425 1675 die
457 1616 554 1674 mansi
585 1631 641 1690 ego
666 1611 900 1672 cumfratribus
934 1613 965 1683 in
997 1618 1162 1683 conventu,
1198 1620 1229 1673 et
1252 1620 1316 1675 erat

140 1717 262 1797 quidam
285 1717 378 1779 irater
400 1716 552 1778 lohannes
576 1716 614 1778 de
637 1715 782 1795 Neapoli,
815 1715 932 1777 ordinis
956 1719 1068 1789 nostri,
1102 1736 1171 1779 cum
1201 1735 1260 1796 quo
1285 1727 1315 1778 et

134 1804 352 1900 Hierosolymis
374 1822 432 1892 lui,
464 1823 516 1900 qui
539 1828 571 1882 et
592 1828 692 1881 rector
715 1820 777 1881 ludi
800 1827 882 1891 erat,
913 1816 1055 1881 Metouae
1079 1821 1193 1882 docens
1218 1823 1311 1883 Grae-

136 1944 242 1987 corum
264 1943 376 2004 pueros
398 1925 513 1986 litteras
529 1925 652 1995 latinas,
676 1926 744 2003 quia
761 1931 825 1985 erut
840 1923 947 1986 doctus
964 1933 995 1985 et
1011 1934 1153 2005 expertus
1168 1930 1198 1988 in
1214 1928 1315 2007 lingua

136 2046 262 2108 graeca,
298 2030 392 2091 latina
422 2036 452 2090 et
481 2029 595 2100 italica,
630 2028 763 2107 mihique
799 2046 906 2107 magna
946 2027 1146 2092 familiaritate
1181 2032 1313 2109 junctus.

136 2132 193 2194 llic
216 2133 295 2194 laeto
319 2133 447 2214 prandio
468 2133 570 2194 eduxit
592 2151 641 2195 me
665 2141 746 2194 extra
768 2133 875 2194 urbem
898 2132 934 2192 ad
959 2140 1093 2194 montem
1122 2138 1234 2197 civitati
1257 2139 1313 2197 im·

136 2238 304 2298 minentem
325 2244 368 2297 'et
391 2257 408 2299 a
431 2237 522 2316 longe
554 2236 687 2298 ostendit
709 2237 782 2297 mihi
813 2244 963 2307 montem,
1009 2256 1099 2317 quem
1123 2241 1311 2319 Stimpbalon

137 2328 309 2414 nominant,
332 2341 453 2415 dicens,
477 2360 548 2402 eum
571 2341 710 2403 Herculis
728 2344 874 2402 memoria
891 2358 959 2401 esse
976 2343 1137 2413 celebrem,
1164 2343 1313 2422 siquidem

136 2446 204 2523 ipse
227 2446 353 2524 insignis
368 2445 514 2507 Hercules
538 2448 569 2507 in
592 2449 717 2524 regione
742 2447 791 2507 illa
815 2447 909 2507 multa
933 2465 1006 2507 suae
1022 2446 1203 2509 tortitudinis
1227 2466 1312 2508 cver-

135 2548 200 2609 cuit
221 2550 401 2626 magnilica,
420 2568 496 2629 quae
520 2557 628 2630 poetae
653 2551 780 2612 diversis
803 2568 948 2612 ornavere
972 2551 1132 2628 tigmentis.
1170 2551 1202 2611 ln
1227 2568 1312 2630 prae·

135 2652 197 2713 icto
227 2660 328 2715 monte
351 2652 432 2716 'arcu
463 2654 574 2716 occidit
605 2655 753 2716 Hercules
791 2653 1024 2741 Stimpbalides,
1057 2673 1127 2716 aves
1162 2656 1313 2715 mirabiles

134 2755 237 2829 valde,
269 2775 346 2836 quae
369 2760 400 2819 in
422 2759 531 2838 palude
555 2762 665 2820 montis
701 2769 786 2821 erant
818 2767 849 2820 et
871 2760 927 2820 toti
957 2761 1073 2836 regioni
1096 2758 1223 2820 intestae
1247 2758 1312 2820 lue·

136 2867 219 2921 rant:
242 2861 312 2933 bas,
335 2869 367 2922 ut
391 2862 513 2940 quidam
529 2863 646 2935 dicunt,
671 2865 776 2943 grandi
803 2867 904 2925 sonitu
929 2866 1011 2924 aleris
1032 2864 1067 2924 ad
1092 2866 1149 2925 boc
1173 2865 1243 2926 lacti
1267 2866 1312 2928 lu·

135 2965 225 3042 gavit.
260 2966 398 3028 Vidimus
422 2969 512 3029 etiam
536 2986 645 3029 nemus
661 2966 808 3041 Maenali,
833 2971 862 3030 in
879 2987 937 3047 qua
954 2986 1042 3029 cerva
1065 2970 1211 3042 currebat,
1235 2989 1313 3050 quae

135 3068 264 3130 habebat
287 3086 399 3131 aeneos
422 3071 517 3149 pedes
541 3079 572 3132 et
595 3091 684 3135 aurea
708 3092 835 3146 cornua,
861 3092 950 3153 quam
974 3093 1065 3135 nemo
1083 3083 1201 3154 poterat
1223 3092 1313 3137 cursu

136 3175 329 3250 contingere,
361 3177 428 3254 ipse
452 3183 553 3237 autem
582 3196 671 3238 cursu
695 3181 847 3258 superavit
864 3168 907 3239 'et
931 3180 1020 3257 cepit.
1067 3177 1231 3251 Hercules,
1262 3181 1313 3241 ille

134 3275 214 3337 lilius
236 3273 333 3349 Jovis,
356 3278 492 3342 creditur
514 3283 545 3341 in
567 3283 623 3342 bae
646 3284 769 3360 regione
793 3289 895 3359 natus,
920 3282 957 3343 de
981 3301 1041 3360 quo
1058 3283 1197 3345 feruntur
1220 3287 1313 3346 multa

134 3379 237 3452 valde,
272 3381 343 3442 dum
367 3385 447 3443 euim
471 3382 568 3446 adhuc
591 3393 671 3446 esset
704 3384 866 3446 infantulus
893 3393 923 3444 ct
946 3387 976 3445 in
1001 3374 1084 3447 cunis
1103 3386 1221 3463 jaceret
1243 3407 1313 3448 cum

133 3483 240 3555 fratre,
275 3502 291 3545 a
315 3483 433 3547 Junone
456 3488 533 3549 odiis
557 3491 712 3550 insecutus
736 3489 953 3549 dormientibus
983 3491 1158 3568 parentibus
1181 3491 1218 3551 ad
1242 3510 1313 3554 eum

134 3587 340 3651 devorandum
372 3591 431 3653 duo
464 3600 622 3672 serpentes
655 3595 740 3654 missi
774 3599 859 3664 sunt,
895 3595 1003 3671 quibus
1032 3595 1104 3654 visis
1135 3596 1312 3658 terrefactus

132 3690 280 3771 lphicles,
305 3694 380 3756 alter
403 3715 495 3775 puer,
519 3699 664 3757 exennia
690 3696 804 3758 decidit
827 3703 858 3757 et
881 3695 993 3773 ejulatu
1017 3717 1073 3760 suo
1095 3708 1237 3779 parentes
1261 3720 1311 3762 ev·

134 3798 252 3870 citavit,
276 3802 327 3878 qui
343 3807 502 3879 surgentes
519 3801 682 3862 Herculem
697 3803 840 3862 invenere
857 3806 975 3882 cepisse
992 3806 1128 3866 manibus
1154 3813 1312 3885 serpentes

134 3908 166 3962 et
188 3919 241 3962 eos
265 3903 425 3964 occidisse.
472 3904 517 3966 De
541 3904 587 3964 his
611 3913 641 3965 et
664 3905 729 3966 aliis
753 3907 915 3968 collatione
947 3910 976 3968 in
1001 3916 1104 3971 moute
1134 3912 1233 3973 habita
1265 3929 1311 3972 re-

133 4009 232 4086 gressi
255 4026 360 4076 sumus
383 4008 420 4070 ad
442 4010 509 4070 loca
531 4017 644 4070 nostra.

219 4110 387 4175 Undecima
409 4114 458 4175 die
482 4133 551 4176 cum
574 4133 664 4195 supra
688 4115 768 4178 dicto
791 4118 883 4179 iratre
906 4118 944 4180 ad
959 4136 1042 4181 mere
1063 4120 1195 4191 transivi,
1219 4128 1250 4182 et
1273 4119 1311 4182 de

134 4212 238 4276 multia
260 4219 459 4292 contulimus3
491 4227 557 4282 crat
578 4222 660 4285 enim
681 4222 727 4285 vir
745 4218 897 4301 jocundus
920 4239 1081 4294 sermone,
1104 4224 1206 4285 sciens
1228 4223 1312 4304 loqui
