2874 4770
700 146 762 220 tte

640 437 817 509 Rosetum.

226 636 379 697 Vicesima
410 634 546 696 secunda
568 635 618 694 die
655 653 764 695 aurora
795 635 993 695 illucescente
1030 637 1174 699 solvimus
1206 654 1315 699 navem

139 742 221 802 etin
243 745 365 820 portum
392 739 499 800 Roseti
530 741 737 816 navigavimus
768 739 870 816 ibique
899 739 979 800 iacto
1011 748 1102 818 ponte
1126 742 1254 803 donavi
1278 738 1316 801 ad

137 845 221 906 littus
242 863 294 906 res
315 851 436 906 uestras
458 849 600 923 oportere
621 843 816 912 volebamus,
846 841 902 902 sed
923 849 1033 904 nautae
1055 847 1150 905 nostri
1172 845 1316 905 nolebant

137 946 301 1027 quidquem
315 947 405 1009 nobis
419 946 585 1018 mucre,
607 948 667 1006 nisi
681 948 765 1025 prius
787 953 891 1006 essent
914 946 1020 1016 soluti,
1044 964 1173 1025 cumque
1197 946 1313 1007 dicere·

137 1069 224 1125 mus,
247 1051 330 1131 qnod
352 1049 584 1129 Tauguardiuus
607 1047 898 1109 Tmtsehelmannus
914 1048 1053 1109 Cairinm
1069 1048 1193 1109 baberet
1208 1066 1315 1109 eorum

136 1158 316 1237 wormiam,
338 1155 511 1218 deriserunt
532 1170 590 1214 nos
612 1150 767 1220 dicentes,
791 1168 825 1210 se
841 1150 1008 1211 conductos
1025 1153 1061 1212 ab
1076 1171 1112 1213 eo
1128 1153 1164 1213 ad
1180 1160 1315 1214 nostram

137 1261 324 1323 solutionem
345 1266 378 1320 et
400 1256 484 1337 quod
505 1255 580 1317 nibil
603 1256 650 1316 eis
672 1254 857 1315 tradidisset.
902 1253 974 1316 Post
999 1256 1109 1318 multas
1132 1275 1204 1336 ergo
1227 1260 1314 1327 rixas,

136 1382 211 1444 quas
234 1384 305 1427 cum
328 1366 374 1425 eis
395 1363 556 1424 habuimus
578 1366 610 1419 et
630 1361 798 1429 internos,
822 1361 930 1419 iterato
946 1359 1069 1420 naulum
1084 1360 1228 1421 solvimus
1245 1377 1314 1419 cum

136 1485 228 1548 parra
248 1469 410 1548 patientia,
433 1465 555 1544 quidam
578 1465 660 1523 enlm
681 1470 769 1523 eraut
790 1462 875 1534 duri,
904 1480 980 1541 quos
1002 1465 1050 1523 vir
1072 1463 1257 1532 induximus,
1280 1469 1314 1523 ut

136 1567 242 1632 darent
252 1588 340 1632 snam
352 1571 541 1648 portionem;
566 1568 726 1628 consilium
741 1586 846 1628 eorum
863 1567 980 1638 luisset,
996 1572 1029 1627 ut
1045 1585 1114 1627 cum
1129 1567 1188 1626 illis
1205 1567 1312 1627 rediis-

135 1691 239 1736 semus
260 1675 381 1752 navigio
402 1673 524 1734 Cairum
546 1678 577 1732 et
600 1671 684 1732 illum
711 1687 844 1748 nequam
867 1669 1112 1748 Tangnardlnum
1135 1689 1310 1732 accusasse·

134 1794 203 1838 mus
225 1774 306 1856 apud
328 1775 495 1836 Soldanum
525 1774 564 1835 de
595 1773 759 1852 injustitia,
792 1774 849 1837 sed
879 1775 1040 1836 consilium
1070 1775 1128 1835 boc
1156 1776 1314 1836 videbatur

135 1879 243 1957 majori
268 1881 347 1958 parti
379 1879 609 1958 peregriuomm
638 1897 699 1939 nou
730 1879 821 1949 utile,
854 1881 915 1940 imo
953 1879 1159 1957 periculosum
1190 1887 1311 1941 nostrae

132 1981 231 2054 sitne,
259 1981 331 2044 idco
359 1983 469 2044 mebns
487 1982 690 2060 judicavimus
712 1984 842 2060 pecunia
864 1984 1037 2044 vexationes
1059 1984 1127 2044 illas
1150 1984 1310 2045 redimere.

132 2083 171 2146 llt
190 2087 233 2146 ita
253 2086 361 2146 solutis
382 2087 482 2146 mutis
505 2093 537 2147 et
559 2087 704 2165 aportatis
727 2086 818 2147 rebus
851 2087 962 2145 nostris
991 2085 1029 2147 ad
1056 2087 1139 2148 littus
1169 2086 1312 2148 ductores

134 2194 253 2249 nostros
275 2187 512 2260 licentiarimus,
536 2190 587 2269 qui
610 2207 680 2250 cum
703 2206 778 2249 nare
802 2187 838 2249 ad
860 2191 982 2267 propria
1005 2193 1120 2251 reversi
1143 2197 1223 2252 sunt.

220 2290 364 2352 Sedimm
387 2310 460 2371 ergo
483 2291 521 2354 ad
543 2312 663 2355 murum
687 2295 815 2354 civitatis
839 2299 908 2354 ante
927 2302 1059 2372 portam,
1084 2311 1161 2372 quae
1175 2295 1311 2356 nondum

133 2401 236 2475 aperta
263 2395 376 2468 iuerat,
409 2399 479 2474 quia
511 2396 609 2460 adhuc
637 2417 726 2459 mane
750 2404 815 2459 erat
838 2406 870 2458 et
892 2406 1012 2476 tempus
1036 2399 1145 2476 quietis
1168 2398 1309 2459 Sarrace-

132 2518 252 2573 norum,
274 2506 306 2562 et
321 2500 553 2562 deliberavimus
569 2519 638 2562 cum
652 2501 769 2573 llalliu‚
793 2501 980 2580 quodquam
1003 2505 1105 2564 statim
1127 2510 1213 2581 porta
1237 2521 1308 2580 ape·

133 2605 252 2678 rimtur,
273 2606 421 2666 intrarent
441 2605 534 2684 aliqui
557 2623 627 2667 cum
648 2623 685 2666 eo
708 2613 739 2666 et
761 2607 894 2667 camelos
909 2613 960 2668 aut
974 2609 1075 2668 asinos
1093 2606 1308 2676 conducerent,

131 2707 241 2785 qubus
261 2725 320 2770 uos
343 2715 377 2770 et
398 2727 448 2771 res
470 2715 593 2770 nostrae
623 2710 653 2769 iu
675 2707 888 2770 Alexandriam
916 2711 1111 2782 veheremur,
1141 2729 1203 2770 non
1226 2711 1309 2770 enim

132 2817 307 2890 poteramus
328 2813 458 2875 ulterius
480 2831 536 2892 per
557 2815 656 2874 rivum
688 2813 893 2886 descendere,
928 2816 998 2893 qula
1029 2815 1065 2874 ab
1098 2814 1154 2875 bac
1187 2815 1308 2874 civitate

131 2930 192 2974 non
213 2921 263 2976 est
282 2914 450 2993 narigsbile
471 2915 627 2978 brachium
656 2917 715 2977 boc
738 2917 815 2991 Nili,
850 2918 932 2998 quod
965 2921 1062 2999 possit
1089 2935 1145 2998 per
1174 2935 1244 2978 eum
1276 2919 1308 2977 in

131 3032 214 3078 mare
229 3016 397 3079 desceusm
410 3018 484 3090 lieri,
507 3025 538 3080 et
553 3019 592 3081 de
607 3021 765 3100 navigabili
779 3023 866 3083 alveo
883 3025 1069 3084 exiveramus
1083 3021 1135 3082 illa
1150 3029 1250 3093 nocte,
1273 3027 1309 3081 ut

130 3117 169 3181 ad
182 3120 265 3183 illam
279 3123 432 3185 civitatem
445 3125 635 3195 veniremus,
659 3127 729 3204 quia
743 3127 775 3186 in
790 3143 827 3187 ea
842 3129 928 3206 copia
944 3128 1108 3188 bestiarum
1122 3124 1307 3187 camelorum

131 3230 164 3285 et
183 3226 337 3287 mucram
367 3243 492 3306 semper
522 3229 687 3300 invenitur,
718 3229 827 3308 quibus
855 3229 1005 3291 ducuntur
1034 3231 1123 3292 alieni
1147 3230 1308 3291 Christiani

131 3325 409 3400 adulterandum,
434 3336 541 3392 cavent
559 3333 640 3392 enim
654 3333 793 3394 omnibus
809 3333 915 3404 modis,
938 3350 977 3394 ue
993 3334 1106 3395 ducant
1120 3334 1306 3395 Christianos

129 3447 184 3510 per
206 3430 326 3494 alveum
347 3433 546 3512 navigabilem
568 3452 666 3514 usque
688 3434 727 3495 ad
749 3436 879 3508 ostium,
903 3440 953 3500 ubi
976 3441 1051 3499 man‘
1075 3437 1173 3499 influit
1196 3446 1226 3498 et
1248 3439 1305 3498 hoc
1352 3448 1357 3457 ’

131 3535 216 3616 ideo,
240 3538 311 3616 quia
331 3537 461 3600 credunt
482 3557 538 3600 nos
562 3538 768 3619 exploratores
792 3545 900 3602 terrae.
945 3541 990 3603 Nc
1014 3561 1086 3622 ergo
1110 3541 1242 3604 lluminis
1258 3545 1305 3603 via

129 3639 168 3702 de
190 3642 266 3702 mari
287 3640 339 3702 ilat
361 3641 448 3703 uobis
471 3650 559 3714 nota,
583 3642 621 3704 sd
643 3642 703 3704 duo
725 3644 774 3705 vel
799 3646 854 3706 tria
876 3631 1012 3708 milliaria
1034 3665 1125 3726 supra
1148 3648 1224 3707 ostia
1245 3647 1305 3707 Nili

130 3741 287 3824 deponunt
310 3762 382 3818 eos,
414 3745 564 3824 siqnidem
587 3745 638 3807 vlt
662 3749 747 3808 ostiis
770 3746 856 3810 Nilus
889 3751 965 3811 mari
987 3749 1130 3821 illabitur,
1165 3750 1303 3810 sednon

128 3866 238 3911 omues
260 3849 337 3911 alvei
360 3857 430 3912 suut
452 3850 648 3928 navigabiles,
671 3856 705 3911 ut
727 3852 848 3931 patebit.
880 3851 979 3913 llalliu
1002 3870 1075 3931 ergo
1094 3872 1163 3915 oum
1181 3854 1303 3933 quibus·

127 3950 198 4014 dam
219 3955 388 4034 peregrinis
408 3955 565 4033 ingressus
589 3955 741 4015 civitatem
763 3973 819 4034 pro
841 3955 966 4016 camelis
1000 3964 1031 4018 et
1062 3959 1152 4018 asinis
1186 3958 1302 4020 condu-

128 4055 249 4130 cendis,
280 4058 338 4120 sed
369 4077 430 4120 uon
452 4077 546 4120 unum
569 4056 719 4118 camelum
741 4074 799 4119 nec
822 4059 939 4119 asinum
965 4078 1024 4121 nec
1045 4079 1157 4139 equum
1179 4064 1302 4123 invene·

126 4167 197 4224 runt
217 4163 250 4226 in
271 4169 336 4228 tots
366 4165 505 4238 civitate,
536 4166 662 4226 cunctae
695 4161 777 4224 enim
808 4161 924 4223 bestiae
965 4162 1002 4224 ad
1033 4183 1126 4227 onera
1157 4165 1302 4247 portanda

1076 4283 1095 4334 8
