2902 4710
734 114 799 214 m

176 329 253 390 inira
275 327 381 386 urbem
405 323 441 384 ad
463 324 549 385 littus
564 328 744 402 portuosum
768 323 939 402 appulimus
964 329 995 384 et
1016 309 1125 385 narem
1148 314 1356 399 stabilivimus,

177 436 207 492 in
230 433 329 492 littore
354 436 454 490 autem
478 428 645 498 orations,
669 427 706 488 de
724 446 782 505 quo
798 429 962 489 attulerunt
976 430 1061 490 nobis
1079 427 1188 508 aquam
1203 429 1356 511 galeotae,

178 543 208 596 et
232 543 294 597 tota
317 516 642 611 nocte'praeciderunt
663 530 743 609 ligna
767 534 795 590 in
812 531 928 608 galeam
954 530 991 591 de
1014 550 1155 605 nemore,
1179 534 1250 610 quia
1272 551 1352 612 mag·

178 657 250 698 num
275 637 428 704 olefactum
451 645 481 699 et
504 637 656 717 lignorum
678 637 1018 714 etaquae‘habuimus.
1096 695 1099 698 a

266 742 321 802 Die
347 744 452 820 quinta·
473 742 590 804 decima
613 759 701 801 manc
725 742 755 802 in
779 742 899 819 portuen
922 740 1294 813 Rhodianumrenimus,
1312 725 1354 801 et

178 852 211 906 ut
226 846 447 919 intellexerunt,
472 847 523 924 qui
548 862 695 916 essemus,
716 843 873 923 'licentiam
893 843 1056 905 dederunt·
1069 846 1156 906 nobis
1179 845 1285 906 urbem
1310 846 1353 906 in·

179 949 351 1028 gradiendi,
374 968 435 1010 non
459 953 540 1011 enirn
567 967 657 1010 ausae
673 925 742 1010 sunt
757 967 847 1011 naves
864 951 977 1028 passim
993 955 1114 1027 portum
1129 948 1214 1037 illum
1228 947 1354 1026 ingredi,

178 1056 234 1114 nisi
258 1056 371 1115 amicae
402 1052 678 1119 sint'dominorum
708 1055 836 1114 militum
867 1053 904 1114 de
928 1052 1097 1122 Jerusalem
1119 1054 1355 1135 Johunnitarum,

177 1177 234 1218 nec
257 1161 344 1218 amici
368 1161 528 1219 civitatem*
544 1157 644 1240 (160
668 1154 710 1237 a.)
735 1158 850 1236 ingredi
872 1150 1116 1241 permittuntur,
1142 1141 1202 1219 nisi
1225 1157 1262 1218 de
1285 1174 1355 1237 spe-

178 1262 247 1324 ciali
268 1263 391 1323 licentia
413 1260 550 1340 Magistri
581 1264 681 1338 magni
711 1244 902 1322 dominorum
929 1262 1059 1323 militum
1078 1245 1355 1340 ”ierosolymorum

178 1366 224 1429 De
246 1369 304 1429 hoc
327 1370 466 1458 ingressu
490 1366 558 1429 vide
581 1365 613 1440 P.
638 1364 659 1425 l.
685 1365 747 1425 Fol.
773 1361 824 1456 67.
1229 1367 1231 1369 ’

421 1578 1187 1705 mmmmmmwmmm‹

265 1781 388 1845 Rhodus
411 1781 508 1845 insula
532 1792 612 1842 n‘unc
632 1777 716 1854 justo
740 1782 846 1844 ordine
868 1780 1182 1859 uenitdescribenda.
1219 1779 1358 1841 Haecin

177 1885 280 1966 Aegeo
293 1888 366 1946 mari
379 1893 424 1946 est
438 1888 510 1958 sita,¹
520 1877 733 1965 nonginto'rum
744 1878 910 1948 stadiorum
926 1890 1022 1967 spatio
1040 1890 1218 1948 continetur.
1242 1883 1358 1974 Poetae

180 1991 269 2068 hujus
293 1991 410 2050 insulae
435 1993 644 2069 antiquitatem
668 1998 698 2052 et
721 1993 907 2053 nobilitatem
924 1991 1114 2053 adstruentes
1130 1991 1259 2051 tabulam
1283 2007 1358 2050 con-

179 2095 326 2154 finxerunt
357 2093 510 2166 dicentes,
546 2113 667 2183 auream
691 2096 885 2174 pluviam'ibi
908 2096 1006 2156 insarn
1022 2077 1130 2166 inisse,
1154 2113 1223 2155 curn
1248 2090 1359 2167 Pallas,

180 2216 257 2277 quae
281 2199 352 2262 alias
374 2197 513 2260 Minerva
534 2199 658 2271 dicitur,
683 2199 721 2260 de
745 2199 827 2285 louis
849 2200 950 2279 ”capite
973 2205 1159 2260 nasceretur.
1188 2197 1264 2258 Nam
1287 2215 1360 2258 cum

179 2300 299 2382 Jupiter
317 2311 464 2379 cerneret,
480 2302 639 2365 ,lunonem
663 2303 828 2383 conjugem
849 2298 935 2365 suam
958 2323 1018 2364 non
1035 2303 1183 2388 terentem
1206 2303 1296 2375 lilios,
1318 2307 1359 2363 ne

181 2409 303 2466 omnino
336 2409 449 2486 absque
483 2402 630 2486 germine
651 2401 749 2480 esset,
787 2414 932 2486 percusso
965 2407 1101 2474 cerebro
1124 2406 1179 2467 suo
1212 2392 1359 2494 armatam

179 2513 264 2571 misit
276 2509 442 2572 Minervam
466 2529 535 2572 cum
559 2513 734 2573 dulcissimo
758 2513 835 2583 coeli
857 2511 985 2580 aurilluo
1000 2514 1105 2579 imbre.
1136 2510 1256 2587 Ferunt
1266 2497 1360 2590 etiam

180 2615 257 2676 hanc
280 2615 409 2676 insulam
433 2624 642 2677 consecratam
666 2620 761 2696 ipsius
777 2617 897 2678 Danaae
914 2617 1074 2704 coelibatu,
1087 2632 1175 2698 ‚quae
1191 2633 1259 2675 cum
1276 2621 1362 2676 esset

179 2722 267 2780 unica
283 2716 409 2790 Acrisii,
433 2723 512 2797 regis
530 2718 724 2798 Argivorum,
748 2723 789 2781 in‘
802 2724 956 2800 responsis
978 2704 1101 2792 babuit,
1125 2738 1158 2780 se
1174 2736 1264 2785 manu
1281 2718 1359 2795 ejus,

180 2827 230 2902 qui
255 2842 290 2883 ex
313 2824 370 2884 iilia
394 2833 589 2897 nasceretur,
623 2827 818 2896 moriturum,
853 2811 911 2904 qui
929 2825 966 2886 ad
990 2823 1195 2903 ellugiendum
1225 2829 1360 2883 mortem

179 2927 419 3006 praenuntiatam
442 2926 533 3006 liliam
554 2930 584 2987 in
609 2931 687 2988 banc
716 2929 845 2990 insulam
867 2929 1008 3015 Rhodum
1042 2928 1201 2990 transtulit
1223 2945 1359 3005 eamque

68 3079 72 3094 ,
178 3028 342 3090 vestalibus
367 3030 505 3092 claustris
529 3033 660 3094 tradidit.
691 3033 761 3113 Erat
785 3033 1041 3094 autemiormosa
1062 3032 1165 3104 valde,
1189 3041 1248 3111 quo
1272 3048 1358 3091 com·

178 3142 265 3212 perio
288 3131 421 3211 Jupiter,
446 3153 515 3195 cum
538 3155 697 3203 accessum
719 3138 810 3197 alium
834 3133 894 3198 non
910 3137 1036 3199 haberet
1054 3137 1099 3218 ad
1108 3136 1264 3209 inclusam,
1287 3131 1358 3196 uer-

179 3256 230 3297 sus
253 3240 283 3297 in
307 3239 370 3297 auri
395 3243 509 3316 guttam
532 3258 567 3301 ex
590 3240 699 3320 tegulis
723 3243 755 3302 in
779 3241 1036 3327 cellam-virginis
1064 3240 1243 3310 destillavit,
1278 3256 1359 3317 quae

179 3358 306 3427 cernens
337 3347 488 3420 guttarum
529 3344 680 3423 fulgorem
718 3346 899 3425 dulcemque
933 3343 1074 3408 tinnitum
1112 3341 1240 3423 labentis
1284 3343 1358 3414 auri,

179 3447 308 3506 accurrit
331 3451 362 3505 et
385 3452 483 3523 guttas
507 3450 574 3508 sinu
599 3468 654 3510 suo
672 3453 806 3530 suscepit
830 3453 935 3529 sicque
949 3431 1121 3531 *praegnans
1145 3447 1252 3508 eiiecta
1276 3451 1338 3524 est.-

266 3546 299 3608 ln
322 3549 378 3609 hac
402 3551 526 3630 insuper
549 3553 646 3613 insula
669 3549 772 3615 dicunt
794 3552 986 3615 reconditum
1008 3553 1102 3613 inisse
1125 3552 1210 3612 illum
1232 3549 1358 3610 thesau-

180 3669 247 3729 rum
276 3650 522 3726 desiderabilem,
559 3673 649 3732 quem
681 3657 784 3717 multis
816 3648 1117 3742 periculis'incursis
1151 3653 1278 3732 adeptus
1311 3659 1360 3714 est

182 3754 273 3815 Jason
298 3754 348 3813 ille
371 3756 478 3816 nobilis
495 3755 638 3836 Graecus,
663 3775 788 3820 aureum
811 3760 954 3822 videlicet
975 3760 1082 3821 vellus.
1117 3759 1230 3819 Verum
1254 3761 1357 3816 tamen

179 3858 237 3918 hoc
261 3875 296 3916 ex
320 3861 509 3937 antiquorum
533 3860 621 3920 dictis
644 3881 705 3923 non
730 3866 851 3941 accepi,
875 3863 930 3924 sed
953 3865 984 3923 in
999 3862 1140 3923 libellulis
1157 3860 1287 3921 militurn
1302 3876 1358 3938 pe-

180 3962 369 4040 regrinorum
391 3960 422 4021 id
437 3965 545 4040 reperi,
556 4007 564 4011 a
575 3964 625 4039 qui
648 3964 746 4024 solum
765 3974 894 4046 propter
911 3966 1060 4044 quaedam
1085 3964 1279 4026 consonantia
1302 3981 1359 4023 no-

180 4067 294 4124 minum
318 4066 479 4135 aestimant
502 4064 614 4124 iactum
637 4067 667 4126 in
691 4067 808 4141 Rhodo,
834 4069 915 4148 qnod
938 4076 984 4130 est
1007 4069 1122 4131 iactum
1144 4071 1175 4129 in
1199 4064 1358 4134 Colchide.

180 4167 257 4228 Nam
280 4166 403 4229 Rhodus
426 4167 485 4227 alio
509 4169 630 4228 nomine
655 4167 764 4232 dicitur
788 4172 914 4244 Choloe,
948 4179 980 4234 et
1003 4174 1073 4253 quia
1105 4188 1230 4235 aureum
1259 4169 1359 4233 vallus
