2874 4770
616 178 758 279 'soa

134 363 277 438 quantam
299 359 330 420 in
353 355 560 436 superioribus
583 355 694 417 iactam
717 374 777 417 non
792 355 932 433 legimus.
964 353 1134 418 Trucidatis
1159 361 1261 417 autem
1285 361 1317 416 et

133 463 265 526 venditis
288 463 425 523 omnibus
440 461 618 523 Christianis
645 459 815 520 declaratus
837 458 893 518 luit
909 455 1118 520 Machumetus
1142 461 1315 538 imperator,

134 569 240 646 sicque
263 568 425 645 imperium
448 563 627 625 translatum
651 570 700 622 est
724 563 753 621 in
777 561 893 621 Tureos
918 580 934 622 a
958 561 1091 623 Graecis.

221 669 318 743 Quam
336 668 420 746 justo
443 665 637 742 Deijudicio
661 665 773 725 luerint
798 663 905 724 Graeci
928 663 971 724 illi
996 668 1184 728 exterminati
1217 676 1248 729 et
1279 669 1316 731 ad

119 774 261 835 ‘nihilum
283 771 398 832 redacti
421 771 458 831 ab
481 767 668 839 infidelibus,
693 769 765 827 satis
789 774 873 846 patet
897 785 933 827 er
950 767 1027 840 hoc,
1052 769 1133 846 quod
1155 778 1316 851 postquam

137 877 351 937 Constantinus
375 872 527 934 transtulit
550 871 656 932 sedem
679 873 799 949 imperii
823 873 859 933 ab
882 873 956 932 urbe
977 871 1073 933 Roma
1096 874 1127 933 in
1145 875 1314 937 Constanti-

132 982 278 1060 nopolim,
306 979 468 1040 duodecim
483 977 598 1038 vicibus
613 978 645 1037 in
661 976 786 1038 diversis
808 977 996 1054 temporibus
1020 980 1195 1039 successive
1211 998 1311 1041 reces-

133 1091 237 1145 serunt
262 1085 298 1144 ab
328 1082 500 1144 obedientia
524 1082 677 1141 Romanae
708 1081 857 1143 eeclesiae
882 1100 937 1160 per
960 1080 1092 1142 diversas
1117 1083 1261 1144 haereses
1285 1091 1316 1145 ct

132 1190 305 1261 schismata,
330 1207 398 1249 cum
421 1195 524 1249 tamen
540 1183 708 1247 secundum
725 1185 903 1247 catholicam
929 1186 1020 1246 fidem
1036 1186 1169 1246 Romana
1187 1188 1316 1249 ecclesia

132 1294 172 1352 sit
195 1299 290 1353 mater
312 1293 447 1352 omnium
484 1290 683 1351 ecclesiarum
711 1296 742 1349 et
765 1292 924 1368 magistra,
959 1297 991 1350 nt
1014 1288 1123 1349 dicitur
1145 1290 1226 1350 Disc.
1255 1289 1315 1356 119

133 1399 166 1456 in
189 1398 377 1457 memoriam.
424 1396 479 1456 Cui
503 1395 632 1474 superba
656 1394 950 1473 Constantinopolis,
974 1412 1051 1472 quae
1075 1411 1129 1471 per
1152 1395 1315 1455 ecclesiam

131 1499 189 1561 init
211 1502 384 1571 sublimata,
408 1506 439 1560 et
451 1498 585 1559 Orientis
602 1496 721 1576 'primas
745 1499 893 1568 instituta,
918 1496 1081 1557 infaciem
1105 1500 1196 1576 spuit.
1237 1499 1314 1559 Nam

133 1604 315 1682 allegitur,
338 1611 476 1683 tempore
501 1602 716 1682 apostolorum,
741 1601 812 1661 dum
835 1601 932 1662 adhuc
948 1600 1127 1680 Byzantium
1151 1611 1234 1664 esset
1259 1622 1313 1682 op·

132 1708 237 1789 pidum
252 1727 391 1789 parvum,
414 1710 496 1770 venit
518 1708 588 1768 illac
604 1707 635 1766 S.
652 1705 789 1767 Andreas
814 1706 968 1784 apostolus
993 1714 1023 1767 et
1050 1707 1131 1766 illam
1155 1709 1312 1778 convertit,

131 1814 233 1890 ibique
256 1815 434 1891 episcopum
456 1819 487 1873 et
502 1810 708 1890 episcopalem
724 1810 885 1870 ecclesiam
900 1810 1065 1881 ordinavit,
1089 1814 1193 1890 sicque
1215 1830 1311 1891 usque

133 1917 170 1978 ad
189 1917 418 1979 Constantinum
442 1918 534 1988 stetit,
559 1918 625 1994 ipse
642 1923 742 1975 autem
761 1915 975 1976 Constantinus
991 1916 1142 1977 civitatem
1166 1917 1312 1996 amplians

107 2025 248 2084 ¹clerum
271 2032 303 2084 et
326 2025 488 2085 ecclesiam
516 2024 611 2102 magis
639 2022 744 2083 extulit
766 2029 797 2081 et
820 2021 1109 2102 archiepiscopalem
1132 2022 1237 2083 sedem
1267 2025 1309 2084 ibi

131 2128 214 2190 fecit.
259 2129 331 2190 Post
353 2129 412 2189 hoc
435 2131 465 2189 in
489 2127 619 2189 concilio
642 2144 752 2204 magno
776 2125 945 2215 ordinatum
969 2126 1025 2186 tuit
1047 2145 1103 2206 per
1126 2135 1243 2204 patres,
1277 2134 1312 2190 nt

131 2232 463 2314 Constantinopolitano
486 2233 618 2293 eeclesia
644 2239 726 2291 esset
749 2231 882 2292 secunda
906 2237 977 2310 post
999 2231 1126 2292 Romam
1157 2238 1189 2291 et
1218 2235 1310 2310 patri·

130 2334 275 2406 archalis,
300 2336 388 2396 altior
413 2354 502 2414 quam
526 2337 657 2396 ecclesia
681 2333 881 2396 Alexandrina
912 2342 963 2396 aut
986 2334 1237 2414 ierosolymitana
1261 2340 1312 2395 aut

130 2438 329 2501 Antiocheno.
360 2439 401 2502 Ut
424 2448 506 2519 patet
528 2441 610 2501 Disc.
633 2438 725 2500 llllll.
756 2441 787 2499 in
811 2440 946 2518 pluribus
971 2438 1119 2518 capitulis.
1147 2438 1311 2516 Postquam

129 2544 222 2622 igitur
252 2545 296 2604 sic
319 2545 476 2606 sublimata
511 2552 559 2606 est
592 2554 623 2607 et
650 2545 782 2624 praelata
812 2547 930 2605 cunctis
960 2545 1099 2605 ecclesiis
1127 2544 1182 2603 sub
1206 2544 1310 2615 Roma,

130 2655 237 2708 secuta
261 2655 331 2709 sunt
355 2650 447 2710 multa
472 2649 549 2711 mala
573 2656 604 2710 et
619 2649 781 2736 divisiones
799 2656 830 2710 et
845 2649 922 2710 iacta
946 2656 992 2709 est
1016 2648 1146 2709 eeclesia
1162 2648 1309 2708 Constan-

128 2750 324 2829 tinopolitana
354 2753 479 2832 laqueus
513 2754 623 2816 diaboh
655 2762 686 2814 et
718 2738 824 2825 eausa,
858 2760 891 2814 ut
921 2753 1113 2831 frequenter,
1154 2750 1309 2812 divisionis

129 2855 254 2916 aliarum
283 2857 480 2918 ecclesiarum
514 2859 705 2920 orientalium
746 2875 762 2918 a
794 2859 899 2919 Roma.
944 2857 1106 2930 Quomodo
1138 2863 1239 2917 autem
1279 2864 1310 2917 et

129 2959 236 3038 quibus
259 2963 445 3040 temporibus
474 2968 505 3024 et
538 2965 568 3023 in
598 2964 707 3041 quibus
741 2963 891 3024 erroribus
925 2963 1087 3024 duodecim
1111 2964 1224 3025 vicibus
1248 2963 1308 3024 dis-

129 3064 257 3123 cesserit
268 3063 598 3145 Constantinopolitana
616 3068 747 3128 ecclesia
770 3084 786 3127 a
805 3067 955 3140 Romana,
979 3071 1024 3128 sic
1039 3070 1071 3128 ui
1086 3068 1185 3147 placet
1201 3066 1309 3127 diffuse

127 3166 247 3245 legere,
280 3165 382 3229 videat
412 3171 444 3230 in
476 3169 626 3232 Chronico
661 3169 773 3232 hoton.
804 3171 836 3232 P.
868 3171 916 3233 lll.
950 3172 1009 3233 Tit.
1034 3172 1085 3236 22.
1125 3173 1156 3234 C.
1184 3169 1224 3237 13
1254 3190 1309 3251 per

127 3276 234 3330 totum.
974 3294 976 3298 ’

214 3373 291 3447 Quia
321 3392 393 3454 crgo
418 3375 694 3455 Constantinopolis
727 3378 823 3439 noluit
857 3397 926 3440 esse
951 3380 1005 3440 sub
1029 3380 1166 3441 Romano
1190 3397 1308 3440 summo

128 3477 288 3556 pontifice,
316 3475 400 3554 juste
432 3485 532 3538 actum
555 3485 618 3551 est,
653 3486 687 3540 nt
714 3482 753 3540 sit
777 3482 831 3541 sub
856 3484 1067 3542 cruentissimo
1091 3483 1246 3555 carnifice,
1278 3490 1309 3545 et

126 3590 204 3659 quac
228 3583 344 3660 sprevit
366 3581 677 3655 catholicoslideles,
700 3591 876 3662 spernatur,
909 3584 1103 3649 conculcetur
1125 3606 1179 3667 per
1201 3588 1307 3650 infide·

126 3685 173 3745 les
197 3685 324 3747 Turcos.

188 3789 430 3853 ¹llrterminium
462 3790 553 3869 hujus
584 3793 665 3855 urbis
695 3799 764 3856 ante
799 3797 893 3858 multa
926 3803 1063 3877 tempora
1087 3801 1213 3862 mirabili
1236 3820 1307 3882 pro·

124 3893 228 3972 phetia
257 3893 314 3955 iuit
347 3896 544 3974 praedictum.
590 3899 661 3960 Erat
695 3901 777 3960 enim
804 3901 925 3980 quidam
947 3901 1145 3983 philosophus
1179 3925 1307 3985 graecus

126 3998 279 4075 antiquus,
301 4002 424 4061 nomine
440 3999 518 4073 leo,
541 4005 611 4080 qui,
633 4006 737 4065 nescio
761 4023 821 4084 quo
837 4008 945 4085 spiritu
969 3990 1110 4083 edoctus,
1135 4012 1307 4073 columnam

128 4097 201 4160 iecit
224 4118 438 4177 marmoream,
473 4108 553 4167 vario
577 4109 718 4169 vestitam
739 4126 906 4183 marmore,
942 4112 1126 4175 admodum
1149 4132 1308 4176 scaoorum

126 4203 173 4262 sic
189 4203 370 4282 ordinatam,
393 4209 474 4289 quod
488 4212 662 4290 incipiendo
685 4230 703 4276 a
725 4215 873 4295 principio
896 4217 928 4278 in
950 4236 1011 4279 uno
1033 4236 1124 4280 soaco
1139 4218 1308 4298 ponebatur
1340 4220 1342 4224 '

1064 4334 1099 4386 20
