2874 4770
746 159 811 229 tea

190 346 285 411 maus
320 343 413 407 rubri.
455 343 566 405 Contra
595 342 770 404 vulturnum
802 344 834 400 et
862 337 1104 418 septentrionem
1132 338 1182 396 cst
1210 330 1369 394 desertum

191 466 334 530 maguum
355 464 453 527 usquc
476 447 512 508 ad
535 453 646 508 terram
669 450 816 506 sanctam.

278 553 387 614 Forma
408 560 510 614 terrae
532 548 663 629 Aegypti
685 555 734 609 est
755 547 899 625 oblonga,
921 563 993 606 nam
1014 543 1184 604 secuudum
1199 540 1370 602 Diodorum

193 658 343 720 maritima
377 674 429 717 ora
463 655 524 717 duo
547 653 640 714 millia
663 652 875 731 complectitur
906 649 1018 720 stadia,
1050 648 1275 708 mediterranea
1297 665 1370 708 vero

192 761 288 825 stadia
310 763 431 822 circiter
452 757 534 819 mille
558 759 722 835 sexaginta.
802 816 807 822 .
883 828 886 834 ,
1362 834 1369 845 ,

202 872 219 891 ”
279 865 427 928 Dividitur
457 865 548 924 etiam
569 859 725 940 Aegyptus
751 860 783 920 in
806 859 995 938 superiorem
1018 862 1049 915 et
1070 855 1258 916 interiorem.
1290 856 1369 917 lute-

192 969 256 1031 rlor
276 969 313 1028 ab
335 966 521 1047 Aegyptiaco
544 964 653 1043 pelago
686 965 791 1045 incipit
821 970 853 1023 et
885 979 942 1042 per
963 959 1023 1020 Nili
1045 957 1208 1018 decursum
1231 960 1371 1022 ascendit

192 1089 289 1152 nsque
312 1073 342 1131 iu
368 1071 506 1150 Cayrum.
547 1067 693 1146 Superior
720 1084 811 1146 supra
827 1065 957 1144 Cayrum
980 1061 1138 1146 adscendit
1159 1061 1370 1140 complectens

192 1174 374 1237 solitudines
386 1172 559 1235 Thebaidae
584 1173 717 1249 regionis
746 1180 778 1233 et
800 1171 961 1232 latissimas
977 1183 1114 1236 cremus,
1137 1173 1168 1226 et
1189 1184 1245 1244 pro
1263 1167 1370 1245 majori

193 1296 256 1342 sno<
280 1276 481 1339 inhabitabilis
505 1273 589 1357 (est.)
613 1274 805 1336 Proteuditur
834 1280 936 1335 autern
965 1278 995 1335 in
1024 1278 1186 1347 orientem,
1219 1284 1251 1336 et
1280 1278 1370 1338 babet

194 1401 211 1446 a
233 1383 440 1463 septentrione
460 1360 562 1442 sinum
582 1377 761 1452 Arabicum,
785 1396 802 1440 a
824 1379 952 1440 meridie
973 1399 1045 1442 vero
1068 1399 1232 1452 occanum,
1257 1383 1294 1442 ab
1319 1401 1369 1443 oc-

194 1505 267 1549 casu
289 1486 464 1548 inferiorem
485 1482 672 1563 Aegyptum,
698 1490 729 1543 et
752 1484 787 1543 ab
809 1485 928 1544 oriente
957 1502 1040 1545 mare
1063 1484 1196 1545 rubrum.
1242 1485 1370 1548 inferior

193 1609 267 1655 vero
283 1592 367 1668 regio
384 1608 400 1652 a
416 1590 512 1669 Cayro
528 1587 672 1649 deorsum
686 1586 784 1648 tendit
806 1604 862 1666 per
884 1589 995 1648 lineam
1011 1588 1084 1660 Nili,
1107 1589 1224 1650 babens
1248 1591 1286 1650 ab
1302 1598 1368 1652 ortu

195 1687 313 1776 Syriam
344 1701 375 1756 et
397 1693 612 1764 Palaestinam,
641 1693 677 1753 ab
710 1709 820 1752 occasu
842 1690 983 1773 Libyam,
1015 1697 1263 1772 aseptentrione
1287 1714 1369 1757 mare

194 1806 348 1871 nostrum,
371 1815 387 1859 a
411 1796 537 1858 meridie
562 1787 711 1868 montem,
735 1799 786 1874 qui
809 1797 978 1874 appellatur
1001 1796 1123 1857 Climax.
1165 1797 1202 1858 Et
1225 1797 1278 1859 illa
1299 1817 1368 1877 pars

195 1909 244 1965 est
265 1901 356 1982 plena
386 1900 567 1961 bominibus.
611 1897 756 1961 Homines
787 1907 889 1978 tamen
915 1897 1001 1976 juxta
1031 1901 1200 1980 praelatum
1233 1911 1370 1963 montem

195 2003 386 2067 dominantur
408 2005 483 2065 mari
505 2004 596 2063 rubro
620 2004 727 2081 supra;
753 2009 784 2063 et
807 2002 925 2074 dicunt,
950 2002 1030 2081 quod
1045 2003 1195 2065 foeminae
1217 2007 1261 2066 ibi
1276 2010 1369 2085 iusig-

195 2124 251 2170 nes
268 2107 401 2168 babeant
422 2105 552 2184 prolixas
575 2096 700 2199 barbas,
722 2114 865 2182 vacantes
881 2110 1104 2180 venationibus,
1128 2117 1158 2170 et
1174 2111 1244 2170 loco
1262 2129 1370 2172 cauum

194 2213 309 2276 babent
330 2209 455 2290 tigrides
480 2216 511 2272 et
534 2209 704 2288 leopardos.
749 2211 896 2291 Superior
917 2211 1074 2292 Aegyptus
1098 2219 1146 2274 est
1168 2232 1262 2292 supra
1283 2233 1367 2276 mou-

195 2325 265 2381 tana
286 2315 417 2378 solitudo
432 2316 603 2378 vastissima
625 2320 657 2375 et
679 2313 861 2386 aridissima,
884 2314 924 2374 ibi
947 2316 1029 2376 nulla
1050 2318 1094 2379 vis
1115 2317 1259 2379 imbrium
1281 2322 1368 2380 time-

195 2429 260 2495 tur,
294 2438 351 2482 nec
381 2421 512 2498 aliquam
542 2421 582 2480 ibi
614 2419 707 2480 fuisse
727 2420 862 2498 pluviam
885 2419 1019 2481 auditum
1042 2427 1103 2494 est,
1131 2422 1187 2483 scd
1208 2432 1371 2486 ventorum

197 2525 280 2588 canis
300 2522 340 2607 (l)
357 2531 412 2598 est,
435 2531 468 2603 ut
488 2528 514 2585 si
527 2524 706 2603 quandovel
723 2526 918 2585 clementiore
935 2526 1021 2586 coelo
1038 2527 1239 2604 aliquantulus
1256 2530 1371 2607 spirare

196 2628 285 2694 fletus
309 2630 460 2709 coeperit,
483 2630 579 2706 magis
602 2626 633 2688 in
655 2629 714 2689 illis
736 2633 824 2719 terris
848 2633 991 2708 quam-in
1014 2631 1075 2692 ullo
1091 2633 1165 2692 inari
1180 2633 1372 2712 naufragium

195 2739 252 2795 est.
296 2732 384 2794 Nulla
416 2733 462 2792 ibi·
491 2733 625 2809 germina
659 2739 723 2794 sata
754 2736 785 2793 in
812 2735 866 2818 illa
888 2736 1081 2814 proveniunt,
1106 2737 1218 2814 quippe
1241 2737 1372 2798 instabili

196 2838 264 2899 loco
297 2833 389 2918 (13⁷
413 2830 457 2914 a)
489 2834 641 2895 arentibus
674 2837 791 2907 arenis,
831 2837 868 2897 ad
905 2856 1028 2899 ornnem
1062 2846 1177 2900 motum
1209 2847 1372 2902 ventorum

197 2938 385 3009 cedentibus.
432 2939 545 3001 Verum
578 2939 629 2998 ubi
652 2936 776 2999 adversa
805 2941 952 3019 quaedam
974 2945 1179 3020 promontoria
1200 2947 1300 3012 ventis
1325 2965 1372 3006 re-

197 3044 325 3113 sistunt,
348 3048 428 3103 terra
452 3041 669 3120 aliquantulum
693 3042 817 3103 solidior
838 3045 963 3106 herbam
986 3064 1083 3107 raram
1107 3054 1197 3125 atque
1220 3048 1372 3127 hispidam

198 3147 301 3230 gignit.
347 3145 389 3207 lla
412 3146 452 3208 ibi
476 3147 541 3207 sola
563 3148 672 3208 messis
697 3154 759 3218 est,
784 3149 1038 3226 quae-celeritate
1061 3142 1224 3229 proventus
1248 3170 1304 3231 per
1319 3171 1371 3214 na-

197 3259 296 3314 turam
318 3250 392 3312 solis
415 3253 478 3314 sive
503 3253 582 3314 airis
606 3249 665 3333 (ac)
696 3260 856 3315 ventorum
880 3271 968 3314 casus
992 3254 1120 3316 evadere
1150 3256 1246 3327 solet;
1276 3257 1373 3318 fertur

197 3356 279 3419 enim
302 3373 318 3417 a
343 3353 392 3415 die
410 3354 484 3433 jacti
508 3356 633 3418 seminis
663 3357 816 3419 tricesima
850 3357 898 3417 die
930 3365 1147 3420 maturescere.
1194 3359 1371 3421 Consistere

198 3465 298 3521 autern
329 3460 368 3520 ibi
392 3460 530 3522 homines
554 3463 630 3522 ratio
663 3467 726 3532 est,
757 3464 805 3523 vel
829 3465 898 3540 quia
920 3464 961 3523 ibi
984 3463 1070 3523 liberi
1094 3469 1163 3551 sunt
1183 3481 1200 3523 a
1223 3468 1371 3542 gravami-

197 3563 284 3625 nibus
308 3547 497 3626 dominorum
521 3567 769 3638 attributorum,
800 3567 848 3628 vel
872 3569 940 3645 quia
963 3584 1071 3628 vacare
1102 3573 1228 3646 possunt
1261 3567 1371 3631 divinis

196 3673 229 3729 et
250 3669 564 3748 contemplationibus.
611 3667 697 3729 Unde
722 3654 750 3730 in
773 3670 824 3731 illa
846 3673 997 3750 superiori
1020 3670 1159 3750 Aegypto
1183 3673 1281 3731 sancti
1319 3691 1371 3752 pa·

197 3776 261 3833 tres
284 3773 379 3832 nostri
408 3771 575 3852 deguerunt
599 3775 786 3834 eremiticam
810 3774 957 3836 ducentes
982 3777 1084 3837 vitam.
1130 3775 1246 3837 Tantus
1270 3784 1372 3838 autern

198 3873 280 3937 calor
299 3875 339 3935 ibi
361 3880 422 3946 est,
446 3882 479 3935 ut
500 3882 623 3936 sanctus
638 3874 848 3940 Pastumianus
865 3879 958 3951 dicat,
983 3879 1144 3940 sevidisse
1160 3879 1257 3941 fluere
1280 3881 1371 3943 ollam

199 3995 268 4039 curn
282 3978 438 4058 pulmento
455 3979 492 4040 ad
516 3979 626 4051 solem,
651 3987 765 4042 ettam
787 3983 901 4046 fervida
926 3991 957 4045 ct
973 3987 1061 4063 ignea
1084 4001 1101 4044 a
1124 3984 1187 4045 sole
1203 3983 1373 4046 redduntur

199 4098 283 4155 saxa,
311 4089 344 4144 ut
375 4100 480 4144 carnes
512 4082 604 4144 crude
628 4086 693 4144 sine
722 4088 808 4165 igne,
839 4091 955 4168 positae
986 4106 1077 4169 supra
1099 4088 1215 4168 lapides
1240 4094 1272 4150 et
1291 4092 1373 4152 inter

198 4202 269 4260 eos,
292 4193 446 4261 assentur,
469 4193 502 4250 ut
524 4189 663 4268 superius
684 4197 770 4269 patet
789 4192 828 4256 de
851 4193 983 4269 deserto.
