2874 4770
680 122 745 193 389

125 317 224 360 meam
246 299 468 378 supellectilem
491 316 637 378 ponerem
665 301 749 360 etin
772 318 808 361 ea
832 300 996 363 dormirem
1026 305 1057 362 et
1083 303 1114 363 in
1141 302 1303 364 refectorio

127 405 280 464 communi
303 403 497 465 dominorum
521 410 721 463 mercatorum
737 397 964 491 manducarem,
988 405 1130 484 quamdiu
1153 407 1194 467 ibi
1216 423 1303 467 man·

127 525 215 567 surus
239 525 356 578 essem,
381 507 460 585 quod
485 514 516 567 et
538 506 613 569 leci:
649 525 807 584 regressus
831 509 911 568 enim
935 526 1003 568 sum
1025 511 1056 568 in
1079 509 1243 588 hospitium
1274 515 1304 570 et

127 614 229 670 omnia
259 628 328 671 mea
358 611 428 683 tuli,
463 611 598 671 inferens
630 613 660 669 in
690 609 796 671 cellam
826 610 1005 688 praefatam,
1039 617 1069 672 et
1100 615 1196 672 mansi
1224 615 1304 697 inter

126 723 330 786 mercatores,
354 733 433 775 nunc
459 716 494 775 ab
517 716 591 784 isto,
625 732 704 774 nunc
728 714 762 773 ab
786 714 836 773 illo
861 715 1019 787 invitatus,
1049 717 1128 775 inter
1150 734 1226 794 quos
1250 716 1303 776 de·

127 820 407 897 gensrecuperavi
440 820 520 879 vires
552 836 635 878 meas
676 818 849 878 notabiliter
886 822 915 878 in
952 820 1027 879 mari
1066 818 1239 898 deperditas
1274 827 1306 880 et

126 925 292 983 reassurnsi
316 942 428 983 cornua
452 929 482 982 et
506 924 640 1002 speciem
664 940 764 982 ineam
787 921 914 982 solitam.
960 921 1108 982 Dicebant
1139 925 1219 982 enim
1241 925 1305 982 noti

125 1028 201 1098 mei,
235 1027 316 1104 quod
338 1030 369 1087 in
393 1029 490 1105 primo
515 1045 584 1086 meo
608 1032 748 1107 aspectu,
783 1024 903 1103 quando
934 1027 1042 1086 intravi
1064 1025 1224 1096 sonticum,
1258 1028 1306 1088 vix

125 1136 264 1208 poterant
293 1148 342 1190 me
366 1149 563 1210 cognoscere
581 1138 722 1211 propter
745 1133 873 1192 maciem
907 1136 937 1190 et
966 1131 1113 1209 pallorem
1148 1137 1179 1192 et
1202 1130 1304 1192 deiec-

125 1235 249 1293 tionem.
296 1233 347 1294 Sic
371 1252 443 1312 ergo
468 1235 585 1296 transiit
607 1235 657 1294 illa
681 1234 755 1294 dies.

212 1335 278 1397 Una
302 1338 350 1398 die
374 1340 481 1399 intravi
505 1338 635 1417 hospitia
666 1338 857 1399 dominorum
889 1339 1118 1417 peregrinorum
1152 1346 1183 1399 et
1205 1340 1305 1400 inveni

66 1520 70 1527 Ι
126 1440 242 1527 aliquos
261 1438 325 1515 Jam
348 1442 513 1500 recessisse
530 1458 546 1500 a
562 1440 714 1512 Venetiis,
738 1442 787 1501 alii
809 1459 881 1502 vero
905 1441 942 1503 ad
965 1461 1123 1504 recessum
1141 1426 1180 1503 'se
1204 1440 1304 1521 dispo·

128 1545 252 1612 nebant,
277 1546 329 1622 qui
351 1545 481 1605 libenter
500 1544 663 1613 vidissent,
688 1544 770 1623 quod
794 1564 863 1606 cum
886 1548 929 1607 eis
947 1563 1148 1618 remeassem,
1172 1546 1227 1606 sed
1243 1545 1304 1606 col-

127 1648 288 1726 ligaveram
312 1665 360 1707 me
384 1650 600 1709 mercatoribus
623 1648 661 1708 de
685 1647 785 1720 Ulma,
810 1668 879 1710 eum
903 1652 1011 1729 quibus
1034 1650 1134 1711 redire
1157 1651 1304 1711 volebam.

127 1750 332 1812 Valediximus
356 1769 428 1830 ergo
452 1754 539 1813 nobis
562 1754 708 1824 invicem,
734 1760 764 1812 et
786 1771 846 1812 non
870 1753 983 1831 absque
1000 1754 1152 1815 laobrimis
1175 1756 1306 1834 separati

127 1872 250 1926 sumus,
283 1858 444 1935 praecipue
476 1863 578 1916 tamen
602 1841 740 1917 dominus
764 1854 1105 1930 lohannesLaezinus,
1134 1840 1303 1938 Hungarus,

127 1958 357 2021 archidiaconus
380 1960 691 2039 Transsylvaniensis,
724 1959 762 2020 de
795 1978 854 2038 quo
883 1979 975 2039 saepe
998 1961 1075 2023 lacta
1106 1968 1153 2023 est
1180 1965 1305 2034 mentio,

126 2080 195 2122 cum
218 2065 331 2141 ingenti
355 2062 428 2124 fletu
451 2081 467 2124 a
491 2083 540 2125 me
563 2065 676 2126 divisus
701 2072 765 2137 est,
790 2072 820 2125 et
843 2083 900 2144 ego
924 2066 959 2125 ab
983 2084 1019 2126 eo
1036 2086 1095 2127 non
1112 2085 1181 2127 cum
1196 2068 1305 2128 minori

125 2168 245 2227 tristitia
269 2173 297 2227 et
315 2185 455 2229 moerore
471 2170 602 2239 recessi,
627 2176 657 2228 et
680 2170 721 2228 ita
737 2167 818 2228 diem
834 2167 919 2228 illum
936 2186 1006 2228 eum
1020 2172 1111 2239 sociis
1129 2176 1160 2230 et
1175 2170 1304 2231 dominis

126 2272 295 2348 peregrinis
318 2257 465 2348 transegi,
489 2274 539 2348 qui
562 2273 592 2330 in
615 2273 777 2332 crastinum
801 2271 940 2332 volebant
964 2288 1051 2331 mane
1075 2271 1228 2333 recedere.

214 2372 339 2432 Decima
363 2372 424 2443 die,
449 2391 526 2451 quae
551 2380 597 2433 est
621 2373 651 2433 S.
676 2372 775 2444 Pauli,
799 2375 889 2452 primi
912 2376 1074 2446 eremitae,
1099 2376 1232 2436 invitavit
1256 2391 1304 2434 me

127 2478 157 2535 in
182 2475 346 2553 hospitium
370 2494 459 2536 suum
481 2477 657 2554 magnificus
681 2478 740 2546 vir,
774 2475 911 2536 dominus
935 2476 1126 2538 Burcbardus
1160 2477 1197 2537 de
1221 2477 1304 2539 Brai-

128 2578 271 2649 tenbaob,
302 2577 435 2638 decanus
459 2579 580 2655 majoris
605 2564 754 2639 ecclesiae
776 2578 1034 2657 Moguntinensis,
1070 2589 1101 2641 et
1119 2584 1305 2653 =contulimus

127 2682 165 2743 de
189 2683 376 2744 conficiendo
401 2682 581 2762 peregrinali
605 2692 635 2744 et
659 2683 696 2743 de
721 2684 882 2744 concordia
906 2683 1130 2757 confectorum,
1162 2685 1304 2747 libenter-

129 2806 185 2866 que
211 2787 351 2857 vidisaet,
375 2787 454 2866 quod
478 2789 578 2847 statim
602 2805 708 2848 secum
731 2787 920 2864 llloguntiam
943 2791 1159 2867 perrexissem,
1184 2788 1238 2848 sed
1261 2790 1324 2872 sic=

127 2892 191 2952 lieri
214 2911 272 2952 non
296 2894 408 2970 potuit,
442 2895 511 2970 quia
534 2892 666 2952 ollicium
690 2892 916 2970 praedicaturae
945 2894 974 2952 in
999 2889 1085 2954 Ulma
1108 2895 1182 2954 mibi
1206 2894 1304 2973 provi-

129 2994 199 3057 dere
223 2995 413 3057 incumbebat
444 3015 480 3071 ex
503 2996 675 3058 obedientia
708 2996 832 3057 ordinis.
879 2995 990 3074 Sicque
1022 2995 1086 3057 dies
1103 2996 1167 3058 ‘illa
1195 2999 1305 3058 iterum

128 3100 254 3160 transiit.
920 3098 922 3104 ’
1345 3082 1351 3092 ’

215 3200 380 3266 Undecima
404 3205 468 3277 die,
503 3223 578 3283 quae
604 3211 667 3266 erat
691 3190 841 3265 dominica
870 3203 949 3265 iutra
970 3211 1091 3264 octavas
1115 3204 1303 3282 epiphaniae,

127 3304 222 3367 Missa
245 3308 323 3367 lecta
346 3314 377 3368 et
400 3309 515 3381 audita,
545 3310 660 3379 audivi,
684 3309 831 3386 quosdam
854 3307 1037 3368 Teutonicos
1064 3307 1141 3368 velle
1164 3310 1304 3386 navigare

127 3411 157 3470 in
174 3408 323 3480 Paduam,
348 3419 378 3471 et
393 3415 494 3472 statim
516 3415 642 3491 reverti,
667 3419 697 3471 et
721 3414 790 3489 quia
812 3416 998 3470 mercatores
1021 3408 1079 3494 illi,
1104 3427 1173 3469 oum
1197 3408 1305 3486 quibus

128 3513 272 3574 recedere
297 3512 520 3591 disposueram,
544 3514 797 3591 noudumparati
821 3518 924 3582 erant,
950 3513 1096 3571 associavi
1119 3529 1169 3591 me
1185 3513 1305 3588 naviga-

128 3619 202 3676 turis
225 3616 371 3698 Paduam,
406 3625 440 3678 ut
461 3626 492 3678 et
514 3618 655 3695 reliquias
687 3617 727 3676 ibi
750 3604 886 3677 viderem
916 3621 946 3673 et
970 3614 1115 3674 ecclesias
1147 3621 1177 3674 et
1200 3633 1303 3675 mona-

128 3723 219 3781 steria
250 3728 281 3781 et
304 3724 465 3784 civitatem.
512 3722 721 3800 Navigavimus
752 3737 824 3797 ergo
848 3735 917 3778 sero
941 3725 1022 3781 extra
1045 3718 1186 3780 Venetias
1214 3725 1243 3779 et
1268 3717 1305 3778 ad

129 3829 296 3886 extremum
323 3829 422 3886 sinum
447 3825 549 3904 (208
572 3823 616 3900 8)
639 3806 784 3885 Adriatici
813 3823 903 3883 maris
934 3825 1156 3904 navigavimus,
1190 3825 1305 3884 nonin

129 3930 230 4007 galea,
262 3949 319 3993 nec
342 3934 371 3992 in
394 3933 500 4001 barca,
535 3929 589 3990 sed
613 3930 642 3988 in
665 3928 827 3999 barcbopa,
861 3945 937 4006 quae
968 3937 1038 3990 sunt
1067 3947 1159 3991 naves
1182 3946 1305 4008 semper

130 4034 328 4095 ascendentes
362 4039 392 4094 et
424 4033 644 4095 descendentes
678 4034 716 4095 de
748 4004 882 4094 V⁴enetiis
912 4031 1052 4095 Paduam.
1099 4033 1236 4112 Cumque
1267 4030 1304 4092 ad

131 4139 221 4198 maris
242 4139 367 4200 limbum
389 4142 596 4211 venissemus,
627 4140 659 4198 in
687 4139 772 4200 littus
795 4155 901 4223 omnes
925 4139 1088 4210 exivimus,
1120 4155 1181 4203 nou
1212 4136 1302 4216 louge
