2902 4710
727 155 791 224 342
806 170 809 176 '

169 344 301 420 partem,
336 355 352 399 a
375 352 433 416 qna
457 336 516 396 non
546 332 636 394 distat
658 332 717 392 nisi
736 331 828 392 'mille
851 332 1023 411 quingentis
1046 331 1196 410 passibus.
1241 329 1348 392 Altero

88 493 95 506 .
170 443 378 524 promontorio
411 441 537 516 respicit
565 436 713 508 Africam,
750 455 850 514 aqua
881 436 973 498 distat
1005 455 1065 497 non
1097 435 1225 514 amplius
1256 452 1350 513 qnam

170 554 293 608 centum
322 543 379 604 XX
411 543 504 605 millia
535 560 689 621 passuum.
744 540 847 602 Tertio
880 559 953 602 vero
982 540 1189 619 promontorio
1222 542 1349 618 respicit

170 650 290 721 Asiam,
321 667 339 709 a
363 665 421 726 qun
443 647 535 725 longo
556 643 755 721 interjacente
778 647 854 705 mari
876 643 1030 706 Adriatico
1054 650 1086 704 et
1107 640 1228 722 Aegaeo
1252 642 1349 706 divisa

171 760 226 815 est.
257 753 294 812 Et
315 751 495 821 notandum,
519 748 601 828 qnod
623 750 653 810 in
678 749 941 821 constitutionibus
966 749 1077 810 nostns
1100 753 1254 825 ponuntur
1270 745 1349 810 duae

170 858 359 938 provinciae,
392 855 509 914 scilicet
536 848 691 916 Trinacria
715 858 746 913 et
769 852 887 924 Sicilia,
922 859 1076 914 ettamen
1102 853 1168 930 ipsa
1192 848 1350 911 Trinacria

137 999 140 1004 ι
170 960 271 1021 Sicilia
295 959 330 1019 ab
354 960 477 1036 antiqno
495 956 589 1039 (191
605 952 649 1030 a)
673 962 844 1034 nuncupata
867 956 923 1016 fnit
952 940 1252 1032 aSilicoAgenoris
1276 954 1348 1016 lilio.

169 1064 230 1125 Sed
254 1063 336 1124 illam
359 1061 560 1122 differentiam
583 1065 698 1140 ponunt
721 1060 825 1132 multi,
849 1061 930 1140 quod
954 1061 1072 1140 partem
1094 1060 1176 1122 illam
1199 1061 1284 1137 regni
1300 1059 1349 1120 Si·

170 1170 271 1240 ciliae,
296 1184 372 1245 quae
395 1168 481 1244 aquis
505 1164 709 1235 circumdatur
731 1172 762 1225 et
783 1167 881 1227 insula
897 1170 958 1238 est,
982 1167 1138 1227 nominant
1153 1163 1350 1233 Trinacriam,

170 1273 259 1333 aliam
282 1277 383 1331 autem
405 1267 508 1328 ltaliae
538 1275 655 1347 partem
689 1268 971 1348 condependentem
1001 1269 1093 1331 etad
1122 1287 1247 1347 regnum
1271 1268 1349 1329 Sici·

170 1377 228 1437 liae
262 1375 465 1453 pertinentem
497 1375 653 1434 nominant
675 1372 820 1433 Siciliam.
858 1371 924 1434 atii
948 1390 1035 1444 vero,
1068 1379 1098 1433 ct
1121 1375 1283 1452 praecipue
1305 1373 1350 1434 illi

172 1480 209 1540 de
229 1477 341 1549 insula,
377 1471 617 1537 verecundantur
647 1474 688 1537 da
716 1476 774 1537 hoc
795 1458 919 1537 nomine
942 1475 1112 1549 Trinacria,
1146 1477 1299 1548 dicentes,
1332 1493 1350 1539 a

171 1582 348 1645 Teutonicis
373 1598 440 1642 esse
465 1583 633 1653 inventum,
658 1580 739 1660 quod
761 1587 862 1641 tamen
885 1592 991 1642 verum
1014 1598 1076 1640 non
1105 1587 1166 1651 est,
1199 1580 1350 1642 sedante

173 1689 274 1748 omnia
314 1687 371 1746 alia
408 1686 530 1745 nomina
568 1685 646 1745 dicta
680 1685 735 1746 init
768 1683 935 1755 Trinacria,
974 1685 1050 1745 sicut
1081 1691 1165 1762 patet
1198 1704 1254 1764 per
1279 1683 1349 1747 Joh.

171 1790 262 1851 Bocc.
287 1788 321 1850 L.
349 1787 398 1852 10.
424 1788 456 1848 C.
474 1785 517 1850 42
540 1787 578 1849 de
603 1780 806 1848 Generatione
830 1787 957 1848 deorum
981 1788 1154 1867 gentilium,
1185 1795 1216 1848 et
1237 1786 1350 1850 Isidem

172 1892 224 1957 33.
250 1893 282 1953 C.
300 1891 329 1957 6.
354 1892 528 1955 Ethicornm
553 1890 592 1962 1,
616 1899 648 1953 et
669 1892 819 1953 Diodorus
840 1892 964 1969 ¹Siculus
996 1908 1063 1952 eam
1086 1891 1272 1972 Trinacriam
1293 1911 1350 1953 no·

170 2000 273 2056 minet.
319 1995 391 2056 Post
412 1997 488 2056 haec
511 1995 590 2057 dicta
612 1996 669 2057 fuit
692 1996 825 2067 Sicania,
849 2015 865 2056 a
889 1991 998 2056 Sicano
1021 1980 1080 2058 lilio
1103 1997 1252 2075 Neptuni,
1273 2000 1351 2057 anti-

55 2092 61 2102 ’
170 2096 316 2180 unissime
340 2098 406 2176 ejus
429 2106 522 2178 rege,
552 2107 621 2179 post
645 2118 735 2179 quem
759 2100 895 2180 regnavit
918 2100 1038 2160 Siculus
1064 2117 1192 2178 eamque
1216 2100 1351 2162 Siciliam

170 2205 343 2266 nominavit.
390 2203 582 2266 contendunt
604 2205 698 2265 Siculi
729 2203 767 2264 de
790 2198 888 2264 insula
918 2203 1072 2275 dicentes,
1103 2204 1280 2284 qnod-ipsa
1302 2207 1351 2266 in·

84 2352 87 2357 -
171 2310 237 2371 sula
260 2308 385 2369 deberet
410 2309 562 2369 nominari
593 2302 728 2370 absolute
764 2308 867 2368 Sicilia
886 2309 1156 2369 'in-nominativo:
1192 2309 1248 2370 alia
1278 2326 1351 2370 rero

174 2431 243 2493 pars
267 2415 352 2490 regni
375 2414 404 2472 in
430 2413 568 2491 obliquo,
591 2411 995 2490 rrt²diceretur,'provincia
1017 2413 1103 2488 regni
1127 2411 1258 2473 Siciliae.
1296 2411 1351 2476 His

173 2517 421 2578 contentionibus
440 2516 599 2595 aliquando
623 2517 753 2578 interfui.
855 2532 856 2536 ’
994 2596 1000 2603 1

258 2619 341 2680 Haec
362 2621 454 2698 igitur
476 2621 588 2694 insula,
612 2621 649 2682 de
674 2639 731 2699 qua
755 2621 924 2708 loquimur,
948 2619 1097 2682 ditissima
1111 2627 1172 2693 est,
1197 2620 1351 2684 abundans

172 2723 308 2784 omnibus
331 2724 418 2783 bonis
435 2724 545 2796 mnndi,
569 2724 650 2784 unde
667 2727 864 2802 antiqui'eam
880 2731 1064 2786 vocaverunt
1080 2720 1220 2788 horreum
1236 2726 1348 2787 lloma-

172 2846 295 2897 norum‚
317 2835 443 2907 propter
466 2828 677 2889 abundantiam
699 2816 868 2901 immenti,
886 2829 962 2901 olei,
987 2828 1103 2900 mellis,
1128 2831 1209 2890 croci
1233 2837 1264 2892 et
1286 2834 1351 2892 ani-

171 2930 295 2989 malium
319 2931 567 2999 comestibilium,
591 2932 731 3007 pellium,
765 2933 902 2993 lanarum
937 2939 968 2994 et
991 2951 1160 2995 caseorum.
1204 2933 1251 2995 bd
1273 2935 1352 2997 hanc

172 3032 300 3093 insulam
323 3041 448 3113 propter
471 3035 537 3112 ejus
560 3041 762 3114 temperatum
786 3038 888 3097 aierem
907 3036 1034 3098 credunt
1049 3037 1185 3097 nonnulli
1202 3040 1352 3116 emigrare

173 3136 211 3197 de
236 3137 367 3214 partibus
392 3136 558 3200 Teutoniae
583 3120 758 3201 hirundines
790 3141 970 3215 adveniente
992 3142 1109 3214 hicme,
1143 3149 1174 3203 et
1203 3142 1272 3203 inde
1302 3161 1351 3204 re·

172 3242 258 3301 verti.
304 3238 390 3301 Unde
410 3236 479 3322 'legi
509 3245 539 3303 in
563 3244 694 3322 quodam
726 3248 934 3313 vetustissimo
965 3246 1081 3317 libello,
1099 3237 1197 3325 ⁴'quod
1228 3245 1353 3325 quidam

172 3342 356 3405 Teutonicus
370 3347 562 3408 mirabundus
587 3348 717 3426 alligavit
739 3349 888 3410 hirundini
912 3349 1019 3411 domus
1043 3368 1116 3411 suae
1141 3357 1277 3430 tempore
1301 3368 1351 3410 re·

171 3467 277 3510 cessus
300 3450 476 3512 schedulam
506 3455 552 3514 sic
583 3455 744 3531 scriptam:
778 3453 921 3524 hirundo,
955 3455 1006 3514 ubi
1028 3453 1143 3514 habitas
1167 3455 1197 3513 in
1221 3453 1351 3516 hieme‘l

172 3571 249 3629 quae
273 3555 395 3615 avolans
419 3574 489 3616 cum
512 3535 670 3626 schedula,
695 3558 769 3619 dum
788 3563 911 3636 peracto
935 3556 1034 3617 hieme
1058 3554 1278 3628 reverteretur,
1301 3575 1351 3618 re-

173 3659 301 3733 portavit
324 3658 498 3719 schedulam
522 3661 626 3732 aliam,
652 3663 697 3745 sic
720 3663 880 3740 scriptam:
904 3663 935 3721 in
958 3658 1076 3731 Sicilia,
1100 3661 1130 3718 in
1155 3658 1243 3720 domo
1259 3658 1351 3722 Petri.
1391 3702 1394 3707 ·

259 3756 291 3818 ln
315 3775 350 3818 ea
373 3761 469 3821 insula
492 3771 561 3824 sunt
578 3783 703 3843 magnae
718 3768 819 3837 nrbes,
842 3771 874 3827 nt
891 3764 1050 3835 Cathena,
1065 3766 1095 3824 in
1112 3781 1171 3842 qua
1187 3763 1217 3824 S.
1234 3761 1353 3841 Agatha

173 3878 261 3940 passa
284 3860 354 3932 fuit,
387 3872 418 3923 et
441 3862 603 3942 Syracusa,
634 3871 664 3929 in
688 3887 745 3946 qua
769 3869 800 3929 S.
825 3867 917 3929 Lucia
940 3868 1116 3948 martyrium
1140 3869 1296 3937 sustinuit,
1320 3875 1353 3931 et

173 3964 338 4025 Panormus
362 3973 393 4025 et
415 3967 500 4027 aliae.
1288 3974 1292 3979 '

260 4069 351 4130 Senta
375 4068 492 4130 decima
515 4072 563 4132 die
587 4079 673 4154 erant
695 4074 793 4136 adbuc
823 4078 905 4136 venti
939 4093 1039 4148 acres,
1072 4093 1130 4136 nec
1162 4078 1368 4154 speravimus.

173 4191 228 4234 nos
252 4172 289 4235 dc
312 4180 401 4253 portu
425 4191 515 4252 posse
539 4178 635 4248 exire,
668 4178 747 4241 unde
770 4180 800 4240 iu
824 4186 1007 4241 conventum
1029 4180 1170 4252 transivi,
1201 4179 1353 4244 celebravi
