2874 4770
577 119 753 241 'lea

195 347 251 410 >'In
273 349 323 410 his
346 345 538 410 calidissimis
558 345 635 409 locis
657 352 838 425 generantur
858 346 975 411 baetim
995 349 1093 411 malae
1116 347 1230 412 diversi
1251 366 1305 427 ge·

129 453 231 513 neris:
256 453 363 530 satyri,
393 451 529 523 basilici,
560 451 679 530 aspides
708 457 739 510 et
761 457 932 528 serpentes,
963 453 1083 524 simiae,
1114 455 1305 533 pigragoucs,

135 560 269 636 coppini,
301 559 380 617 inter
402 572 479 634 quae
504 557 675 617 communia
697 561 767 615 sunt
789 553 950 627 dracones,
985 558 1063 625 siqui
1084 554 1219 636 Ilapbael
1251 573 1304 616 au·

135 659 218 738 gelus
241 660 387 739 relegavit
407 658 595 719 Asmodeum
618 660 648 718 in
672 657 826 739 desertum
842 659 1006 735 superioris
1021 655 1167 737 Aegypti,
1190 656 1305 720 Tobiae

108 752 110 758 ⁴
133 760 204 822 VIII.
235 762 277 823 lbi
301 762 411 822 dIcitur
434 779 503 824 esse
520 760 669 840 quaedam
692 760 755 821 Iera
777 760 982 838 Coothephas,
1006 778 1083 839 quae
1099 760 1222 839 quidem
1237 780 1304 822 cor·

131 884 203 945 pore
236 872 285 926 est
316 865 435 951 modica
469 872 497 927 el
531 865 680 926 membris·
708 868 790 926 Iners
824 873 914 944 atque
937 868 1038 944 pigra,
1072 873 1161 945 caput
1192 866 1305 927 habeus
1419 875 1424 882 '

129 968 216 1030 valde
238 986 344 1047 grave,
378 974 541 1047 propterea
565 986 687 1048 semper
710 968 809 1030 desert
829 969 903 1030 illud
931 972 961 1030 in
994 976 1091 1030 terrae
1114 968 1307 1047 superlicIem

131 1071 324 1143 inclinatum,
348 1071 429 1151 quod
451 1078 553 1133 autem
569 1080 676 1144 natura
698 1073 789 1133 saluti
804 1074 977 1133 mortalium
995 1080 1043 1135 est
1057 1075 1222 1151 provisum,
1243 1079 1307 1133 tan·

129 1182 178 1236 tae
208 1179 290 1236 euim
319 1182 366 1234 est
388 1178 606 1237 venenositatis
637 1182 668 1237 et
696 1179 859 1254 perniciei,
890 1176 971 1254 quod
1002 1176 1102 1236 nullus
1126 1174 1254 1235 eandem
1277 1177 1308 1236 iu

128 1279 237 1340 faciem
261 1281 413 1358 Inspicere
435 1284 590 1359 potestat
611 1281 732 1351 vivere,
764 1264 819 1341 sed
843 1283 945 1341 statim
968 1281 1066 1358 primo
1080 1282 1190 1340 intuitu
1212 1280 1307 1357 inspi-

131 1385 214 1442 ciens
238 1384 383 1460 euspIral,
408 1385 489 1443 sicut
511 1388 542 1443 et
565 1382 603 1457 de
619 1383 761 1461 basilisco
777 1383 895 1444 dicitur.
931 1383 974 1445 Ibi
998 1391 1180 1462 generantur
1202 1384 1309 1443 simiae

129 1487 315 1548 diversarum
339 1487 522 1564 specierum.

127 1674 130 1677 ι
216 1590 250 1650 In
273 1591 325 1650 illo
348 1590 469 1652 deserto
495 1591 660 1668 superioris
678 1588 807 1670 Aegypti
829 1591 896 1653 loca
919 1597 991 1653 sunt
1013 1591 1204 1652 metallorum
1227 1589 1306 1651 fera·

129 1697 185 1764 cia,
210 1695 376 1771 exquibus
400 1708 509 1771 magno
531 1710 599 1752 cum
622 1695 723 1755 labore
748 1702 777 1755 et
800 1698 938 1774 Impense
962 1713 1069 1756 aurum
1091 1693 1244 1764 educitur,
1269 1691 1308 1754 ad

128 1799 211 1878 quod
242 1795 372 1876 Aegypti
404 1815 491 1876 reges
525 1799 648 1859 mittunt
678 1800 815 1859 homiues
851 1802 976 1860 erimIne
1008 1798 1165 1859 damnatos
1196 1796 1305 1858 velex

128 1902 266 1963 hostibus
298 1906 401 1979 captos
433 1906 487 1962 aut·
518 1918 553 1961 ex
573 1919 691 1986 regum
714 1905 758 1963 isa
779 1905 996 1976 incarceratos,
1020 1909 1053 1963 ut
1076 1903 1117 1962 ibi
1140 1907 1305 1980 operentur

124 2005 279 2066 fodiendo.
310 2002 357 2064 Ad
380 2005 438 2065 hoc
454 2006 535 2075 enim
558 2003 712 2067 desertum
736 2006 904 2085 relegatum
920 2007 1090 2069 fabulantur
1108 2011 1218 2084 poetae
1232 2004 1302 2083 Epi·

127 2110 282 2171 matheum
311 2127 366 2187 pro
396 2128 449 2181 eo,
481 2108 563 2196 quod
591 2111 689 2186 primo
717 2109 835 2174 tinxerit
857 2117 988 2191 statuam
1009 2111 1138 2172 hominis
1162 2126 1199 2169 ex
1230 2108 1303 2181 luto,

127 2219 310 2294 quapropter
337 2214 431 2274 iratus
456 2212 574 2292 Jupiter
602 2229 676 2281 eum
701 2213 734 2290 in
764 2214 883 2272 simiam
906 2215 996 2275 vertit
1025 2221 1057 2273 et
1089 2213 1149 2273 huc
1182 2213 1307 2282 locarit,

130 2334 230 2395 aquo
260 2317 368 2376 simiae
390 2321 459 2375 sunt
483 2320 653 2393 generatae.
699 2312 777 2374 Vide
806 2331 898 2392 supra
923 2313 975 2374 Iol.
1001 2311 1050 2377 18.
1096 2313 1154 2376 Hic
1181 2315 1305 2392 psittaci

131 2424 274 2479 crescunt
296 2423 418 2496 propter
440 2418 502 2477 Ioci
525 2419 713 2485 siccitatem,
739 2415 806 2477 vide
830 2404 952 2495 supra'

371 2722 374 2728 ·
415 2681 602 2774 Aegyptus
627 2683 774 2793 inferior
801 2682 1022 2756 describitur.

216 2919 371 3000 Aegyptus
401 2921 528 2982 interior
558 2920 685 2995 estilla
710 2923 809 3002 regio,
843 2920 881 2981 de
905 2937 963 2999 qua
987 2922 1186 2982 communiter
1208 2923 1304 3002 scrip·

128 3034 215 3089 turae
239 3026 417 3105 loquuntur,
450 3044 528 3105 quae
560 3024 683 3104 quidem
714 3025 832 3088 deserta
857 3031 940 3086 esset
961 3026 1039 3085 sIcut
1062 3027 1214 3104 superior,
1245 3028 1305 3087 nisi

126 3130 186 3191 Nili
208 3130 362 3208 beuelicio⁴
378 3129 620 3190 foecundaretur.
666 3129 720 3189 Est
751 3137 853 3191 autem
875 3130 926 3190 illa
948 3132 1031 3209 regio
1055 3131 1119 3190 lere
1143 3132 1302 3208 triangula,

126 3236 243 3297 duobus
276 3236 419 3296 lateribus
454 3233 645 3313 aequalibus,
681 3234 771 3292 terlio
801 3232 957 3302 breviore,
993 3239 1024 3292 ct
1059 3235 1091 3293 in
1126 3233 1173 3293 his
1206 3236 1302 3296 tribus

125 3339 243 3418 angulis
274 3340 410 3400 civilates
433 3345 521 3408 atres,
545 3336 662 3397 scilicet
684 3335 788 3408 Lacis,
812 3335 975 3414 BabylouIa
998 3342 1029 3396 et
1043 3335 1242 3410 Alexandria,
1273 3344 1305 3400 et

124 3444 255 3507 volvitur
280 3441 405 3520 angulus
431 3440 469 3501 de
490 3440 577 3502 Lacis
607 3458 662 3518 per
684 3439 878 3518 babyloniam
905 3457 1000 3517 usque
1029 3441 1060 3500 in
1081 3439 1302 3514 Alexandriam,

126 3553 157 3607 et
180 3545 250 3606 inde
273 3545 385 3604 iterum
407 3545 438 3604 in
461 3542 548 3605 Lacis
572 3547 715 3623 nonginta
739 3544 955 3622 quinquagInla
974 3544 1118 3607 milliaria.
1152 3543 1302 3621 Adjecen·

124 3656 174 3711 tes
199 3654 300 3709 autem
317 3649 456 3726 regiones
478 3655 547 3708 sunl
566 3648 654 3727 Syria
676 3649 816 3718 abortu,
839 3644 933 3725 Libya
955 3648 991 3708 ab
1015 3666 1142 3722 occasu,
1167 3650 1202 3711 ab
1219 3651 1302 3728 aqui-

124 3753 196 3814 lone
219 3768 303 3813 mare
328 3768 483 3830 magnum,
506 3771 523 3813 a
545 3754 672 3832 meridie
696 3753 811 3815 CIImar
834 3770 946 3835 mons,
960 3759 993 3825 ut
1015 3770 1106 3830 supra
1128 3756 1234 3831 patuit.

215 3856 260 3917 De
283 3857 340 3917 hae
362 3853 494 3934 Aegypti
516 3858 657 3935 regione,
693 3863 727 3917 ut
750 3857 809 3918 dixi
842 3853 932 3935 supra
953 3855 1004 3917 fol.
1031 3853 1103 3918 126.
1138 3857 1304 3937 loquuntur

126 3962 204 4023 mira
232 3966 263 4021 et
292 3965 402 4038 poetae
433 3965 464 4019 et
494 3960 646 4020 naturales
677 3966 715 4031 et,
738 3959 887 4040 theologi,
922 3967 953 4020 et
976 3962 1123 4022 mirabiIIa
1154 3963 1185 4020 iu
1209 3978 1245 4020 ea
1268 3962 1303 4021 ab

130 4066 236 4143 eisque
267 4070 353 4143 gesta
379 4063 525 4124 referunt.
571 4063 655 4124 Haec
683 4065 767 4142 regio
791 4064 827 4125 ab
849 4065 1013 4137 initio,‚ut
1034 4063 1157 4124 tradunt
1179 4063 1303 4141 antiqui,

130 4184 214 4229 mare
236 4166 309 4240 luit,-
331 4167 413 4247 quod
435 4167 672 4248 protendebatur
693 4169 724 4230 in
740 4167 930 4248 Aethiopiam
949 4148 1022 4228 olim
1043 4184 1157 4244 usque,
1180 4165 1303 4226 taudem
