2874 4770
669 160 731 232 231

109 334 143 397 in
165 333 231 413 ejus
253 335 349 399 latere
370 341 403 397 et
424 336 515 399 bodie
531 343 591 400 stat
614 357 674 401 una
689 341 863 421 spectabilis
878 341 999 413 tumba,
1021 340 1152 420 ingentis
1167 344 1286 416 soloris,

111 456 240 519 magna,
263 439 302 500 de
317 439 448 522 -Jaspide
472 445 605 521 pretioso
628 444 744 522 lapide;
770 444 846 505 hanc
868 444 1002 504 tumbam
1024 448 1194 508 mensurari
1216 466 1286 526 pro·

111 544 185 622 priis
208 543 345 605 manibus
374 551 404 604 et
428 546 529 624 reperi
552 563 620 606 eam
642 546 804 607 habentem
827 548 857 606 in
880 546 1065 626 longitudine
1081 546 1135 609 XII
1162 549 1286 629 palmas,

113 647 277 726 vulgariter
298 645 454 728 Spanum
480 651 510 709 in
535 648 720 726 protundum
738 648 805 720 Vll;
829 651 859 708 in
886 648 1074 711 latitudinem
1097 650 1141 722 V;
1166 658 1197 711 et
1219 653 1287 731 plus

110 766 202 828 quam
224 767 317 827 unam
338 752 371 811 in
393 750 607 829 spissitudine,
632 758 663 811 et
686 758 733 812 est
756 759 818 812 tota
841 753 879 814 de
901 758 1018 835 integra
1041 763 1135 836 petra.
1172 758 1288 819 Sedet

109 853 287 934 operculum
310 854 445 932 aequalis
468 852 681 933 longitudinis,
712 856 877 943 latitudinis
901 866 931 919 et
954 859 1155 936 spissitudinis
1187 861 1287 932 habet,

109 953 192 1035 quod
212 955 305 1018 babet
332 955 457 1017 dorsum
487 964 623 1030 acutum,
656 961 735 1019 sicut
758 962 900 1038 opercula
932 962 1160 1039 sepulchrorum
1189 964 1288 1024 solent

110 1075 181 1119 esse
203 1061 413 1131 communiter,
439 1057 537 1139 (1511
559 1056 602 1140 a)
627 1059 764 1136 ejusdem
785 1061 893 1141 lapidis
923 1070 954 1125 et
976 1066 1182 1142 pretiositatis.
1230 1066 1286 1126 Co·

108 1161 155 1223 lor
176 1161 257 1222 illius
281 1161 391 1241 lapidis
412 1165 594 1242 praecipuus
618 1170 665 1224 est
686 1164 804 1236 viridis,
837 1172 939 1227 tamen
963 1167 1076 1228 multos
1099 1168 1191 1228 babet
1214 1168 1287 1228 elios

104 1266 294 1327 intermixtos
318 1263 437 1326 colores
461 1270 492 1325 et
520 1266 672 1338 maculas,
706 1267 789 1345 quod
822 1267 860 1328 ad
892 1268 1037 1330 decorem
1067 1271 1178 1347 politae
1203 1272 1287 1350 rupis

107 1367 237 1429 multum
258 1366 344 1439 iacit,
378 1369 456 1428 sicut
478 1375 561 1447 patet
583 1371 614 1429 in
638 1388 789 1431 marmore
811 1371 905 1450 polito
930 1373 1085 1433 maculoso
1122 1374 1169 1435 vel
1195 1376 1285 1436 vario.

108 1471 167 1532 Tot
188 1478 290 1532 autem
313 1471 422 1532 dicitur
444 1472 555 1532 habere
580 1473 722 1544 virtutes,
747 1474 932 1551 quothcbet
955 1476 1106 1549 maculas,
1139 1485 1186 1538 est
1207 1481 1287 1540 enim
1341 1538 1355 1562 ,

34 1645 37 1650 ,
107 1576 230 1637 infinitis
253 1593 412 1653 respersus
436 1576 560 1636 maculis
591 1576 687 1637 rubris
717 1582 768 1636 aut
797 1579 911 1648 roseis,
943 1595 978 1637 cc
1007 1580 1033 1637 si
1057 1581 1201 1657 sanguine
1226 1582 1287 1642 eri-

107 1680 174 1757 guis
197 1677 320 1757 guttulis
344 1685 426 1739 esset
448 1697 641 1757 conspersus.
686 1676 759 1755 Ejus
783 1680 878 1740 virtus
900 1680 933 1739 in
955 1681 1020 1752 his,
1052 1684 1103 1760 qui
1128 1691 1210 1743 caste
1234 1702 1287 1762 ge-

107 1790 188 1844 stant
208 1783 325 1861 ipsum,
348 1781 432 1859 lugat
454 1782 676 1861 phantasmata,
700 1783 838 1860 reprimit
858 1782 975 1856 febres,
998 1785 1173 1865 hydropisin
1193 1793 1285 1857 curat,

106 1887 310 1965 parturientes
329 1883 435 1961 jurat,
458 1888 537 1946 inter
551 1877 685 1966 pericula
708 1886 784 1967 lacit·
803 1887 957 1947 hominem
973 1894 1087 1961 tutum,
1110 1891 1287 1950 interiorem

106 1988 266 2068 refrigerat
305 1987 456 2061 ardorem,
486 1970 632 2051 liuentem
669 1992 837 2068 compescit
868 1993 1045 2068 sanguinem
1076 1998 1106 2053 et
1140 1993 1285 2055 sudorem

107 2092 296 2154 luxuriosum
325 2093 445 2153 cohibet
477 2098 508 2153 et
536 2090 664 2172 impedit
687 2101 886 2173 conceptum,
920 2103 1076 2156 menstrua
1108 2099 1287 2177 constringit

108 2203 140 2258 et
163 2196 410 2257 haemorrhoides
434 2197 460 2256 si
489 2196 693 2275 pulverizetur
716 2196 802 2257 datus
827 2192 896 2258 cum
918 2199 1013 2271 lacte,
1045 2199 1146 2260 ulcera
1169 2202 1285 2260 invete-

106 2305 171 2362 rata
193 2305 296 2372 sanat,
326 2299 431 2362 sordes
466 2300 624 2360 oculorum
647 2308 755 2379 purgat
791 2308 822 2362 et
844 2304 943 2364 visum
968 2303 1048 2362 acuit
1072 2307 1103 2362 et
1126 2301 1284 2372 conlortat,

105 2403 261 2464 maleficiis
292 2409 323 2465 et
352 2403 603 2464 incantationibus
634 2406 763 2474 resistit,
797 2410 828 2464 et
851 2385 1001 2464 efficacior
1025 2409 1072 2463 est
1094 2403 1126 2463 in
1161 2410 1285 2480 argento

106 2523 197 2587 quam
220 2524 302 2567 auro.
347 2507 412 2568 Nec
435 2508 603 2577 invenitur,
632 2507 690 2566 nisi
712 2507 744 2565 in
768 2509 918 2568 montibus
943 2505 1100 2583 Scythiae,
1131 2505 1182 2564 ubi
1205 2507 1284 2584 opti·

105 2627 175 2671 mus
197 2616 259 2682 est,
288 2610 319 2670 in
344 2610 451 2689 quibus
475 2626 566 2688 rupes
599 2617 629 2669 et
653 2616 757 2688 petrae
781 2617 851 2671 sunt
872 2610 952 2670 illius
986 2608 1104 2689 lapidis.
1151 2609 1212 2670 Sed
1245 2626 1285 2668 ne

104 2719 168 2775 tam
190 2716 342 2792 pretiosus
367 2714 526 2776 thesaurus
559 2716 598 2776 sit
621 2716 686 2774 sine
711 2713 836 2776 custode
873 2720 903 2774 et
937 2711 1002 2790 ejus
1027 2713 1189 2792 copiositas
1214 2730 1285 2773 eom

103 2816 196 2880 vllem
217 2815 337 2890 reddat,
361 2820 461 2896 posuit
475 2818 559 2878 Deus
587 2819 617 2879 in
642 2820 769 2879 circuitu
786 2820 935 2879 montium
958 2819 1085 2877 istorum
1103 2816 1283 2878 fortissimos

105 2941 142 2985 ac
163 2904 409 3002 vigilantissimos
440 2921 597 2994 custodes,
627 2923 815 3002 gryphones,
851 2921 918 2982 dico
947 2921 1138 2988 saevissimas
1162 2923 1283 2996 bestias,

105 3044 184 3107 quae
207 3025 353 3088 accedere
378 3025 547 3086 volentibus
570 3025 670 3087 volatu
693 3031 724 3086 et
747 3044 854 3096 cursu,
891 3010 980 3084 rostri
1003 3026 1152 3086 morsibus
1176 3033 1205 3086 et
1229 3045 1283 3087 un·

104 3133 211 3212 guium
232 3129 463 3192 lacerationibus
495 3131 655 3200 resistunt,
687 3147 744 3190 nec
774 3135 875 3207 potest
898 3130 965 3206 quis
994 3127 1069 3188 locis
1092 3128 1150 3189 illis
1174 3148 1283 3207 appro-

103 3237 267 3318 pinquare,
301 3234 359 3294 nisi
382 3232 508 3294 devictis
531 3233 750 3313 gryphonibus,
782 3234 964 3309 inquorum
987 3251 1087 3311 pugna
1110 3235 1285 3311 agonizabat

103 3337 198 3400 Jason
229 3346 299 3416 pro'
319 3336 431 3399 vellere
462 3355 553 3397 aureo
585 3334 784 3396 et·Hercules
814 3352 868 3412 pro
893 3337 979 3396 malis
1010 3337 1090 3396 horti
1114 3335 1283 3413 hesperidis

104 3444 216 3506 aureis.
262 3441 339 3502 Sunt
363 3443 443 3502 enim
466 3442 641 3501 saevissima
664 3438 801 3500 animalia
830 3431 1018 3517 grp'phones,
1051 3440 1220 3500 hominibus
1253 3445 1285 3499 et

104 3547 207 3625 equis·
224 3545 399 3606 naturaliter
430 3546 574 3614 inimica„
600 3543 738 3603 habentia
774 3542 871 3619 capita
899 3544 1081 3620 aquilarum,
1116 3542 1283 3625 etreliqua

104 3650 240 3730 corporis
260 3649 387 3710 leonum
410 3653 441 3707 et
463 3649 494 3708 iu
517 3648 589 3708 abre
614 3646 714 3707 volant
737 3651 771 3706 ut
794 3645 928 3723 aquilae,
961 3648 1098 3735 interra
1119 3661 1190 3705 vero
1215 3662 1282 3704 cur-

103 3758 230 3815 runtut
252 3753 374 3824 leones,
394 3757 527 3829 suntque
551 3755 651 3810 tantae
667 3746 849 3809 fortitudinis
873 3755 903 3809 et
926 3749 1058 3821 roboris,
1083 3747 1163 3826 quod
1186 3764 1282 3808 arma·

102 3862 170 3919 tum
204 3872 283 3935 equo
316 3855 500 3917 insidentem
522 3852 666 3914 invadunt
702 3859 733 3913 et
766 3869 834 3913 cum
867 3869 944 3930 equo
968 3851 1093 3923 tollunt,
1127 3853 1158 3912 in
1191 3851 1283 3912 altum

103 3958 209 4023 ambos
240 3978 296 4040 per
318 3962 387 4022 aiira
412 3958 525 4020 ducunt
553 3975 612 4035 quo
642 3955 761 4028 volunt,
797 3961 828 4015 et
859 3961 929 4016 sunt
961 3954 1099 4015 animalia
1131 3955 1282 4025 immania,

78 4080 80 4086 ’
104 4068 184 4128 ultra
208 4081 331 4126 omnem
353 4065 468 4125 rabiem
492 4061 664 4123 saevientia.
697 4059 731 4122 ln
754 4061 868 4140 capite,
891 4065 989 4121 rostro
1017 4053 1051 4119 'et
1079 4059 1133 4141 alis
1155 4057 1283 4136 figurant
1395 4146 1398 4152 Ι

102 4170 236 4250 aquilas,
267 4173 299 4230 et
326 4169 357 4229 in
380 4167 578 4231 anterioribus
601 4165 745 4246 pedibus,
773 4167 805 4227 io
826 4155 944 4252 quibus¹
958 4165 1070 4226 habent
1097 4163 1203 4240 longos
1226 4178 1280 4223 un·
