2874 4770
702 154 779 241 257'

143 364 235 410 secus
265 345 382 408 Parium
411 345 521 408 iterent
553 353 684 408 mortem
716 346 908 419 Phaetontis,
938 349 971 408 iu
998 349 1120 412 arbores
1153 355 1224 411 suut
1253 368 1320 413 rer·

143 469 198 515 see
232 451 382 512 electrum
419 443 658 530 lachrpmantes3
702 452 762 512 nisi
799 452 900 512 dicere
930 451 1074 525 velimus,
1118 453 1199 532 quod
1236 463 1320 517 ante-

143 576 236 640 quam
250 556 287 619 ad
303 555 419 618 Parium
434 557 585 626 uenirent,
608 555 794 617 habitassent
816 556 846 615 in
862 554 983 625 Rhodo,
1008 564 1040 617 et
1060 558 1130 635 quia
1153 558 1231 620 tiliae
1247 561 1319 621 solis

143 669 247 735 eraut,
268 659 341 722 ideo
364 651 443 720 torte
465 665 516 720 tot·
534 659 672 721 colossos
695 657 948 720 consecraverunt
970 659 1033 720 Soli
1056 659 1174 723 Rhodii.

158 786 162 792 ·
216 754 306 826 'Post
326 760 468 826 Heliades
491 768 640 825 venerunt
659 760 870 841 Argonautae,
897 769 967 840 post
990 781 1065 841 quos
1088 766 1169 845 oepit
1192 765 1320 829 insulam

141 853 449 950 Tripolemus,'inde
465 865 590 938 Graeci,
612 865 683 928 inde
706 866 849 937 Romani,
872 872 903 926 et
927 865 1049 926 demum
1072 869 1183 928 iterum
1201 870 1319 943 Graeci,

143 974 202 1036 sub
224 972 334 1052 quibus
348 970 440 1034 Turci
463 970 592 1050 ingressi
613 971 743 1032 insulam
766 969 984 1048 possederunt,
1016 978 1049 1032 ut
1072 970 1148 1043 dixi,
1172 977 1202 1032 et
1224 973 1318 1035 multo

143 1085 284 1156 tempore
306 1076 349 1139 ibi
371 1093 441 1136 eum
453 1074 629 1135 Christianis
652 1073 874 1145 habitaverunt,
899 1080 930 1134 et
952 1075 1010 1133 nisi
1031 1072 1115 1139 Deus
1139 1075 1225 1135 citius
1249 1094 1318 1137 sue·
1405 1118 1408 1125 -

142 1182 303 1252 currisset,
335 1178 460 1240 tandem
483 1177 642 1239 Christiani
673 1176 795 1256 penitus
825 1176 864 1238 de
886 1177 984 1238 insule
1007 1177 1151 1238 eliminati
1174 1183 1205 1238 et
1228 1179 1319 1240 deleti

140 1284 281 1346 fuissent.
313 1283 365 1343 Sic
388 1289 489 1343 autem
503 1281 650 1342 Dominus
672 1281 715 1340 illi
739 1281 855 1342 insulae
879 1280 1021 1342 auxilium
1043 1283 1202 1360 praestitit.
1231 1280 1318 1344 Anno

139 1386 262 1448 Domini
287 1381 386 1459 1308,
422 1386 494 1447 dum
523 1392 610 1463 cepta
639 1392 669 1446 et
692 1384 809 1463 perdita
840 1390 923 1444 esset
945 1383 1153 1472 Hierosolyma
1185 1394 1216 1447 et
1238 1394 1318 1450 terra

142 1481 273 1563 sancta,
286 1492 442 1551 exstinctis
467 1488 647 1568 Templariis
669 1488 859 1549 ordinatione
877 1487 1041 1549 Clementis
1055 1487 1099 1552 'V.
1130 1472 1317 1565 lohannitae,

139 1596 172 1654 in
185 1610 272 1674 'quos
294 1593 401 1655 militia
422 1594 526 1672 templi
550 1593 694 1654 translata
716 1592 813 1652 iuerat
836 1590 1063 1672 aTemplariis,
1088 1594 1184 1672 primo
1206 1597 1236 1655 in
1259 1595 1316 1674 Cy-

139 1715 228 1778 prum
257 1697 489 1775 caligaverunt,
526 1696 581 1756 sed
614 1699 684 1774 quia
718 1715 769 1757 rer
798 1694 974 1757 Jerusalem
1008 1714 1078 1756 cum
1107 1697 1255 1760 nobilibus
1285 1705 1317 1760 et

138 1798 331 1863 multitudiue
353 1800 457 1880 populi
480 1800 510 1860 in
533 1800 631 1879 Cypro
655 1798 842 1871 habitabant,
869 1818 940 1865 nou¹
960 1801 1037 1860 hene
1068 1808 1188 1880 poterat
1219 1803 1317 1864 insula
1340 1836 1344 1848 ι

139 1922 193 1967 eos
217 1921 323 1987 omnes
346 1920 472 1982 capere,
505 1921 548 1965 se.
572 1921 691 1982 regem,
715 1902 914 1983 patriarcham
944 1912 975 1965 et
1000 1908 1177 1983 magistrum
1193 1908 1315 1969 militiae

138 2008 245 2088 templi
267 2024 336 2068 cum
360 2024 466 2069 eorum
488 2008 616 2087 populo;
640 2007 720 2069 unde
737 2008 915 2070 lohenoitae
938 2008 1043 2088 templi
1067 2010 1177 2072 milites
1200 2013 1314 2074 instau-

136 2118 202 2174 rata
225 2093 323 2192 classe
344 2111 528 2189 uagabantur
550 2130 606 2191 per
628 2129 726 2184 mare,
759 2121 941 2190 quaerentes
967 2112 1023 2173 sibi
1047 2113 1148 2174 locum
1172 2114 1208 2176 ad
1231 2116 1314 2176 hobi·

136 2215 265 2278 tandum
287 2232 304 2276 a
327 2212 434 2275 Turcis
457 2233 645 2294 possessum.
681 2214 713 2277 ln
738 2215 875 2294 ¹Aegeum
898 2235 969 2279 vero
994 2235 1076 2278 mere
1099 2225 1315 2296 processerunt

136 2327 169 2381 et
191 2317 331 2381 Rhodum
361 2318 499 2380 videntes
523 2324 622 2380 animo
645 2319 774 2380 fixerunt
800 2320 930 2380 insulam
953 2337 1073 2399 capere.
1119 2320 1313 2398 Applieentes

135 2430 238 2486 autern
261 2422 456 2485 fortissimam
472 2491 474 2494 ,
489 2424 520 2482 in
544 2441 580 2491 ea
602 2439 724 2483 manum
748 2429 942 2500 repererunt,
976 2423 1056 2484 unde
1089 2441 1156 2484 eam
1186 2431 1315 2503 quatuor

134 2529 287 2593 coutinuis
311 2528 395 2588 annis
418 2527 617 2598 obsederunt,
652 2525 774 2587 tandem
806 2544 860 2605 spe
884 2525 1038 2587 obtinendi
1062 2528 1147 2603 quasi
1170 2526 1313 2601 frustrati,

133 2648 207 2696 eum
237 2629 427 2695 obsidionem
462 2631 581 2692 solvere
617 2631 818 2708 cogitassent,
856 2636 1054 2709 acceperunt,
1089 2629 1250 2692 nonnullos
1281 2632 1313 2692 in

132 2708 257 2799 oiritete
280 2753 314 2796 se
334 2714 449 2799 *habere
474 2736 589 2795 amicos
620 2742 650 2794 et
673 2733 824 2807 foetores,
858 2743 889 2796 et
912 2742 983 2797 tuno
1012 2735 1118 2796 fortius
1141 2742 1314 2818 oppugnata

132 2841 213 2903 urbe
235 2838 371 2911 illorum,
395 2824 446 2918 qui
469 2841 549 2901 intus
570 2839 712 2902 favebant
727 2839 952 2912 obsidentibus,
974 2841 1105 2920 practica
1130 2848 1217 2919 cepta
1240 2841 1311 2902 eivi-

135 2948 186 3007 tas
209 2945 275 3017 iuit,
298 2932 388 3022 quam
411 2961 575 3022 numquam
598 2945 760 3023 cepissent,
784 2947 808 3005 si
831 2943 874 3005 illi
888 2946 969 3006 intus
994 2962 1053 3007 non
1075 2943 1228 3006 lavissent.
1255 2945 1311 3008 Ca·

133 3038 255 3129 pientes
286 3055 387 3109 autem
410 3049 516 3109 urbem
539 3046 655 3109 Tomos
680 3067 786 3109 omnes
822 3047 980 3126 ejecerunt
1010 3055 1040 3110 et
1063 3067 1160 3128 paene
1183 3050 1312 3111 dirutam

99 3143 105 3156 '
136 3150 375 3214 Christianorum
400 3151 549 3230 suffragiis
573 3153 815 3215 instauraverunt
844 3161 876 3215 et
897 3155 1010 3216 navalia
1028 3154 1228 3216 reformantes
1251 3174 1312 3216 non

130 3253 233 3315 solum
257 3253 356 3335 (16⁴3
370 3251 414 3334 a)
438 3255 567 3316 insulam
590 3258 686 3334 ipsam
709 3259 796 3317 tutati
819 3265 903 3329 sunt,
927 3258 982 3319 sed
1005 3265 1036 3319 et
1052 3260 1168 3340 Cypriis
1185 3260 1312 3336 aliisque

131 3356 265 3423 finitimis
290 3358 466 3420 Christianis
497 3366 528 3421 et
551 3362 718 3439 peregrinis
741 3360 982 3438 Hierosolymam
1005 3364 1177 3440 petentibus
1201 3379 1310 3440 magno

132 3459 242 3523 auxilio
265 3479 335 3523 esse
359 3470 505 3542 ceperunt
528 3465 659 3542 factique
684 3470 754 3524 sunt
768 3465 918 3525 terribiles
942 3472 972 3526 et
988 3465 1162 3527 Sarracenis
1186 3470 1218 3525 et
1233 3462 1309 3525 Tur·

129 3565 175 3625 cis
197 3570 229 3626 et
250 3566 402 3627 nonnullis
428 3566 528 3627 inlidis
556 3567 732 3627 Christianis
749 3565 895 3638 odibiles,
918 3585 988 3629 nam
1012 3568 1189 3630 Genueuses
1213 3586 1308 3647 quon·

128 3667 202 3730 dam
224 3671 302 3735 mari
322 3675 462 3748 terraque
486 3675 625 3747 potentes
651 3676 755 3730 contra
778 3687 832 3730 eos
856 3678 887 3733 et
908 3672 1037 3734 insulam
1054 3690 1159 3734 eorum
1180 3672 1310 3732 classem

127 3769 294 3844 duxerunt,
328 3791 386 3851 qua
409 3781 551 3853 superata
580 3772 700 3850 plurimi
724 3772 930 3835 Genueusium
960 3783 1030 3838 sunt
1061 3777 1179 3847 necati,
1214 3774 1310 3852 major

128 3881 232 3959 tumen
255 3894 325 3954 pers
349 3878 460 3956 captivi
482 3878 511 3937 in
536 3875 642 3937 urbem
665 3875 749 3938 ducti
772 3883 851 3938 sunt.
895 3876 958 3940 llos
982 3881 1116 3960 captivos
1132 3878 1309 3940 Genueuses

127 3976 342 4053 redemerunt,
378 3980 573 4042 aedificantes
596 3982 726 4059 propriis
757 3981 904 4042 sumtibus
927 4001 1046 4045 murum
1069 3982 1309 4045 molendinarum

126 4083 160 4144 iu
181 4099 266 4146 mare
289 4102 307 4146 a
330 4086 449 4147 civitate
479 4089 654 4162 porrectum
683 4085 715 4144 in
747 4083 929 4163 protundum
960 4087 1062 4148 multis
1091 4086 1243 4166 passibus,
1278 4090 1310 4146 et

126 4202 223 4266 super
249 4204 370 4250 murum
399 4186 467 4249 Xlll
501 4193 617 4261 turres,
652 4206 722 4249 cum
753 4191 826 4251 rotis
850 4189 887 4252 ad
909 4197 1032 4252 ventum
1055 4174 1234 4252 volubilibus
1271 4187 1309 4252 ad

812 4304 814 4309 ’
1066 4304 1099 4359 17
