2902 4710
694 157 759 226 310

139 333 313 396 laudabilior
348 333 566 412 produceretur
602 331 747 405 allectus,
784 334 810 393 is
845 333 956 395 civitati
988 350 1100 395 nomen
1134 333 1319 414 imponeret,

138 438 296 516 Neptunus
318 454 464 515 percusso
486 436 616 497 tridente
640 435 705 495 solo
729 452 840 512 equum
865 435 1019 513 produxit,
1052 432 1189 497 Minerva
1212 441 1320 498 autem

138 542 224 602 hasta
247 543 420 620 percutiens
452 540 590 618 produxit
621 539 743 610 olivam,
778 551 855 617 quae
886 542 1029 617 quoniam
1051 538 1154 601 utilior
1181 541 1246 600 visa
1269 545 1336 601 oet<

139 662 235 722 equo,
258 642 395 704 Minerva
418 659 454 702 ex
478 661 533 703 suo
557 644 679 703 nomine
701 643 885 720 nuncupavit
906 640 1056 714 Athenas,
1086 660 1156 703 nam
1178 640 1319 705 Minerva

139 767 156 809 a
186 749 309 809 Graecis
337 747 453 808 Athena
483 749 652 808 nominata·
670 752 734 817 est,
769 751 800 805 et
831 743 967 807 Minerva
999 745 1055 807 dea
1085 747 1252 826 sapientiae
1285 753 1320 809 et

136 849 272 912 Athenae
296 853 399 912 civitas
424 853 599 929 sapientiae.
630 850 707 910 Hinc
730 849 786 910 tuit
801 849 899 921 Plato,
923 847 1028 910 doctor
1049 852 1143 910 totius
1159 850 1318 923 Graeciae,

136 958 212 1016 hane
228 956 450 1018 Demosthenes
466 957 636 1034 eloquentia
652 954 884 1033 permultorum
901 953 1091 1016 saeculorum
1106 960 1242 1032 tempora
1257 973 1317 1033 pu-

136 1059 263 1120 blicavit.
309 1059 369 1120 Sed
394 1078 486 1137 super
509 1061 608 1119 omnia
632 1056 824 1118 commendat
845 1055 1024 1137 Areopagita
1040 1056 1123 1120 Pauli
1149 1057 1317 1136 discipulus
1370 1121 1372 1124 ,

137 1163 320 1241 Dionysius,
344 1163 430 1240 cnjus
455 1165 603 1243 sapientia
627 1181 733 1222 omnes
757 1163 870 1223 saeculi
893 1169 994 1241 partes
1022 1162 1208 1224 illuminavit.
1254 1162 1317 1224 Ve-

136 1270 336 1329 tustissimum
358 1268 414 1329 luit
428 1267 618 1329 Athenaeum
641 1286 782 1347 regnum,
805 1269 907 1345 ibique
927 1270 1021 1346 viguit
1043 1285 1098 1347 per
1120 1266 1213 1327 multa
1235 1271 1316 1328 tem·

136 1390 210 1454 pora
226 1379 256 1433 et
272 1375 405 1452 potentia
428 1379 457 1432 et
481 1375 629 1451 sapientia
653 1374 684 1432 in
707 1378 841 1442 tantum,
865 1378 898 1432 ut
921 1372 957 1433 ad
980 1372 1053 1432 nihil
1076 1370 1157 1432 aliud
1172 1377 1317 1433 vacarent

135 1475 351 1545 Athenienses,
385 1477 443 1535 nisi
473 1482 523 1537 aut
550 1475 652 1536 dicere
681 1481 732 1535 aut
759 1473 864 1536 audire
889 1473 1000 1552 aliquid
1029 1477 1114 1546 novi,
1148 1480 1182 1535 ut
1204 1473 1318 1536 dicitur

135 1577 282 1639 Actorum
305 1577 395 1638 XVll.
429 1576 462 1638 ln
487 1578 542 1638 hac
566 1580 639 1639 urbe
662 1577 785 1638 fuerunt
809 1579 989 1638 constitutae
1012 1578 1206 1655 gravissimae
1227 1577 1316 1654 leges

136 1701 190 1761 pro
214 1683 339 1760 pacifico
373 1688 404 1742 et
425 1684 560 1743 virtuoso
584 1682 739 1742 bominum
763 1683 912 1740 convictu.
958 1679 1078 1740 Primae
1100 1687 1203 1741 tamen
1224 1679 1314 1759 leges

92 1864 99 1873 ¹
136 1786 253 1845 fuerant
277 1792 380 1853 contra
403 1783 562 1845 mulierum
587 1786 842 1863 praesumtionem
876 1771 970 1856 latae,
1004 1783 1085 1860 quod
1117 1785 1162 1844 sic
1194 1785 1314 1847 accidit.

34 1919 38 1923 ·
137 1888 304 1947 Constituto
335 1889 455 1948 civitate
486 1895 586 1948 ortum
609 1888 665 1948 luit
687 1905 776 1966 grave
810 1888 937 1966 litigium
970 1888 1048 1948 inter
1077 1886 1151 1948 deos
1179 1886 1217 1947 de
1246 1887 1316 1966 eJ'us

137 1991 259 2049 nomine
292 1990 486 2068 imponendo.
531 1991 672 2069 Neptuno
704 1990 906 2051 adhaeserunt
935 2010 1042 2053 omnes
1063 1993 1134 2064 uiri,
1169 1993 1316 2054 mulieres

137 2108 207 2152 vero
231 2089 401 2164 Minervae,
426 2110 502 2172 quae
526 2101 557 2153 et
580 2095 787 2165 obtinuerunt,
810 2100 845 2168 ut
868 2113 903 2155 er
918 2093 1073 2157 Minervae
1096 2096 1216 2156 nomine
1240 2097 1316 2158 civi-

136 2202 181 2256 tas
206 2196 425 2274 appellaretur,
450 2204 479 2256 et
503 2197 547 2256 sic
570 2195 687 2256 Athena
711 2213 835 2276 graece,
860 2196 940 2274 quod
963 2199 1054 2258 latine
1077 2198 1214 2261 Minerva
1237 2200 1316 2263 dici·

135 2306 199 2370 tur‚
230 2317 282 2371 eo,
318 2299 397 2378 quod
428 2301 587 2361 mulierum
610 2317 701 2362 voces
724 2318 782 2360 una
810 2302 942 2361 virorum
967 2305 1120 2380 superavit
1142 2321 1315 2367 numerum.

136 2402 341 2475 Quamobrem
365 2405 457 2464 iratus
480 2405 639 2483 Neptunus
663 2406 786 2465 marinis
810 2406 1014 2466 aestuantibus
1037 2406 1125 2468 undis
1148 2407 1316 2470 Athenien-

135 2508 215 2566 sium
237 2514 332 2566 terras
356 2505 556 2585 depopulatus
580 2514 643 2578 est,
677 2525 767 2586 quern
796 2509 878 2569 cives
901 2509 1028 2587 placare
1043 2512 1179 2572 volentes
1202 2514 1316 2593 triplici

134 2610 202 2689 lege
226 2610 374 2689 supplicio
391 2611 534 2671 mulieres
551 2610 698 2672 allecere:
722 2613 819 2689 primo
844 2619 876 2672 ut
899 2612 936 2673 de
962 2620 1085 2675 coetero
1101 2616 1190 2676 nullis
1213 2618 1313 2696 publi·

135 2716 179 2773 cis
195 2717 378 2773 interessent
394 2713 679 2784 consultationibus3
704 2714 849 2786 secundo,
872 2723 905 2775 ut
919 2717 1019 2779 nullus
1033 2721 1222 2780 nascentium
1240 2739 1312 2802 cog·

136 2835 247 2878 nornen
271 2823 439 2878 maternum
464 2819 629 2895 acciperet3
661 2819 766 2888 tertio,
796 2835 834 2877 ne
859 2821 924 2896 quis
948 2838 999 2880 eas
1021 2820 1154 2883 Athenas
1177 2832 1311 2887 voearet.

134 2919 179 2979 De
203 2919 258 2978 hac
290 2920 363 2979 urhe
392 2920 524 2998 loquitur
545 2918 730 2998 Augustinus
763 2919 795 2981 L.
823 2917 871 2984 18.
908 2922 946 2983 de
970 2924 1096 2986 Ciuitate
1119 2926 1184 2987 Dei.
1230 2928 1313 2990 Dum

136 3041 207 3100 ergo
230 3040 325 3100 prope
350 3022 448 3084 littora
463 3022 648 3084 Athenarum
675 3041 812 3084 essemus
837 3033 867 3085 et
890 3035 1075 3089 monstratus
1099 3031 1185 3091 nobis
1201 3030 1334 3096 fuisset·

134 3129 209 3186 situs
235 3133 265 3187 et
288 3126 374 3186 locus
399 3136 459 3188 tam
483 3128 620 3198 celebris,
645 3128 750 3187 urbern
774 3131 875 3207 aspexi
899 3149 960 3190 uon
976 3132 1074 3194 dicam
1089 3133 1232 3208 Athenas
1256 3139 1312 3200 sed

136 3249 239 3292 earum
265 3231 336 3291 dum
360 3231 424 3292 lere
446 3238 639 3292 consumtum
672 3249 857 3310 parvumque
880 3237 1040 3313 vestigium
1074 3240 1224 3312 intuerer,
1257 3242 1311 3302 risi

133 3341 255 3395 nostrae
279 3335 469 3396 mortalitatis
492 3338 596 3396 insana
615 3335 748 3412 judicia,
781 3338 888 3414 quibus
911 3345 1047 3401 vetustas
1071 3341 1211 3422 decepta,
1236 3343 1310 3406 dum

131 3438 196 3499 illas
219 3440 335 3500 futuras
359 3439 457 3520 (180
473 3437 516 3518 a)
542 3459 692 3520 perennes
719 3441 926 3515 arbitraretur,
950 3447 1047 3522 primo
1072 3445 1146 3507 deos
1170 3448 1200 3506 in
1223 3447 1310 3510 litem

131 3545 260 3602 nominis
283 3544 458 3623 imponendi
482 3548 578 3606 traxit.

142 3699 147 3709 .
218 3646 290 3707 lnde
323 3667 374 3708 eas
398 3653 516 3710 vocavit
547 3669 651 3711 eorum
680 3655 830 3714 sententia
860 3653 1062 3726 immortales,
1094 3672 1174 3715 nunc
1203 3657 1309 3732 paucis

133 3749 242 3828 elapsis
276 3752 404 3811 saeculis
437 3755 530 3813 ruinis
559 3773 647 3815 suum
678 3757 769 3818 linem
799 3760 919 3828 venisse
949 3765 1091 3831 testatur,
1124 3761 1154 3819 in
1178 3766 1310 3820 mortem

133 3853 271 3932 prolecto
295 3872 351 3913 nos
367 3862 397 3914 et
413 3862 514 3916 nostra
533 3866 676 3919 corruunt
692 3863 791 3922 omnia
808 3861 900 3922 celeri
916 3880 1016 3940 passu.
1047 3861 1187 3923 Attamen
1212 3879 1308 3941 quan·

131 3965 328 4034 tumcurnque
352 3962 532 4021 exinanitam
554 3965 721 4037 civitatem,
746 3969 806 4027 imo
830 3969 930 4046 potius
955 3971 1085 4030 civitatis
1108 3971 1239 4042 bustum,
1263 3973 1309 4032 vi·

132 4063 250 4132 darem,
274 4079 443 4123 memorare
468 4068 570 4144 coepi,
593 4076 703 4144 quanta
726 4071 973 4149 philosophorum
997 4091 1031 4134 ac
1048 4082 1204 4152 poetarum
1226 4074 1309 4149 luce,

131 4170 242 4244 quanto
265 4164 431 4227 studiorum
454 4171 587 4231 omnium
611 4170 737 4247 decore,
761 4184 871 4254 quanta
894 4195 1000 4256 regum
1015 4178 1187 4256 ducumque
1201 4177 1310 4258 gloria,
