2874 4770
726 166 793 236 294

170 344 254 408 Haec
276 351 378 408 autern
401 347 505 406 civitas
527 350 606 406 teste
628 344 761 405 Homero
784 342 874 404 Libro
897 343 947 405 lV.
982 349 1046 405 erat
1079 345 1236 414 omnium,
1274 361 1358 422 qnae

171 451 227 511 suh
259 449 324 510 sole
355 468 390 511 ac
423 449 570 509 stellifero
603 448 690 508 coelo
719 455 804 517 sunt,
839 448 958 514 urbium
989 448 1111 525 quidem
1132 448 1356 525 insignissima.

171 554 255 617 Haec
276 561 340 626 est,
376 571 454 633 quoe
478 551 675 614 decennalem
697 550 883 612 Graecorum
906 551 1094 612 obsidionem
1118 569 1208 630 passa
1238 558 1290 611 est
1324 558 1357 611 et

170 660 205 719 ab
228 660 272 717 eis
296 656 397 719 deleta
424 663 549 736 propter
571 656 706 717 Helenae
727 662 865 733 raptum,
888 673 966 733 quae
989 657 1027 717 ob
1050 659 1096 717 sni
1119 657 1357 735 speciositatem

169 768 217 821 ter
238 736 322 839 rapte
345 759 401 820 luit
424 766 455 819 et
487 777 610 838 semper
637 778 709 820 oum
731 759 833 819 multis
856 760 1013 845 hominnm
1036 761 1185 836 stragibus
1207 762 1355 837 repetita,

170 862 251 924 unde
280 853 404 941 propter
434 879 501 923 eam
533 861 627 923 multa
659 863 815 923 hominnm
839 862 938 922 millia
964 869 1036 922 sunt
1064 861 1241 932 interiecta;
1277 861 1354 922 dnm

170 973 271 1026 autem
290 965 353 1042 J'am
376 968 529 1027 senuisset
556 983 652 1045 seque
675 965 843 1026 deformem
875 964 1000 1043 speculo
1036 971 1190 1036 cerneret,
1222 967 1291 1025 risit
1322 973 1355 1025 et

170 1069 315 1130 admirata
336 1072 468 1130 virorum
491 1070 652 1129 amentiam
676 1075 708 1128 et
730 1068 883 1129 fatuitates
897 1067 1013 1139 derisit,
1037 1067 1145 1146 puellis
1168 1070 1232 1127 sois
1257 1066 1354 1148 longo

170 1191 311 1234 sermone
335 1173 477 1234 stultitias
500 1174 633 1233 virorum
649 1170 779 1242 detexit,
803 1170 955 1250 quomodo
971 1177 1094 1250 propter
1108 1169 1190 1231 illam
1204 1177 1251 1230 tot
1264 1173 1354 1232 mille

168 1277 262 1336 millia
297 1278 511 1338 occubuissent
544 1283 575 1335 et
606 1274 759 1354 quomodo
796 1276 982 1337 nobilissima
1013 1283 1044 1335 et
1077 1277 1206 1336 maxima
1242 1278 1354 1337 civitas

169 1379 258 1456 Troja
282 1381 390 1441 demtis
415 1380 480 1443 eliis
503 1379 618 1439 civibus
640 1385 765 1456 propter
781 1396 849 1439 earn
874 1379 1029 1439 destructa
1050 1378 1158 1439 inisset
1180 1385 1211 1437 et
1228 1380 1354 1440 nobiles

168 1483 292 1560 Trojani
322 1482 467 1563 dispersi:
499 1499 569 1542 narn
597 1489 666 1560 post
689 1481 798 1558 Trojae
814 1486 951 1544 exitium
981 1483 1098 1543 nobiles
1121 1481 1261 1559 Trojani,
1298 1486 1355 1561 qui

172 1586 302 1664 gladium
326 1593 487 1647 evaserunt
502 1583 703 1656 Graecorum,
726 1585 814 1646 lactis
838 1586 984 1647 classibus
1007 1604 1062 1663 per
1083 1585 1220 1646 diversas
1244 1587 1355 1648 mundi

169 1696 270 1769 partes
293 1691 350 1750 sibi
380 1690 470 1751 sedes
500 1693 694 1769 quaesierunt
723 1697 756 1750 et
787 1690 969 1780 habitatores
1000 1691 1186 1768 expellentes
1216 1710 1273 1770 pro
1307 1695 1353 1753 eis

166 1792 233 1854 loca
255 1801 433 1868 tenuerunt,
469 1814 505 1856 ex
528 1813 658 1875 qnorum
681 1797 824 1873 congerie
846 1795 1023 1874 prodiemnt
1056 1802 1196 1874 potentes
1231 1798 1354 1857 saeculi

170 1902 201 1956 et
215 1897 350 1967 nobiles,
374 1884 453 1958 sicut
468 1897 655 1958 diversarum
669 1900 828 1976 regionum
842 1900 1018 1961 verissimae
1039 1898 1184 1957 historiae
1199 1906 1354 1961 attestan-

166 2007 231 2070 tur,
263 2007 294 2059 ot
316 2001 433 2062 nobiles
456 2001 547 2062 hodie
572 1999 628 2081 (1))
662 2002 781 2063 dehoc
805 2003 969 2080 gloriantur
998 2009 1029 2062 et
1052 2008 1197 2062 conantur
1225 2003 1265 2063 de
1291 2005 1353 2065 hoc

165 2104 337 2164 testimonia
370 2105 515 2166 inducere
551 2108 689 2166 omnibus
716 2105 829 2167 modis.
874 2107 941 2167 Fuit
973 2115 1074 2189 autem
1097 2105 1187 2183 Troja
1210 2108 1353 2189 totaliter

167 2204 327 2276 derelicta,
350 2208 391 2269 ita
415 2215 447 2268 ut
463 2206 590 2270 Ovidius
613 2208 710 2270 dicat:
734 2209 799 2269 lam
814 2227 905 2288 seges
927 2211 978 2270 uhi
1001 2210 1090 2286 Troja
1113 2209 1178 2270 fuit.
1210 2211 1250 2271 Et
1265 2212 1353 2290 quod

166 2309 211 2369 his
235 2310 364 2388 amplius
387 2319 450 2382 est,
474 2329 535 2390 quo
557 2313 587 2371 in
611 2312 679 2372 loco
703 2310 793 2395 Troja
816 2312 923 2385 luerit,
946 2314 1020 2374 nulli
1042 2332 1123 2373 nunc
1152 2322 1350 2391 compertum

166 2413 307 2486 hebetur,
340 2431 375 2475 ea
399 2416 479 2475 enim
504 2422 608 2475 exusta
629 2412 746 2493 lapides
779 2423 810 2476 et
841 2434 1051 2495 quaecumque
1073 2416 1129 2476 alia
1151 2415 1223 2475 inde
1247 2417 1350 2479 ablata

166 2521 249 2586 sunt,
285 2533 321 2576 ex
344 2535 403 2594 quo
436 2521 509 2578 satis
532 2514 710 2590 edocemur,
745 2528 779 2581 ut
800 2540 892 2582 nemo
920 2524 951 2581 in
979 2523 1068 2582 rebus
1091 2522 1231 2581 humanis
1256 2541 1349 2601 spem

166 2637 251 2679 suam
275 2623 436 2682 constituat
466 2629 516 2682 aut
539 2641 573 2681 se
597 2631 747 2702 perpetuo
769 2627 800 2685 in
823 2626 881 2686 hoc
904 2627 1026 2686 saeculo
1050 2642 1226 2685 mansurum
1247 2634 1347 2703 putei,

166 2724 236 2800 quin
260 2725 367 2800 ingens
390 2724 482 2800 Trojn
509 2733 541 2786 et
572 2729 665 2786 totins
688 2727 780 2788 Asiae
814 2716 955 2790 columen
984 2732 1025 2789 ita
1048 2734 1193 2791 exstincta
1218 2737 1284 2801 est,
1305 2738 1350 2808 ‘ut

164 2844 262 2904 neque
288 2827 414 2888 cadaver
436 2847 493 2888 nec
516 2832 676 2909 vestigium
693 2839 861 2910 appareat,
886 2839 917 2892 et
940 2835 1140 2911 expertissimi
1163 2832 1267 2892 mundi
1294 2833 1347 2894 de·

166 2933 330 3008 scriptores
346 2932 466 2993 deloco
482 2951 555 2994 suae
579 2937 748 2995 situationis
764 2936 946 3015 discrepant,
970 2937 1147 3016 quibusdam
1164 2937 1347 3009 dicentibus,

165 3036 246 3114 qnod
270 3039 299 3095 in
324 3037 549 3115 Peloponneso,
574 3041 648 3110 aliis,
674 3040 752 3118 quod
777 3043 806 3099 in
830 3040 971 3121 Pbrygia,
995 3044 1075 3102 inter
1098 3059 1172 3118 quas
1189 3041 1272 3100 vduas
1298 3061 1346 3103 re·

164 3143 267 3218 giones
292 3158 405 3218 magna,
423 3143 514 3201 maria
540 3141 728 3222 Hellesponti
752 3144 898 3215 mediant,
934 3152 965 3204 et
986 3144 1114 3223 Phrygia
1139 3151 1186 3204 est
1208 3146 1239 3203 in
1260 3145 1346 3216 Asia,

162 3243 389 3323 Peloponnesus
414 3251 514 3305 cirtem
538 3248 567 3304 io
592 3247 709 3324 Europa
733 3248 763 3306 in
786 3245 975 3307 Macedonio.

251 3348 458 3410 eommunitcr
481 3360 582 3411 tamen
598 3350 715 3421 dicitur,
740 3353 819 3430 quod
836 3353 926 3413 luerit
950 3359 979 3413 in
998 3353 1125 3433 Phrygia
1148 3372 1241 3432 super
1256 3356 1346 3417 littus

163 3450 350 3530 Hellesponti
373 3453 506 3524 Asiatici,
531 3461 561 3514 et
584 3454 641 3526 illi,
665 3446 717 3532 qui
740 3456 840 3515 locum
864 3457 1010 3528 viderunt,
1035 3458 1151 3530 dicunt,
1176 3460 1256 3537 quod
1281 3480 1345 3522 non

163 3553 270 3614 habent
294 3557 541 3635 dispositionem,
576 3559 656 3637 quod
689 3563 820 3637 potuerit
847 3562 887 3622 ibi
918 3562 1012 3642 luisse
1042 3571 1101 3623 tam
1126 3566 1246 3644 grandis
1270 3569 1345 3628 urbs

163 3661 195 3712 et
217 3664 320 3732 portus
343 3659 451 3719 bonus.
488 3660 598 3722 Dicunt
622 3665 729 3734 etiam,
753 3664 833 3742 quod
856 3668 953 3725 omnis
977 3676 1099 3727 ometus
1122 3668 1264 3746 lapidum,
1290 3689 1344 3732 co·

162 3755 282 3816 lumnae
300 3777 485 3824 marmoreae
508 3773 539 3825 et
562 3767 679 3827 tabulae
704 3770 832 3846 politae,
856 3771 964 3848 quibus
981 3769 1071 3848 Troja
1097 3772 1152 3832 luit
1174 3772 1343 3847 aedificata,

163 3858 272 3920 ductus
303 3862 358 3923 luit
392 3865 429 3925 ad
460 3871 707 3933 constitutionem
741 3873 822 3933 urbis
845 3874 1038 3935 Venetianae.
1083 3877 1128 3937 lle
1151 3876 1242 3954 Trojo
1271 3882 1344 3943 ride

163 3956 250 4023 Parte
276 3962 303 4024 1.
329 3965 389 4027 llol.
414 3968 487 4033 257.

250 4068 377 4131 Sanctus
394 4072 503 4156 Pnulus
527 4074 637 4154 legitur
660 4087 691 4139 et
714 4079 825 4141 Corum
848 4090 878 4142 et
894 4081 1045 4143 Troadem
1068 4083 1105 4144 ad
1128 4087 1342 4162 evangelizen-

223 4190 235 4234 t
250 4175 381 4236 vonisse.
413 4178 499 4240 Hooc
513 4178 665 4247 Troadem
680 4184 753 4245 dicit
764 4185 965 4266 Hieronymus
980 4188 1062 4283 prins
1076 4186 1188 4247 dictem
1204 4186 1342 4266 Trojom,
