2874 4770
697 283 739 350 tt

136 475 249 530 novae,
279 464 311 519 et
339 474 446 535 magna
475 463 540 518 erat
570 459 610 518 ibi
639 458 795 519 hominum
818 457 996 536 frequentia.
1042 454 1189 517 Direrunt
1212 462 1313 517 nutem

137 562 224 622 nobis
259 559 435 632 Mamaluci,
478 560 560 638 quod
598 567 666 621 ante
695 562 932 638 quinquennium
960 577 1020 618 uon
1056 558 1147 619 luerit
1181 560 1222 619 ibi
1254 576 1314 621 una

138 662 260 738 demtis,
293 664 349 728 sed
377 682 484 724 nemus
513 664 692 725 arundinum
714 672 745 725 et
768 665 971 747 arbustorum,
1001 678 1056 739 per
1078 660 1159 739 quod
1182 668 1246 721 erat
1266 662 1315 721 via

138 769 388 848 in.·superiorem
420 766 527 827 urbem
549 763 757 846 Babyloniam,
794 768 826 826 in
849 782 907 844 qua
930 763 1076 842 quottidie
1107 764 1209 842 plures
1242 781 1313 842 spo·

136 871 284 947 liabentur
307 889 325 931 a
346 870 526 941 latronibus,
559 876 590 930 et
619 870 764 930 mulieres
796 867 868 948 (89
885 863 928 945 a)
952 868 1212 945 opprimebantur;
1236 882 1314 944 quae

136 980 262 1054 propter
284 971 433 1033 Soldanus
455 975 486 1033 in
507 973 575 1034 loco
598 971 722 1033 domum
738 989 878 1050 magnam
896 971 1045 1031 aedificari
1063 970 1136 1030 iecit
1150 988 1204 1049 pro
1220 969 1315 1029 tutela

136 1078 218 1148 viae,
248 1082 280 1136 et
304 1077 344 1134 'in
367 1092 404 1134 ea
431 1073 634 1136 Mamalucum
657 1075 814 1136 custodem
836 1077 945 1153 posuit.
989 1073 1082 1135 Porro
1105 1073 1190 1132 locus
1214 1071 1317 1150 coepit

138 1178 275 1258 pluribus
298 1178 435 1256 placere,
458 1181 510 1257 qui
533 1180 623 1239 ctiam
646 1181 703 1240 sibi
725 1179 765 1239 ibi
788 1178 957 1239 habitacula
981 1176 1190 1247 aedificavere,
1222 1175 1317 1234 etita

138 1283 225 1361 quasi
248 1279 347 1341 subito
371 1286 419 1340 est
440 1281 481 1341 ibi
514 1282 594 1343 lacta
627 1283 784 1343 homiuum
815 1282 1028 1351 commoratio,
1062 1296 1140 1357 quae
1174 1281 1200 1338 si
1233 1283 1316 1339 esset

100 1453 109 1459 ,
135 1384 220 1463 ‘apud
241 1401 313 1457 nos,
343 1402 451 1463 magna
480 1387 584 1446 civitas
615 1390 814 1462 reputaretur.
860 1386 949 1447 Extra
978 1385 1037 1444 boc
1060 1383 1159 1443 forum
1182 1381 1314 1459 egressis

105 1478 345 1553 ‚demonstrata
368 1485 425 1545 luit
446 1487 532 1546 nobis
555 1504 614 1548 una
636 1486 810 1564 grandiset
831 1488 956 1567 pulchra
986 1487 1108 1555 domus,
1142 1485 1199 1544 sita
1223 1500 1316 1561 super
1418 1467 1431 1486 ⁸

138 1591 209 1650 litus
232 1587 307 1660 Nili,
332 1605 423 1667 quarn
445 1587 549 1650 dicunt
572 1607 640 1650 esse
664 1590 878 1651 habitationem
894 1590 1083 1651 dominarum
1098 1586 1314 1666 Nympharum,

133 1695 169 1753 ⁴iu
193 1691 348 1770 quadum
370 1691 508 1752 noctibus
530 1710 586 1771 per
608 1693 674 1752 loca
698 1694 860 1772 emigrant,
894 1693 943 1753 hic
974 1693 1005 1752 in
1033 1691 1089 1751 hac
1119 1689 1209 1751 domo
1240 1706 1313 1748 eon·

137 1797 312 1856 tentionem
334 1795 459 1866 babent,
483 1795 599 1874 sibique
616 1813 685 1855 eum
709 1797 953 1874 appropriaruut,
978 1811 1035 1854 nec
1058 1792 1189 1871 aliquem
1212 1793 1315 1851 sinunt

138 1900 170 1959 iu
194 1897 400 1969 cohabitare,
424 1899 503 1958 sicut
525 1914 617 1976 saepe
639 1899 798 1980 probatum
820 1906 876 1960 est.
923 1898 1000 1958 Nam
1022 1897 1161 1957 dominus
1184 1894 1257 1964 loci,
1280 1894 1313 1952 in

140 1998 226 2077 cujus
248 1999 371 2078 praedio
394 1999 502 2060 domus
526 2007 590 2072 est,
615 2003 665 2080 qui
689 2019 757 2061 eam
772 2001 922 2062 aedificari
937 2001 993 2061 sibi
1013 1999 1101 2070 lecit,
1125 1997 1196 2058 dum
1211 1994 1313 2075 supel-

137 2102 272 2163 lectilem
293 2116 380 2164 stram
402 2110 434 2163 et
455 2105 556 2193 omnia
579 2120 656 2181 quae
679 2105 807 2166 habebat
827 2107 858 2164 in
881 2121 948 2164 eam
970 2102 1186 2170 transtulisset,
1217 2100 1314 2177 prima

131 2212 229 2267 'nocte
251 2208 334 2268 venit
356 2206 503 2267 tumultus
527 2206 725 2269 foeminarum
749 2225 874 2287 maguus
898 2207 936 2267 ad
958 2206 1097 2276 domum,
1128 2203 1165 2265 ad
1188 2219 1314 2280 quarum

138 2307 300 2370 adventum
322 2326 429 2369 omnes
458 2327 545 2370 serae
580 2313 729 2372 ostiorum
749 2314 871 2374 luerunt
900 2310 1033 2380 solutae,
1068 2314 1098 2368 et
1126 2303 1314 2366 invisibiliter

137 2428 195 2489 per
216 2413 316 2472 omnia
337 2411 506 2473 habitacula
529 2412 735 2475 discurrerunt
757 2432 827 2475 cum
850 2415 964 2491 ingenti
986 2413 1129 2491 strepitu,
1152 2415 1183 2469 et
1203 2408 1313 2479 omnia,

138 2529 218 2591 quae
239 2511 357 2575 inerant
370 2515 452 2576 illata
467 2517 497 2574 iu
513 2514 646 2587 domurn,
675 2534 730 2595 per
744 2517 893 2577 fenestras
910 2515 1081 2592 ejecerunt,
1105 2512 1160 2573 sed
1175 2512 1313 2571 homines

139 2634 201 2676 non
224 2606 420 2695 contigerunt.
466 2617 607 2679 Secunda
629 2626 735 2692 nocte,
768 2637 837 2680 cum
865 2619 955 2679 horno
986 2623 1108 2677 cunctas
1138 2633 1187 2676 res
1209 2632 1312 2692 repor-

138 2724 235 2779 tasset
256 2720 286 2779 in
310 2718 449 2794 domum,
471 2730 620 2784 venerunt
641 2726 752 2785 iterum
773 2722 929 2803 Nymphae
953 2740 1023 2782 cum
1045 2718 1159 2796 majore
1174 2717 1313 2796 strepitu,

137 2826 170 2881 et
191 2823 277 2882 omni·
296 2823 476 2902 supellectili
499 2825 598 2904 ejecta
629 2829 712 2907 ipsos
741 2828 879 2887 homines
906 2829 936 2889 vi
959 2828 1149 2888 extruserunt
1172 2823 1237 2881 siue
1259 2837 1312 2880 no·

138 2932 280 2986 cumeuto
302 2923 529 3008 cujuscumque.
569 2931 668 2998 llomo
688 2939 789 2992 autem
813 2931 903 2991 linem
919 2929 1007 3007 hujus
1023 2930 1067 2989 rei
1081 2925 1183 2988 videre
1200 2925 1313 2995 volens,

138 3032 170 3087 et
199 3027 324 3088 audacia
355 3048 396 3091 se
419 3032 626 3111 phantasmata
664 3036 784 3095 vincere
818 3040 926 3113 putans
960 3035 1059 3094 omnia
1092 3030 1254 3109 reportavit
1282 3028 1313 3087 in

137 3128 270 3193 domum.
316 3130 419 3196 Tertia
447 3143 548 3197 autern
576 3143 666 3199 nome
699 3140 781 3199 venit
811 3137 1009 3198 foeminarum
1038 3135 1125 3197 turba
1150 3151 1220 3193 cum
1243 3133 1313 3193 hor·

138 3234 215 3294 ribili
237 3236 365 3313 strepitu
397 3245 428 3299 et
449 3243 549 3303 omnia
571 3248 634 3302 tam
656 3257 705 3300 res
727 3259 817 3320 quam
839 3242 976 3301 homiues
1000 3237 1171 3316 rejecerunt
1193 3241 1224 3296 et
1248 3234 1310 3294 eui-

137 3336 209 3397 libet
223 3345 439 3402 nocumentum
454 3343 575 3422 aliquod
589 3343 768 3405 intulerunt:
794 3345 886 3422 aliqui
903 3343 1023 3404 luerunt
1038 3341 1193 3403 excaecati
1208 3339 1314 3399 dextro

137 3440 244 3511 oculo,
275 3441 366 3520 aliqui
395 3444 531 3517 sinistro,
564 3448 655 3526 aliqui
677 3446 799 3508 fuerunt
822 3447 924 3508 auditu
947 3447 1068 3525 privati,
1102 3445 1192 3521 aliqui
1215 3439 1314 3502 claudi

136 3543 208 3604 iacti
231 3551 289 3605 etc.
335 3544 460 3614 Timens
484 3555 585 3611 autem
607 3553 715 3623 homo,
738 3569 777 3611 ne
800 3549 923 3612 tandem
944 3551 1005 3610 vita
1020 3550 1201 3629 privaretur,
1226 3543 1315 3604 aliam

136 3646 279 3707 conduxit
300 3646 427 3709 domum
449 3667 568 3728 prose,
590 3653 671 3715 illam
695 3672 782 3715 verro
806 3654 892 3714 alteri
913 3653 1041 3722 locavit,
1065 3652 1114 3712 cui
1136 3666 1191 3729 per
1213 3648 1314 3709 omnia

136 3751 262 3829 contigit
285 3751 363 3811 sicut
386 3751 424 3812 de
448 3755 545 3831 primo
569 3754 760 3829 dictumest,
784 3758 872 3816 etita
888 3754 1022 3833 pluribus
1038 3753 1181 3831 contigit,
1205 3750 1313 3829 quibus

137 3855 244 3916 domus
266 3856 318 3917 illa
340 3854 438 3915 locata
460 3854 526 3916 init.
571 3858 683 3937 Sioqne
706 3879 723 3920 a
747 3860 849 3921 multis
873 3860 958 3920 annis
995 3863 1054 3918 stat
1081 3856 1188 3916 domus
1220 3869 1315 3914 vacua

136 3957 242 4018 diebus
259 3957 392 4036 quidem,
416 3957 472 4019 sed
486 3975 555 4020 'nou
577 3962 731 4036 noctibus,
755 3962 880 4043 singulis
904 3964 986 4021 enim
1003 3960 1140 4022 noctibus
1156 3957 1315 4018 audiuntur

134 4062 166 4121 in
189 4078 225 4121 ea
247 4078 340 4122 voces
372 4060 533 4124 mulierum
565 4067 745 4127 canentium.
790 4064 863 4126 lnde
895 4066 1031 4125 nonnulli
1058 4064 1158 4143 potius
1188 4059 1315 4123 credunt

135 4164 259 4224 domum
288 4163 365 4241 hanc
396 4159 507 4227 novem
528 4162 640 4239 Musis,
673 4168 756 4229 lovis
787 4174 818 4228 et
847 4166 1013 4229 Memoriae
1044 4167 1174 4237 filiabus,
1206 4183 1312 4226 conse·

136 4275 266 4340 oratam,
289 4284 380 4346 quam
401 4267 518 4329 filiabus
531 4268 622 4330 Nerei
646 4277 677 4332 et
694 4271 800 4342 Doris,
823 4271 940 4332 cohorti
955 4270 1182 4351 Nympharum
1206 4267 1314 4330 Musae
