2874 4770
758 191 806 261 50

192 367 340 430 Ieremias
370 368 516 448 propheta
546 369 666 447 regibus
694 366 824 447 Aegypti
855 371 992 448 siguum,
1022 369 1145 431 dicens:
1180 371 1272 434 Tunc
1304 374 1383 437 idola

193 480 292 533 vestra
321 472 447 543 cadent,
478 490 548 533 eum
575 474 659 550 virgo
689 470 784 532 lilium
806 474 913 550 pariet.
959 473 1026 546 Qua
1048 481 1177 556 propter
1200 477 1381 538 sacerdotes

193 572 320 655 Aegypti
344 577 374 635 in
399 581 518 635 secreto
541 575 609 634 loeo
633 574 738 653 templi
761 577 1113 655 posuerunt'imaginem
1128 577 1283 656 Virginis,
1308 597 1380 658 pue·

193 696 260 738 rum
282 681 313 739 in
336 680 404 738 sinu
427 678 602 747 habentem,
627 684 658 737 et
672 679 769 755 ipsam
786 675 957 739 adorabant.
1002 678 1088 741 llanc
1113 683 1287 760 imaginem
1311 683 1380 744 dum

193 800 244 843 rex
259 780 452 842 Ptolomaeus
468 783 633 843 invenisset
648 781 824 860 intemplo,
848 781 1010 843 mirabatur
1039 791 1069 845 et
1093 785 1167 862 quid
1194 786 1379 868 signiticaret

194 903 211 945 a
233 884 438 946 sacerdotibus
462 883 688 962 interrogabat?
711 884 769 957 Qui
792 882 946 958 dixerunt,
970 886 1031 947 boe*
1051 905 1120 948 esse
1144 895 1296 967 paternae
1319 897 1377 952 tra·

194 989 314 1051 ditionis
338 990 530 1066 mysterium,
562 987 645 1066 quod
668 990 777 1067 spiritu
799 995 903 1050 sancto
926 990 1075 1069 propbeta
1097 993 1257 1056 revelante
1292 1005 1376 1058 acce'·

193 1101 301 1173 perunt
324 1090 525 1168 majores,.et
549 1090 724 1170 credebant,
748 1094 780 1153 in
801 1091 892 1154 rebus
915 1095 957 1154 ita
970 1094 1036 1155 lore
1052 1103 1232 1170 ventumm‚
1257 1096 1376 1177 utdnm

194 1200 277 1275 virgo
301 1198 421 1275 pariens
443 1194 537 1255 filium
561 1203 680 1274 partum
703 1213 792 1257 suum
815 1197 862 1257 bis
885 1194 974 1259 terris
997 1198 1140 1272 interret,
1170 1180 1376 1264 omnia'ldola

193 1309 296 1363 nostra
319 1299 460 1360 aulevret.

281 1405 401 1464 Scimus
425 1410 538 1472 autem,
573 1402 709 1463 tradente
734 1404 904 1481 evangelio,
935 1404 1017 1484 quod
1039 1404 1154 1484 loseph
1184 1424 1258 1468 cum
1279 1406 1374 1469 illaria

195 1515 225 1568 et
247 1508 307 1567 lilio
331 1505 404 1566 lesu
428 1504 478 1565 Vll
503 1523 596 1565 annos
630 1504 732 1582 deguit
755 1508 786 1565 in
808 1505 961 1586 Aegypto,
986 1507 1040 1568 siid
1064 1510 1095 1568 in
1119 1526 1179 1586 quo
1203 1510 1274 1571 loco
1290 1511 1371 1572 habi-

195 1614 338 1679 taverint,
373 1609 577 1670 diversitatem
605 1608 677 1689 (92
693 1606 737 1686 a)
770 1612 879 1688 reperi.
926 1608 1055 1682 Quidam
1078 1611 1197 1681 dicum,
1231 1614 1314 1693 quod
1342 1616 1372 1673 in

195 1713 369 1791 Hermopoli
392 1711 581 1783 Tbebaidae;
606 1719 636 1772 et
651 1712 708 1773 hoc
724 1712 851 1773 babetur
864 1715 894 1773 in
910 1712 987 1774 Vitis
1003 1706 1132 1791 patrum.
1177 1714 1239 1776 Alii
1260 1717 1371 1785 dicunt,

195 1816 276 1895 quod
298 1819 462 1877 manserint
485 1834 606 1895 semper
628 1818 659 1875 in
682 1816 811 1886 Busiris,
830 1814 915 1892 juxta
930 1814 1047 1875 iontem
1061 1818 1118 1878 sibi
1133 1817 1248 1879 datum.
1298 1821 1370 1881 Cae·

195 1922 252 1980 teri
275 1919 393 1991 volunt,
417 1920 497 1999 quod
520 1923 549 1980 in
572 1919 723 1998 Heliopoli
747 1919 915 1997 deguerint.
963 1919 1171 1981 Communiter
1194 1929 1316 1994 tamen,
1344 1931 1373 1984 et

196 2025 282 2102 quasi
304 2041 409 2084 omnes
427 2022 585 2083 Christiani
609 2029 639 2081 et
662 2023 829 2092 sarraceni,
851 2021 899 2081 hic
923 2023 953 2081 in
969 2020 1120 2101 Babylone
1144 2041 1198 2084 eos
1221 2025 1372 2088 habitasse

195 2134 343 2187 asserunt.
390 2125 447 2186 Pro
465 2144 593 2203 quorum
617 2128 751 2186 omnium
775 2123 936 2185 concordia
959 2121 1158 2204 dici'potest,
1183 2127 1281 2204 quod,
1306 2131 1373 2207 quia

194 2212 361 2310 pauperes,
395 2229 483 2289 alieni
514 2235 544 2288 et
567 2228 669 2288 exules
692 2227 827 2297 luerunt,
863 2230 893 2287 in
916 2227 962 2286 his
983 2225 1034 2287 Vll
1057 2229 1142 2288 annis
1164 2233 1371 2308 migraverunt

194 2312 322 2395 deloco
345 2332 382 2393 ad
398 2331 513 2401 locum,
538 2332 606 2408 quia
622 2348 772 2409 pauperes
790 2330 827 2391 de
849 2330 929 2391 iacili
953 2336 1070 2391 mutant
1091 2331 1260 2406 domicilia,
1286 2352 1369 2413 prae·

195 2441 282 2516 cipue
298 2436 478 2515 inpartibus
495 2433 638 2494 Orientis.
672 2433 838 2518 Sedncmo
854 2436 1014 2495 aestimare
1031 2435 1129 2508 debet,
1149 2437 1370 2516 quodpropter

112 2542 120 2548 '
194 2540 347 2601 levitatem
376 2538 423 2599 vel
456 2523 680 2597 instabilitatem
708 2536 758 2598 vel
788 2534 912 2616 propter
939 2539 1158 2616 impatientiam
1186 2543 1370 2603 mutaverint

194 2642 393 2711 domicilium,
427 2640 482 2700 sed
512 2648 635 2719 propter
666 2657 771 2700 causas
803 2639 916 2702 divinas
939 2647 971 2701 et
993 2644 1166 2716 rationales,
1195 2645 1285 2706 nobis
1309 2663 1368 2706 non

196 2761 365 2821 expressas.
868 2810 871 2814 ,
1143 2749 1147 2755 ’
1206 2743 1212 2751 ’

283 2846 358 2906 Cum
382 2864 453 2923 ergo
476 2847 626 2906 orationes
662 2847 862 2925 praescriptas
892 2847 921 2906 in
953 2848 1169 2925 processionali
1200 2853 1231 2910 in
1266 2862 1370 2932 crypta
1413 2846 1416 2853 ⁴

196 2948 477 3027 complevissemus,
509 2948 718 3020 ascendimus,
752 2955 783 3008 et
816 2966 871 3027 per
900 3026 903 3031 Ι
945 3034 948 3039 Ι
973 2952 1001 3010 ia
1031 2954 1195 3031 superioris
1219 2956 1370 3017 ecclesiae

195 3053 365 3133 gyravimus
388 3051 554 3114 invocando
579 3051 758 3112 Sanctorum
774 3053 907 3130 patrocin
922 3070 947 3113 a.
993 3053 1026 3114 ln
1048 3063 1132 3135 parte
1149 3064 1251 3140 autem
1269 3058 1371 3122 dextra

195 3158 343 3218 ecclesiae
368 3164 416 3216 est
438 3174 530 3216 unum
553 3155 698 3214 lossatum
724 3154 905 3232 protundum
928 3164 959 3216 et
982 3174 1136 3236 magnum,
1167 3177 1203 3221 ae
1233 3164 1261 3222 si
1289 3170 1372 3224 esset

195 3259 306 3338 grande
329 3260 523 3338 sepulchrum
547 3276 623 3335 aqua
646 3259 795 3337 repletum
824 3265 855 3318 et
886 3260 1036 3321 asseribus
1059 3270 1216 3341 opertum,
1248 3265 1371 3343 dequo

194 3362 298 3423 dicunt
346 3361 459 3442 loseph
504 3363 658 3421 haussisse
698 3378 805 3439 aquam
839 3363 868 3421 in
909 3380 998 3423 usum
1040 3383 1112 3426 suae
1146 3371 1370 3431 sacratissimae

194 3463 356 3525 familiolae
397 3484 451 3543 pro
492 3466 604 3529 lotione
639 3471 724 3548 pueri
759 3469 831 3530 lesu
883 3476 914 3556 et
951 3488 1005 3548 pro
1043 3474 1180 3532 coctione
1223 3475 1370 3546 ciborum,

195 3573 226 3625 et
249 3585 303 3644 pro
326 3574 412 3645 potu,
443 3586 459 3628 a
488 3586 546 3646 quo
570 3590 626 3631 usu
649 3579 762 3634 tantam
787 3575 903 3651 aceepit
934 3567 1108 3652 haec'aqua
1140 3577 1303 3648 virtutem,
1339 3585 1372 3639 ut

196 3667 377 3728 hodiernum
409 3673 440 3729 in
468 3670 549 3731 diem
574 3675 768 3738 saluberrima
793 3680 846 3748 sit,
877 3679 985 3738 multas
1016 3676 1220 3753 aegritudines
1252 3699 1372 3753 curans,

195 3769 275 3830 unde
307 3760 368 3830 tam
407 3771 567 3834 Christiani
600 3794 689 3854 quam
723 3782 880 3842 Sarraceni
915 3781 1096 3841 ereberrime
1123 3777 1161 3838 de
1185 3797 1222 3840 ea
1245 3791 1372 3844 sumunt

196 3872 233 3933 ad
269 3873 452 3935 medendum
490 3870 589 3936 certos
623 3880 792 3959 languores.
846 3883 971 3961 lnsuper
1007 3883 1164 3942 Sarraceni
1203 3901 1278 3946 suos
1317 3886 1371 3948 de·

195 3976 270 4036 biles
294 3982 405 4054 pueros
429 3979 550 4039 mittunt
573 3979 610 4041 ad
632 3983 745 4055 locum,
769 3989 855 4047 utin
879 4004 954 4064 aqua
979 3986 1029 4046 illa
1059 3984 1249 4062 baptizentur
1278 3992 1372 4052 etiam

194 4078 345 4156 baptismo
375 4079 500 4152 Christi,
537 4101 596 4142 non
625 4084 706 4163 quod
736 4085 860 4148 credant
892 4087 1035 4149 ellectum
1064 4086 1194 4164 aliquem
1224 4093 1370 4169 spiritua·
