2902 4710
736 145 800 216 ate

177 333 258 395 unde
274 332 429 393 oraculum
444 329 592 410 Apollinis
608 332 778 388 statuemnt
794 320 1022 386 consulendum.
1054 320 1236 384 Sacerdotes
1255 327 1363 385 autem

175 437 235 498 tale
259 436 383 497 Senatui
405 451 586 515 responsum
609 431 758 492 dederunt
782 446 818 489 ex
847 427 1003 507 Apolline,
1028 433 1060 487 ut
1083 428 1205 487 nuutios
1228 443 1284 504 per
1308 444 1361 487 re·

178 542 283 618 giones
317 540 474 600 mitterent
506 543 537 597 et
565 535 650 597 illum
677 533 715 594 ad
737 533 899 610 imperium
922 537 1124 602 assumerent,
1159 547 1252 608 quem
1280 531 1362 590 resi-

178 643 301 704 dentem
324 640 360 702 ad
383 641 515 702 ferream
538 655 675 699 mensam
699 634 928 705 comedentem,
962 640 994 693 et
1017 635 1188 712 speciosam
1210 635 1364 711 virginem

176 732 235 811 sibi
257 748 456 816 servientem,
489 750 520 805 et
543 759 649 805 canem
680 740 894 801 observantem
924 738 1103 798 invenirent.
1147 734 1252 797 Multis
1283 753 1357 815 ergo

177 850 290 912 nuntiis
321 850 441 910 emissis
475 849 567 926 aliqui
596 848 627 907 in
650 844 829 907 Dalmatiam
858 847 1019 910 venerunt,
1052 847 1233 919 quaerentes
1266 858 1358 903 suun

176 957 390 1034 imperatorem
406 955 436 1013 in
452 954 560 1030 signis,
577 968 647 1011 cum
661 949 761 1010 ferrea
776 966 891 1019 mensa,
907 949 1022 1026 virgine
1044 950 1075 1006 et
1090 962 1175 1006 cane.
1208 944 1357 1024 Campum

178 1076 251 1136 ergo
265 1054 366 1119 ·Polae
400 1075 468 1117 eum
491 1055 711 1135 pertransirent
738 1060 771 1112 et
794 1051 832 1112 de
855 1052 903 1113 via
926 1049 1111 1120 dubitarent,
1144 1034 1283 1110 viderunt
1307 1066 1357 1110 ru·

177 1138 287 1223 sticum
311 1162 341 1220 in
375 1178 446 1238 agro
479 1165 613 1219 arantem
648 1162 678 1216 et
700 1155 739 1216 de
763 1157 810 1216 via
832 1154 1020 1216 declinantes
1044 1151 1081 1212 ad
1104 1153 1203 1230 ipsum
1226 1153 1355 1212 interro·

176 1254 308 1343 gaudum
329 1266 457 1324 iverunt.
505 1261 554 1322 Eis
578 1265 679 1320 autem
702 1277 772 1319 curn
795 1260 909 1318 rustico
934 1255 1160 1318 conterentibus
1190 1256 1272 1316 venit
1298 1253 1357 1317 filia

177 1367 243 1444 ejus
272 1367 449 1445 juvencula,
484 1370 609 1443 portans
632 1364 688 1423 sibl
712 1362 827 1423 alveolo
852 1361 955 1441 (203
976 1357 1019 1440 a)
1043 1360 1232 1438 pulmentum
1253 1360 1357 1423 intrito

176 1488 270 1550 pane,
304 1472 437 1531 rusticus
459 1486 532 1530 vero
557 1484 664 1528 everso
687 1472 785 1526 aratro
809 1483 901 1544 super
930 1482 1091 1526 vomerem·
1107 1464 1208 1528 cibum
1231 1462 1356 1525 allatum

176 1575 279 1651 posuit
311 1579 342 1632 et
376 1570 510 1632 comedit
541 1570 652 1631 sedens
686 1573 716 1630 in
748 1578 838 1631 terra.
884 1568 1046 1647 Recordati
1069 1574 1171 1628 autem
1193 1567 1292 1645 nuntii
1314 1565 1354 1628 de

176 1677 299 1737 oraculo
330 1675 367 1736 ad
399 1677 529 1737 luvicem
553 1664 706 1735 dixerunt:
745 1691 834 1744 ecce,
859 1691 963 1734 mensa
985 1673 1102 1743 ferrea,
1128 1668 1291 1748 juvencula
1324 1677 1358 1733 et

176 1781 272 1850 canis,
307 1779 444 1857 prolecto
472 1780 637 1857 imperator
664 1777 715 1837 ille
739 1786 787 1838 est
809 1778 936 1838 Romani
964 1777 1094 1855 imperii.
1139 1776 1231 1836 Erant
1252 1779 1358 1836 autem

175 1883 274 1942 nuntii
306 1882 350 1942 illi
379 1884 613 1960 viripotentes,
649 1879 813 1958 prudentes
848 1888 879 1940 et
907 1880 1040 1951 nobiles,
1072 1881 1178 1954 armati
1207 1880 1238 1939 in
1269 1881 1359 1958 equis

176 1985 338 2054 sedentes,
373 1990 403 2044 et
426 2002 443 2045 a
466 1987 579 2045 rustico
613 1983 839 2044 declinaverant
866 1984 1036 2063 paululum,
1069 1983 1264 2044 consulentes
1298 1985 1359 2047 sibi

176 2088 320 2159 invicem,
344 2093 375 2147 et
398 2087 580 2148 accedentes
602 2088 827 2164 interrogabaut
850 2086 916 2164 ejus
939 2105 1051 2148 nomen
1074 2088 1210 2165 etipse,
1232 2086 1359 2149 Diocle·

161 2172 291 2261 tineus,
326 2192 438 2268 inquit,
468 2209 569 2253 vocor.
616 2190 672 2252 Cui
688 2183 844 2251 dixerunt}
868 2208 960 2269 surge
991 2190 1228 2269 etproflciscere
1252 2181 1358 2253 nobis·

175 2312 244 2356 cum
267 2293 411 2366 Romam,
446 2296 515 2372 quia
546 2295 667 2356 oraculo
701 2293 827 2356 deorum
860 2297 1026 2373 imperator
1056 2295 1161 2356 mundi
1188 2295 1286 2355 lactus
1310 2313 1357 2357 es.

176 2397 290 2469 Quibus
314 2397 487 2476 respondit:
512 2398 671 2459 difficulter
695 2397 803 2469 credo,
839 2416 895 2458 nec
914 2398 1070 2459 vobiscum
1094 2398 1275 2476 proficiscar,
1298 2400 1361 2459 nisi

171 2500 234 2578 jam
258 2503 288 2561 in
312 2503 478 2561 continenti
497 2500 689 2586 jussismeis
713 2503 1004 2581 obtemperaveritis.
1035 2500 1150 2574 Quibus
1166 2503 1357 2581 promitten-

176 2609 255 2668 tibus
279 2607 489 2683 interrogavit,
512 2609 580 2685 quis
603 2609 759 2673 intereos
779 2584 906 2668 nobilior
931 2604 1114 2668 baberetur?
1145 2604 1212 2676 Quo
1233 2611 1358 2666 astante
1380 2630 1382 2635 ·

175 2710 263 2771 divit:
288 2717 322 2770 ut
344 2709 478 2781 videam,
503 2713 615 2788 inquit,
650 2729 782 2775 menon
806 2711 908 2772 deludi
931 2728 948 2771 a
970 2710 1073 2782 vobis,
1105 2710 1186 2771 bunc
1205 2708 1357 2786 jugulate.

175 2812 208 2872 Si
235 2811 385 2879 feceritis,
418 2813 510 2884 bene;
545 2814 672 2884 sinon,
706 2832 756 2873 me
786 2813 925 2875 delusum
956 2832 1096 2892 agnosco.
1141 2812 1251 2874 Amare
1281 2831 1358 2893 ergo

174 2919 273 2976 animo
295 2916 513 2978 interfecerunt
536 2916 646 2977 ducem
668 2917 753 2979 illum
776 2921 864 2980 servi.
901 2918 968 2990 Quo
991 2918 1087 2990 tacto,
1110 2919 1222 2978 iterum
1244 2914 1283 2976 de
1297 2933 1356 2977 no·

173 3019 272 3079 biliori
306 3021 455 3097 quaesivit
488 3026 519 3080 et
548 3020 675 3080 interfici
707 3039 778 3081 curn
808 3020 967 3082 mandavit.
1010 3021 1049 3081 Et
1077 3023 1166 3082 tertia
1193 3022 1259 3082 vice
1281 3018 1358 3082 iecit

176 3122 316 3181 similiter
350 3128 473 3200 etpost
506 3122 564 3183 boc
594 3125 724 3184 surrexit
754 3131 785 3184 et
808 3124 935 3185 Romam
966 3126 1097 3204 perrexit
1127 3126 1357 3203 imperatorque

179 3231 225 3283 est
249 3224 429 3285 declaratus.
474 3226 542 3286 Non
566 3227 661 3287 multo
684 3233 754 3306 post
776 3228 942 3290 infirmatus
965 3228 1021 3289 fuit
1044 3230 1174 3307 graviter
1189 3225 1355 3288 Diocletia-

173 3347 246 3401 nus,
270 3328 307 3389 ad
330 3346 421 3407 quern
444 3330 624 3391 visitandum
646 3333 729 3391 venit
750 3330 959 3404 Maximianus,
982 3333 1112 3393 rusticus
1136 3332 1236 3390 socius
1259 3347 1354 3403 suus3

173 3433 277 3494 dicens
303 3435 345 3501 ei,
380 3434 451 3511 quid
474 3434 548 3494 mibi
571 3433 694 3496 daturus
724 3453 826 3508 esses,
862 3438 941 3496 site
965 3433 1129 3496 sanarem?
1167 3431 1354 3512 Respondit:

173 3536 389 3598 dimidietatem
423 3540 515 3598 totius
547 3538 658 3600 muudi.
705 3538 831 3618 Accepit
864 3546 965 3600 autern
987 3538 1184 3609 Maximianus
1218 3555 1290 3599 eum
1320 3538 1356 3598 in

173 3657 290 3708 curam,
326 3647 357 3699 et
379 3641 452 3702 nibil
483 3641 526 3701 illi
558 3641 646 3703 dabat
678 3645 736 3702 nisi
760 3645 860 3705 cibum
883 3651 913 3704 et
936 3651 1042 3723 potum
1069 3643 1255 3714 rusticalem,
1291 3660 1354 3721 quo

173 3746 242 3801 ante
265 3743 426 3819 imperium
448 3760 521 3804 usus
545 3744 658 3817 tuerat,
683 3748 789 3825 sicque
811 3742 927 3810 sanavit
951 3764 1035 3820 eum,
1060 3745 1280 3828 propterquod
1302 3764 1353 3808 re·

173 3845 254 3920 cepit
276 3860 346 3903 eum
370 3847 401 3904 in
424 3848 609 3908 consortium
632 3850 769 3928 imperii,
802 3851 991 3912 occidentem
1022 3850 1065 3913 illi
1096 3853 1249 3922 tribuens,
1283 3854 1353 3933 ipse

172 3952 273 4005 autem
288 3948 438 4007 orientem
460 3951 636 4027 gubernavit
659 3968 736 4012 anno
752 3954 875 4015 Domini
891 3952 964 4027 286,
988 3963 1019 4017 et
1041 3963 1127 4018 erant
1149 3957 1354 4019 strenuissimi

90 4136 99 4143 ί
171 4049 333 4111 bellatores
358 4059 389 4111 et
412 4055 579 4114 saevissimi
605 4057 740 4116 omnium
756 4057 994 4122 Christianorum
1016 4069 1228 4139 persecutores
1251 4063 1352 4141 omni·
