2902 4710
713 132 831 226 aaa

159 331 307 414 cyclades
331 331 428 394 arlhuc
450 349 562 394 vacuae
585 333 750 395 cultoribus
773 329 1130 405 essent,›Minos,‡Jovls
1147 336 1185 391 et
1198 329 1338 411 Europae

159 436 259 509 lilius,
285 437 478 498 Cretensium
501 454 568 508 rex,
602 447 711 516 potens
734 444 814 499 terra
837 440 990 516 marique,
1013 437 1045 498 in
1069 434 1215 516 Cycladas
1239 435 1339 497 classe

160 541 231 602 ahiit
273 557 387 618 easque
419 540 613 603 Cretensibus
644 543 778 604 colonias
809 540 897 614 lecit,
933 534 964 602 et
993 540 1108 619 aliquas
1130 558 1175 612 ex
1205 541 1250 600 eis
1281 557 1339 607 suc

161 645 286 709 nomine
311 645 442 716 vocavit,
465 641 606 719 Rhodum
629 653 730 706 autern
753 646 885 725 primum
906 646 1031 716 invasit,
1055 657 1133 722 quae
1155 644 1260 722 utique
1282 659 1339 722 op·

158 750 233 811 tima
261 754 292 809 et
322 748 496 818 sanissima,
526 749 557 808 in
587 766 646 826 qua
676 749 919 827 metropolitana.
939 749 1044 810 civitas
1067 747 1148 810 dicta
1170 747 1285 819 Coton,
1322 765 1340 810 a

125 889 131 899 -
161 851 288 915 Colosso
311 852 422 930 insigni
443 851 542 942 idolo,
559 858 590 913 ct
605 854 686 914 cives
709 852 790 913 urhis
807 852 993 914 colocenses
1003 857 1081 915 „sunt
1103 850 1186 923 dicti,
1208 849 1246 913 ad
1261 867 1339 930 quos

163 957 195 1018 S.
218 956 329 1017 Paulus
352 955 509 1047 apostolus
542 956 742 1034 personaliter
764 973 824 1016 non
847 957 986 1027 accessit,
1009 961 1043 1016 ut
1065 953 1138 1016 dicit
1156 943 1339 1034 leronymus

158 1062 191 1123 in
224 1060 353 1139 Prologo
388 1059 479 1132 Colo,
511 1058 567 1121 sed
590 1062 634 1121 eis
651 1058 851 1139 -Archippum
879 1061 961 1120 misit
993 1063 1024 1119 et
1047 1057 1250 1120 dulcissimam
1274 1059 1338 1139 epi-

160 1168 269 1229 stolam
293 1172 422 1243 quatuor
445 1165 646 1244 capitulorum
669 1183 724 1245 per
739 1181 846 1226 manus
862 1162 988 1242 Tychiei
1010 1168 1042 1224 et
1057 1161 1194 1224 Onesimi
1208 1162 1340 1242 acolythi

160 1272 252 1332 misit.
297 1267 366 1352 lpse
397 1274 478 1330 enim
512 1269 683 1347 apostolus.
698 1259 770 1331 tunc
802 1270 834 1329 in
856 1247 983 1331 uinculis
1014 1267 1181 1328 tenebatur
1198 1265 1271 1328 dnm
1294 1267 1339 1327 eis

160 1375 299 1454 scripsit,
323 1379 357 1433 ut
378 1379 461 1452 patet
483 1374 514 1432 in
536 1365 595 1434 line
619 1369 776 1452 epistolae.
807 1371 935 1434 Videtur
955 1371 1045 1443 mihi,
1069 1369 1152 1449 qnod
1173 1371 1254 1432 inter
1272 1388 1339 1432 om·

160 1495 215 1541 nes
238 1476 323 1539 Pauli
356 1477 499 1555 epistolas
523 1476 752 1540 Colossensium
784 1478 824 1538 sit
856 1478 951 1557 magis
982 1473 1148 1536 alieetnosa
1186 1480 1219 1535 et
1243 1473 1339 1535 inlor·

161 1572 272 1643 matina
304 1587 335 1640 et
357 1580 445 1658 plana
468 1578 504 1641 ad
528 1598 635 1641 omnes
664 1587 694 1642 et
725 1579 917 1658 singulariter
946 1577 1126 1651 amicabilis,
1149 1584 1184 1654 pt
1201 1578 1237 1639 in
1259 1576 1339 1639 salu·

163 1683 327 1748 tationihns
349 1685 454 1745 activis
479 1690 510 1744 et
532 1677 659 1764 passivis
676 1689 769 1762 patet
775 1683 906 1762 capitulo
920 1683 1035 1743 ultimo.
1061 1679 1227 1743 Plurimum
1249 1680 1342 1742 etiaiu

163 1786 354 1850 commendat
375 1786 476 1848 sidem
490 1805 596 1848 eornm
617 1789 648 1856 in
671 1789 768 1866 primo
796 1786 903 1866 capite.

250 1890 360 1952 Civitas
375 1890 427 1950 illa
442 1889 629 1952 Rhodiorum
651 1897 700 1953 est
722 1892 945 1969 antiquissima,
969 1890 999 1950 in
1024 1906 1083 1968 qua
1098 1887 1250 1969 quondam
1272 1841 1340 1970 phi·

163 1994 321 2081 losophiae
352 1993 516 2056 llorebant
528 1993 642 2076 studia,
676 2012 713 2056 eo
736 1994 853 2056 scilicet
882 2002 1038 2074 tempore,
1072 2011 1133 2072 quo
1154 1991 1342 2059 Atheniense

161 2102 257 2180 viguit
280 2097 423 2160 studium.
468 2096 594 2177 Legitur
616 2101 715 2171 enim,
748 2097 829 2177 quod
850 2096 1022 2178 Aristippus
1045 2097 1260 2178 philosophus,
1283 2092 1341 2155 So·
1397 2175 1399 2181 .

162 2205 252 2265 cratis
268 2202 448 2282 discipulus,
473 2201 661 2281 naufragium
678 2204 806 2263 inmari
826 2217 934 2281 passus
957 2201 994 2262 ad
1013 2200 1230 2263 Rhodiensium
1256 2199 1341 2260 littus

64 2374 68 2379 ,
167 2308 224 2371 luit
247 2306 380 2386 ejectus,
404 2314 435 2368 et
457 2306 555 2369 nudus
580 2309 732 2369 civitatem
754 2309 909 2385 ingressus
927 2307 1116 2385 gymnasium
1138 2305 1268 2374 intravit,
1290 2302 1343 2364 uhi

162 2432 232 2475 cnm
255 2412 383 2492 plurima
407 2409 445 2472 de
468 2411 660 2498 philosophia
682 2410 865 2493 disputaret,
889 2413 1004 2491 magnis
1027 2409 1202 2471 muneribus
1224 2407 1281 2470 luit
1296 2405 1341 2468 ‹ti-

161 2525 260 2590 tatus,
284 2516 364 2579 unde
387 2516 561 2578 hortabatur
584 2516 754 2596 discipulos·
771 2515 847 2579 tales
870 2532 1035 2595 aggregare
1058 2513 1197 2584 (licitiae,
1222 2498 1300 2591 qnae
1324 2527 1342 2571 e

161 2621 318 2700 naufragio
341 2637 400 2681 una
423 2626 550 2697 possent
572 2628 703 2702 enatare.

248 2725 302 2784 Est
325 2728 427 2783 autem
456 2721 534 2783 haec
566 2724 670 2786 civ-itas
700 2739 759 2784 una
788 2738 824 2783 ex
846 2727 932 2800 parte
955 2721 1030 2782 mari
1051 2717 1150 2801 (loa
1166 2714 1210 2798 a)
1244 2720 1343 2782 cincta

163 2827 294 2892 elireto
317 2827 574 2905 impetuosissimo
602 2824 707 2902 juncta
729 2831 761 2886 et
782 2823 952 2905 prolundo,
986 2825 1055 2886 altis
1083 2841 1156 2886 vero
1188 2822 1342 2884 montihus

162 2936 199 3006 ah
222 2935 288 2995 aliis
311 2934 445 3012 partibus
468 2930 779 3001 est.eircumamicta;
803 2947 882 2990 unns
905 2947 992 2990 mons
1016 2929 1094 2991 altus
1117 2928 1227 2998 (licitur
1246 2926 1341 3007 hrain

163 3039 255 3110 muti,
280 3035 360 3117 quod
383 3035 496 3115 dictum
519 3042 633 3097 tactum
655 3032 751 3095 luisse
775 3035 811 3096 ah
827 3051 897 3094 area
912 3033 1006 3106 Noae,
1029 3033 1135 3094 neseio
1157 3049 1175 3093 a
1198 3049 1259 3110 qno
1283 3030 1342 3092 hoc

162 3125 306 3215 habeant,
339 3142 397 3203 nisi
420 3139 497 3202 lorte
520 3139 679 3218 exaliqua
703 3140 835 3201 carmine
859 3138 989 3218 politico,
1014 3153 1091 3216 qnae
1115 3134 1206 3197 etde
1229 3131 1342 3196 diluvio

162 3247 247 3309 Noae
282 3252 312 3307 et
342 3244 382 3306 (le
411 3243 516 3323 insulis
547 3244 642 3304 multa
664 3244 849 3305 cecinerunt.
895 3241 979 3304 Alius
1008 3258 1107 3302 mons
1130 3238 1241 3300 dicitur
1270 3235 1341 3298 Phi·

162 3349 260 3422 lermi‚
284 3353 315 3410 in
339 3367 398 3429 quo
421 3350 528 3411 heatae
544 3346 676 3426 Virginis
700 3349 864 3410 oratorium
888 3346 1031 3409 devotum
1054 3344 1163 3406 existit.
1201 3341 1264 3404 Per
1282 3343 1342 3404 cir·

164 3456 279 3516 auitum
301 3460 402 3514 autem
425 3453 523 3525 urhis,
561 3453 592 3512 in
627 3453 707 3519 locis
736 3452 788 3514 uhi
810 3469 892 3514 mare
915 3468 1019 3511 muros
1042 3467 1102 3509 non
1124 3449 1233 3526 tangit,
1270 3452 1345 3507 sunt

163 3556 246 3618 horti
279 3563 312 3618 et
330 3555 480 3620 viridaria
511 3563 542 3618 et
576 3557 747 3636 pomoeria,
781 3573 859 3634 quae
888 3556 1050 3633 irrigantur
1079 3568 1116 3668 er
1139 3550 1278 3664 cisternis
1300 3550 1343 3612 ihi

166 3660 269 3723 lossis.

251 3763 376 3825 Porro
367 3782 434 3844 rpsa
456 3765 534 3850 urhs¹
550 3762 625 3826 adeo
649 3769 696 3826 est
721 3765 852 3836 munita,
887 3770 920 3825 ut
941 3760 1080 3827 videatur
1103 3778 1172 3823 esse
1194 3762 1342 3840 inexpug-

48 3903 51 3909 ,
165 3867 288 3941 nabilis,
318 3886 388 3930 nam
411 3867 523 3931 fossata
546 3887 602 3947 per
624 3888 749 3949 gyrum,
780 3868 832 3930 uhi
854 3886 914 3929 non
938 3867 1024 3929 adest
1045 3877 1146 3938 mare,¹
1179 3871 1250 3927 sunt
1271 3883 1344 3945 pro·

164 3972 273 4045 lunda,
301 3990 356 4052 per
378 3979 555 4053 praeruptas
578 3978 680 4065 petras
702 3971 844 4043 inscissa,
868 3977 899 4032 at
921 3973 987 4052 ipse
1012 3971 1140 4032 civitatis
1164 3988 1267 4031 murus
1291 3988 1343 4031 su·

165 4079 338 4158 perpositus
370 4079 503 4160 seopulis
537 4083 568 4137 et
598 4074 721 4154 rupibus
752 4081 801 4136 est
823 4072 900 4135 adeo
923 4077 1041 4155 spissus
1074 4080 1105 4136 et
1139 4076 1216 4136 altus
1249 4073 1344 4136 etde

165 4182 338 4262 ingentibus
360 4183 440 4246 saris
457 4181 654 4264 compositus,
677 4177 759 4262 quod
779 4180 947 4260 inspiciens
970 4177 1101 4252 dubitat,
1124 4194 1164 4241 au
1184 4177 1345 4241 hominurn
