2902 4710
718 143 785 215 ddd

166 328 267 389 libris:
300 327 367 406 ipse
391 327 471 387 enim
493 325 645 386 Romanos
667 323 835 385 humiliavit
858 325 889 383 in
911 324 1044 393 tantum,
1078 327 1112 383 ut
1134 318 1209 383 deos
1232 339 1347 384 oonsu-

167 431 280 500 lerent,
314 429 385 508 quid
409 431 454 490 eis
483 428 654 490 laciendum
676 428 772 499 foret,
805 433 840 487 ut
862 444 933 488 eum
962 432 1044 487 extra
1065 429 1213 487 terminos
1237 444 1348 487 eorum

155 520 212 595 ‘ire
243 531 393 604 iacerent,
428 538 459 593 et
487 536 611 611 accepto
640 549 804 611 responso,
838 533 864 592 si
887 537 983 597 mater
1015 530 1141 590 deorum
1163 527 1348 606 Pessinunte

168 637 296 699 Romam
320 633 448 696 adducta
471 634 575 708 luerit,
605 634 803 697 Hannibalem
824 651 947 695 manere
982 652 1041 693 non
1075 651 1166 712 posse
1196 635 1350 695 miserunt

168 758 240 819 ergo
264 737 390 800 Romani
413 739 542 800 classem
568 741 598 799 in
621 738 782 818 Phrygiam
804 736 894 799 Asiae
925 736 962 798 ad
994 736 1099 798 silvam
1122 735 1224 799 ideam
1248 755 1349 823 prqpe

169 842 307 920 Trojam,
336 844 368 903 in
399 860 458 921 qua
490 844 586 903 stabat
608 841 729 921 grandis
754 848 853 902 statua
876 839 1008 919 lapidea,
1039 840 1350 903 foeminaeiormam

168 947 299 1018 babens,
322 962 399 1024 quae
422 944 577 1007 dicebatur
599 952 695 1007 mater
718 945 860 1016 deorum,
884 951 914 1005 et
937 961 1005 1004 earn
1026 945 1160 1006 tulerunt
1185 963 1239 1024 per
1262 964 1349 1009 mare

168 1054 310 1124 Romam,
344 1057 375 1112 et
397 1053 441 1114 sic
463 1050 608 1113 Hannibal
636 1053 792 1113 abscessit.
838 1051 887 1110 De.
906 1051 965 1117 hoo
995 1047 1062 1111 vide
1092 1043 1183 1127 snpr’a
1205 1047 1267 1108 sot.
1290 1044 1357 1138 80.θ

168 1157 214 1218 De
237 1157 296 1218 hoc
315 1154 481 1217 Hannibale
502 1153 626 1222 dicitur.
650 1154 732 1233 quod
754 1171 918 1234 numquam
941 1156 1007 1216 sine
1028 1154 1115 1217 bellis
1139 1153 1250 1215 cubans
1273 1172 1349 1215 coe·

168 1264 299 1333 nexerit,
331 1259 411 1321 unde
443 1259 572 1338 quadam
596 1261 662 1321 vice
684 1262 716 1321 in
738 1259 901 1339 Campania
931 1267 975 1322 tot
998 1261 1150 1325 Romanos
1173 1260 1350 1337 prostravit,

168 1372 202 1428 ut
224 1372 286 1426 tres
309 1364 488 1426 annulorum
511 1381 673 1425 aureomm
696 1364 829 1436 modios,
855 1382 931 1443 quos
955 1365 1193 1425 ellomanorum
1216 1362 1350 1423 militum

103 1535 109 1554 ι
169 1469 305 1530 manibus
327 1474 509 1538 extraxerat,
546 1467 755 1546 Carthaginem
778 1469 921 1529 mitteret.
967 1468 1087 1529 Dicitur
1119 1465 1209 1526 etiam
1233 1463 1271 1524 de
1294 1481 1346 1535 eo,

168 1570 250 1652 quod
271 1589 437 1650 numquam
458 1572 537 1632 inter
558 1573 731 1633 innumeras
748 1573 880 1650 captivas
895 1574 990 1632 mirae
1013 1568 1243 1649 pulchritudinis
1259 1568 1350 1647 puel·

168 1676 228 1758 las·
245 1676 414 1736 castitatem
445 1674 612 1753 perdiderit
644 1681 676 1734 et
698 1674 778 1753 quod
811 1686 976 1755 numquam
1007 1674 1124 1736 insidiis
1147 1690 1271 1734 suorum
1295 1679 1350 1734 aut

170 1782 262 1843 etiam
284 1780 475 1840 inimicorum
490 1777 627 1857 proditus
646 1776 746 1840 fuerit.
778 1777 924 1851 Tandem,
948 1798 1016 1840 oum
1031 1777 1147 1839 videret
1161 1794 1195 1837 se
1219 1777 1344 1856 eapien-

170 1882 242 1945 dum
273 1881 472 1954 aliomanis,
499 1887 618 1960 gustato
641 1899 757 1943 veneno
782 1884 911 1942 animam
942 1884 1055 1962 expulit
1089 1888 1119 1941 et
1141 1880 1351 1942 Romanorum

110 2039 113 2045 .
171 2003 205 2047 se
227 1986 355 2048 vinculis
385 1991 481 2047 morte
512 1984 664 2056 liberarit,
697 1983 785 2062 cujus
816 1992 916 2046 tamen
949 1993 1096 2066 perpetua
1122 1986 1269 2045 memoria
1300 1991 1353 2045 est

174 2091 302 2151 maxime
326 2096 451 2168 proptor
463 2087 585 2177 Alpium
601 2090 842 2177 penetrationem
858 2093 1001 2175 primam,
1025 2108 1100 2168 quas
1116 2106 1185 2177 cum
1201 2072 1263 2175 uno
1278 2089 1352 2152 loco

171 2195 362 2274 aperuisset,
382 2196 495 2254 caeteri
517 2195 547 2253 in
572 2193 638 2253 aliis
659 2193 735 2253 locis
758 2199 993 2272 penetraverunt
1028 2200 1058 2255 et
1080 2196 1142 2254 vias
1174 2210 1231 2271 per
1253 2210 1352 2272 rupes

170 2299 317 2379 fecerunt.
363 2296 423 2358 Sed
447 2298 524 2358 inter
556 2314 663 2357 omues
694 2314 768 2358 aevo
797 2303 901 2359 nostro
925 2296 1068 2358 archidux
1089 2294 1229 2357 Austriae
1253 2295 1352 2374 Sigis-

171 2401 300 2464 mundus
330 2419 433 2462 veram
448 2453 452 2459 .
466 2408 561 2463 artem
593 2402 706 2480 reperit
729 2400 848 2479 pervios
871 2401 1001 2462 faciendi
1023 2408 1141 2462 montes
1164 2418 1225 2461 non
1244 2401 1351 2462 solum

170 2507 341 2596 hominibus
365 2513 395 2566 et
418 2507 521 2584 equis,
545 2504 599 2567 sed
623 2506 760 2566 curribus
784 2507 929 2566 onerariis
953 2507 1016 2567 viss
1032 2505 1105 2566 lecit.
1119 2522 1172 2583 per
1195 2504 1347 2583 abruptis-

171 2613 262 2671 simas
286 2616 401 2688 petras,
423 2611 507 2687 igne,
530 2608 689 2688 sulphure,
713 2609 793 2669 terro
818 2608 972 2681 dividens,
996 2607 1153 2681 scindens,
1186 2625 1352 2670 removens

171 2716 312 2793 ingentes
336 2713 432 2774 moles
455 2715 486 2773 in
510 2713 644 2791 pluribus
658 2710 779 2790 Alpium
802 2711 897 2784 locis,
921 2730 1034 2791 easque
1057 2715 1099 2774 ita
1123 2714 1243 2791 pervias
1266 2710 1353 2783 lecit,

170 2826 206 2880 ut
227 2818 278 2878 ubi
301 2824 370 2879 ante
393 2825 520 2895 quatuor
543 2834 637 2878 annos
660 2818 708 2877 xix
730 2797 809 2877 oum
823 2815 983 2878 formidine
999 2817 1090 2878 homo
1106 2818 1234 2878 transire
1257 2815 1352 2877 audc-

172 2923 238 2994 bat,
258 2921 322 2998 jam
347 2921 492 2983 vehiculis
516 2926 546 2982 et
563 2922 699 2983 curribus
715 2922 847 2982 oneratis
864 2923 929 2982 sine
953 2923 1035 2982 omni
1057 2922 1193 3000 periculo
1216 2924 1255 2982 sit
1270 2927 1353 2982 tran.

173 3027 259 3088 situs.
305 3024 350 3085 De
375 3041 433 3102 quo
458 3027 549 3085 eliam
572 3023 631 3084 dixi
653 3022 694 3088 1³,
713 3022 741 3086 1.
764 3024 828 3084 Ful.
854 3020 905 3086 27.

260 3127 316 3186 Die
333 3125 451 3187 decima
465 3128 562 3206 prima
578 3133 647 3186 ante
663 3126 762 3186 lucem
778 3129 879 3189 cibum
895 3130 1076 3199 sumsimus,
1100 3130 1142 3198 ut,
1159 3127 1229 3204 quia
1242 3127 1353 3189 breves

174 3231 238 3293 dies
261 3224 361 3302 erant,
386 3249 482 3310 usque
506 3230 543 3291 ad
565 3248 708 3309 vesperas
732 3233 797 3292 sine
820 3250 914 3313 pausa
936 3234 993 3293 iter
1010 3231 1202 3301 laceremus,
1228 3236 1259 3291 et
1283 3230 1353 3292 cibo

174 3343 274 3398 sumto
297 3353 314 3397 a
338 3335 469 3398 Gauiano
504 3337 687 3398 recessimus
719 3343 749 3397 et
772 3338 959 3416 pervellem
982 3337 1174 3397 tenebrosam
1196 3352 1233 3395 ac
1255 3352 1353 3415 angu-

173 3447 267 3514 stam,
283 3439 452 3503 ‘altissimis
473 3439 600 3520 Alpibus
623 3442 813 3512 conclusam,
835 3439 929 3520 Alpes
952 3442 1082 3519 ingressi
1116 3456 1221 3500 snmus
1250 3445 1282 3499 et
1305 3457 1354 3500 as·

175 3562 268 3606 censu
299 3545 383 3606 vallis
413 3547 587 3606 continuato
617 3561 673 3623 per
701 3546 780 3605 viam
811 3527 976 3622 glaciosum
1005 3545 1035 3603 in
1068 3542 1212 3623 oppidum
1236 3540 1355 3603 dictum

175 3647 334 3709 Seravallis
356 3644 503 3710 venimus.
548 3648 593 3709 Ab
617 3647 727 3709 ellectu
752 3653 853 3709 autem
877 3648 935 3708 hoo
959 3645 1104 3724 oppidum
1126 3662 1237 3706 nomen
1263 3662 1356 3706 acce·

175 3754 235 3831 pit,
260 3754 329 3831 quia
352 3753 463 3815 claudit
485 3755 604 3841 vallem,
629 3759 660 3814 et
674 3771 734 3813 non
757 3758 805 3813 est
820 3751 963 3829 possibile
981 3750 1132 3812 declinare
1157 3749 1193 3811 ad
1217 3748 1356 3811 dextram

175 3862 227 3917 aut
250 3856 287 3917 ad
310 3859 475 3930 sinistram,
499 3861 557 3919 nisi
581 3877 635 3937 per
656 3864 775 3936 portam
802 3856 924 3936 oppidi,
948 3854 1030 3935 quod
1046 3856 1196 3915 munitum
1220 3859 1268 3914 est
1291 3853 1355 3915 for·

176 3961 278 4023 taliliis
300 3967 331 4021 et
354 3964 466 4032 muris,
490 3969 523 4022 ut
545 3963 585 4021 sit
607 3978 675 4021 sera
696 3959 790 4023 vallis.
836 3959 902 4021 lloc
926 3959 1070 4038 oppidum
1093 3960 1232 4038 vulgares
1256 3961 1357 4020 nostri

176 4069 332 4132 nominant
355 4063 488 4147 Sperval.
519 4063 701 4125 Pertransito
725 4063 837 4143 oppido
851 4065 961 4126 vallem
977 4071 1202 4141 consequenter
1224 4061 1357 4124 adscen-

175 4172 293 4246 dimua,
317 4173 348 4237 in
370 4187 430 4256 qua
451 4169 563 4232 multae
579 4167 665 4233 villae
689 4176 720 4232 et
742 4169 941 4232 habitationes
964 4173 1049 4241 suut,
1073 4166 1273 4247 quiatertilis
1298 4175 1358 4242 est,
