<?xml version="1.0" encoding="UTF-8"?>
<!DOCTYPE html PUBLIC "-//W3C//DTD XHTML 1.0 Transitional//EN"
    "http://www.w3.org/TR/xhtml1/DTD/xhtml1-transitional.dtd">
<html xmlns="http://www.w3.org/1999/xhtml" xml:lang="en" lang="en">
 <head>
  <title>
</title>
<meta http-equiv="Content-Type" content="text/html;charset=utf-8" />
  <meta name='ocr-system' content='tesseract 3.04.00' />
  <meta name='ocr-capabilities' content='ocr_page ocr_carea ocr_par ocr_line ocrx_word'/>
</head>
<body>
  <div class='ocr_page' id='page_1' title='image "./fratrisfelicisf00fabrgoog_0230.png"; bbox 0 0 2874 4770; ppageno 0'>
   <div class='ocr_carea' id='block_1_1' title="bbox 684 224 750 293">
    <p class='ocr_par' dir='ltr' id='par_1_1' title="bbox 684 224 750 293">
     <span class='ocr_line' id='line_1_1' title="bbox 684 224 750 293; baseline 0.015 -1"><span class='ocrx_word' id='word_1_1' title='bbox 684 224 750 293; x_wconf 78' lang='grc'>227</span> 
     </span>
    </p>
   </div>
   <div class='ocr_carea' id='block_1_2' title="bbox 122 398 1306 1719">
    <p class='ocr_par' dir='ltr' id='par_1_2' title="bbox 122 398 1306 1719">
     <span class='ocr_line' id='line_1_2' title="bbox 126 398 1302 480; baseline -0.003 -18"><span class='ocrx_word' id='word_1_2' title='bbox 126 399 257 463; x_wconf 85' lang='lat' dir='ltr'>classem</span> <span class='ocrx_word' id='word_1_3' title='bbox 279 402 360 464; x_wconf 86' lang='lat' dir='ltr'><strong>misit</strong></span> <span class='ocrx_word' id='word_1_4' title='bbox 390 407 422 463; x_wconf 90' lang='lat' dir='ltr'>et</span> <span class='ocrx_word' id='word_1_5' title='bbox 442 400 525 464; x_wconf 87' lang='lat' dir='ltr'>velut</span> <span class='ocrx_word' id='word_1_6' title='bbox 553 400 675 463; x_wconf 92' lang='lat' dir='ltr'>horrida</span> <span class='ocrx_word' id='word_1_7' title='bbox 690 405 855 480; x_wconf 78' lang='lat' dir='ltr'>tempestas</span> <span class='ocrx_word' id='word_1_8' title='bbox 871 405 979 461; x_wconf 88' lang='lat' dir='ltr'>cuncta</span> <span class='ocrx_word' id='word_1_9' title='bbox 996 398 1131 479; x_wconf 83' lang='lat' dir='ltr'>diripuit,</span> <span class='ocrx_word' id='word_1_10' title='bbox 1155 399 1302 461; x_wconf 90' lang='lat' dir='ltr'>ecclesias</span> 
     </span>
     <span class='ocr_line' id='line_1_3' title="bbox 129 502 1303 585; baseline -0.003 -19"><span class='ocrx_word' id='word_1_11' title='bbox 129 503 240 567; x_wconf 78' lang='lat' dir='ltr'>Christi</span> <span class='ocrx_word' id='word_1_12' title='bbox 260 503 395 567; x_wconf 80' lang='lat' dir='ltr'>incendit</span> <span class='ocrx_word' id='word_1_13' title='bbox 425 520 591 585; x_wconf 81' lang='lat' dir='ltr'>regemque</span> <span class='ocrx_word' id='word_1_14' title='bbox 628 510 659 565; x_wconf 92' lang='lat' dir='ltr'>et</span> <span class='ocrx_word' id='word_1_15' title='bbox 682 523 806 565; x_wconf 93' lang='lat' dir='ltr'>omnem</span> <span class='ocrx_word' id='word_1_16' title='bbox 830 503 977 583; x_wconf 91' lang='lat' dir='ltr'>populum</span> <span class='ocrx_word' id='word_1_17' title='bbox 1000 505 1151 582; x_wconf 92' lang='lat' dir='ltr'>captivum</span> <span class='ocrx_word' id='word_1_18' title='bbox 1175 502 1303 571; x_wconf 90' lang='lat' dir='ltr'>abduxit,</span> 
     </span>
     <span class='ocr_line' id='line_1_4' title="bbox 127 605 1303 688; baseline -0.003 -19"><span class='ocrx_word' id='word_1_19' title='bbox 127 605 251 669; x_wconf 89' lang='lat' dir='ltr'>demum</span> <span class='ocrx_word' id='word_1_20' title='bbox 273 611 377 670; x_wconf 91' lang='lat' dir='ltr'>tamen</span> <span class='ocrx_word' id='word_1_21' title='bbox 397 626 503 688; x_wconf 84' lang='lat' dir='ltr'>regem</span> <span class='ocrx_word' id='word_1_22' title='bbox 527 609 662 680; x_wconf 84' lang='lat' dir='ltr'>remisit,</span> <span class='ocrx_word' id='word_1_23' title='bbox 687 625 816 686; x_wconf 93' lang='lat' dir='ltr'>eumque</span> <span class='ocrx_word' id='word_1_24' title='bbox 834 613 864 668; x_wconf 90' lang='lat' dir='ltr'>et</span> <span class='ocrx_word' id='word_1_25' title='bbox 878 625 1005 685; x_wconf 83' lang='lat' dir='ltr'>regnum</span> <span class='ocrx_word' id='word_1_26' title='bbox 1021 607 1140 667; x_wconf 89' lang='lat' dir='ltr'>tributis</span> <span class='ocrx_word' id='word_1_27' title='bbox 1163 605 1303 684; x_wconf 86' lang='lat' dir='ltr'>subjecit.</span> 
     </span>
     <span class='ocr_line' id='line_1_5' title="bbox 214 707 1304 799; baseline -0.006 -25"><span class='ocrx_word' id='word_1_28' title='bbox 214 710 335 799; x_wconf 85' lang='lat' dir='ltr'>Mortuo</span> <span class='ocrx_word' id='word_1_29' title='bbox 358 711 434 772; x_wconf 82' lang='lat' dir='ltr'>lano</span> <span class='ocrx_word' id='word_1_30' title='bbox 456 711 536 772; x_wconf 86' lang='lat' dir='ltr'>lilius</span> <span class='ocrx_word' id='word_1_31' title='bbox 560 709 626 788; x_wconf 89' lang='lat' dir='ltr'>ejus</span> <span class='ocrx_word' id='word_1_32' title='bbox 645 709 797 771; x_wconf 81' lang='lat' dir='ltr'>lohannes</span> <span class='ocrx_word' id='word_1_33' title='bbox 821 713 972 789; x_wconf 83' lang='lat' dir='ltr'>regnavit,</span> <span class='ocrx_word' id='word_1_34' title='bbox 994 711 1040 772; x_wconf 86' lang='lat' dir='ltr'>rir</span> <span class='ocrx_word' id='word_1_35' title='bbox 1061 716 1143 770; x_wconf 90' lang='lat' dir='ltr'>totus</span> <span class='ocrx_word' id='word_1_36' title='bbox 1167 707 1304 769; x_wconf 80' lang='lat' dir='ltr'>effoemi-</span> 
     </span>
     <span class='ocr_line' id='line_1_6' title="bbox 127 806 1305 889; baseline -0.008 -10"><span class='ocrx_word' id='word_1_37' title='bbox 127 820 233 889; x_wconf 83' lang='lat' dir='ltr'>natus,</span> <span class='ocrx_word' id='word_1_38' title='bbox 256 806 338 877; x_wconf 89' lang='lat' dir='ltr'>inter</span> <span class='ocrx_word' id='word_1_39' title='bbox 358 814 552 877; x_wconf 83' lang='lat' dir='ltr'>mulierculas</span> <span class='ocrx_word' id='word_1_40' title='bbox 575 815 718 886; x_wconf 91' lang='lat' dir='ltr'>nutritus,</span> <span class='ocrx_word' id='word_1_41' title='bbox 749 816 797 876; x_wconf 94' lang='lat' dir='ltr'>cui</span> <span class='ocrx_word' id='word_1_42' title='bbox 823 814 932 875; x_wconf 90' lang='lat' dir='ltr'>tradita</span> <span class='ocrx_word' id='word_1_43' title='bbox 963 812 1020 874; x_wconf 83' lang='lat' dir='ltr'>luit</span> <span class='ocrx_word' id='word_1_44' title='bbox 1046 815 1077 874; x_wconf 92' lang='lat' dir='ltr'>in</span> <span class='ocrx_word' id='word_1_45' title='bbox 1100 829 1222 874; x_wconf 90' lang='lat' dir='ltr'>uxorem</span> <span class='ocrx_word' id='word_1_46' title='bbox 1245 811 1305 871; x_wconf 89' lang='lat' dir='ltr'>lilia</span> 
     </span>
     <span class='ocr_line' id='line_1_7' title="bbox 128 915 1304 998; baseline -0.008 -15"><span class='ocrx_word' id='word_1_47' title='bbox 128 920 247 983; x_wconf 86' lang='lat' dir='ltr'>comitis</span> <span class='ocrx_word' id='word_1_48' title='bbox 268 917 501 991; x_wconf 86' lang='lat' dir='ltr'>Montisierrati,</span> <span class='ocrx_word' id='word_1_49' title='bbox 526 936 603 998; x_wconf 88' lang='lat' dir='ltr'>quae</span> <span class='ocrx_word' id='word_1_50' title='bbox 619 920 723 998; x_wconf 82' lang='lat' dir='ltr'>paucis</span> <span class='ocrx_word' id='word_1_51' title='bbox 738 919 842 980; x_wconf 81' lang='lat' dir='ltr'>uirens</span> <span class='ocrx_word' id='word_1_52' title='bbox 859 916 981 988; x_wconf 90' lang='lat' dir='ltr'>diebus,</span> <span class='ocrx_word' id='word_1_53' title='bbox 1005 923 1038 977; x_wconf 94' lang='lat' dir='ltr'>ut</span> <span class='ocrx_word' id='word_1_54' title='bbox 1052 915 1163 988; x_wconf 89' lang='lat' dir='ltr'>fertur,</span> <span class='ocrx_word' id='word_1_55' title='bbox 1186 915 1304 994; x_wconf 90' lang='lat' dir='ltr'>abipso</span> 
     </span>
     <span class='ocr_line' id='line_1_8' title="bbox 128 1019 1305 1102; baseline -0.007 -16"><span class='ocrx_word' id='word_1_56' title='bbox 128 1041 202 1102; x_wconf 85' lang='lat' dir='ltr'>rege</span> <span class='ocrx_word' id='word_1_57' title='bbox 225 1039 344 1086; x_wconf 85' lang='lat' dir='ltr'>veneno</span> <span class='ocrx_word' id='word_1_58' title='bbox 368 1024 516 1084; x_wconf 89' lang='lat' dir='ltr'>exstincta</span> <span class='ocrx_word' id='word_1_59' title='bbox 538 1027 595 1082; x_wconf 87' lang='lat' dir='ltr'>est.</span> <span class='ocrx_word' id='word_1_60' title='bbox 640 1020 713 1082; x_wconf 87' lang='lat' dir='ltr'>Post</span> <span class='ocrx_word' id='word_1_61' title='bbox 735 1021 812 1081; x_wconf 86' lang='lat' dir='ltr'>hano</span> <span class='ocrx_word' id='word_1_62' title='bbox 836 1020 919 1081; x_wconf 89' lang='lat' dir='ltr'>duxit</span> <span class='ocrx_word' id='word_1_63' title='bbox 941 1020 1046 1092; x_wconf 91' lang='lat' dir='ltr'>aliam,</span> <span class='ocrx_word' id='word_1_64' title='bbox 1070 1019 1228 1091; x_wconf 86' lang='lat' dir='ltr'>Helenam,</span> <span class='ocrx_word' id='word_1_65' title='bbox 1252 1036 1305 1079; x_wconf 90' lang='lat' dir='ltr'>cu-</span> 
     </span>
     <span class='ocr_line' id='line_1_9' title="bbox 122 1122 1306 1205; baseline -0.005 -17"><span class='ocrx_word' id='word_1_66' title='bbox 122 1125 246 1205; x_wconf 85' lang='lat' dir='ltr'>jusdam</span> <span class='ocrx_word' id='word_1_67' title='bbox 269 1125 377 1188; x_wconf 86' lang='lat' dir='ltr'>Graeci</span> <span class='ocrx_word' id='word_1_68' title='bbox 399 1126 507 1198; x_wconf 86' lang='lat' dir='ltr'>liliam,</span> <span class='ocrx_word' id='word_1_69' title='bbox 531 1144 601 1187; x_wconf 87' lang='lat' dir='ltr'>oum</span> <span class='ocrx_word' id='word_1_70' title='bbox 625 1142 684 1203; x_wconf 90' lang='lat' dir='ltr'>qua</span> <span class='ocrx_word' id='word_1_71' title='bbox 706 1124 808 1185; x_wconf 89' lang='lat' dir='ltr'>habuit</span> <span class='ocrx_word' id='word_1_72' title='bbox 831 1123 921 1184; x_wconf 89' lang='lat' dir='ltr'>tiliam</span> <span class='ocrx_word' id='word_1_73' title='bbox 937 1122 1111 1184; x_wconf 86' lang='lat' dir='ltr'>Carlottam.</span> <span class='ocrx_word' id='word_1_74' title='bbox 1140 1122 1252 1183; x_wconf 85' lang='lat' dir='ltr'>Habuit</span> <span class='ocrx_word' id='word_1_75' title='bbox 1274 1127 1306 1182; x_wconf 88' lang='lat' dir='ltr'>et</span> 
     </span>
     <span class='ocr_line' id='line_1_10' title="bbox 128 1212 1251 1307; baseline -0.004 -16"><span class='ocrx_word' id='word_1_76' title='bbox 128 1227 225 1298; x_wconf 79' lang='lat' dir='ltr'>fllium</span> <span class='ocrx_word' id='word_1_77' title='bbox 247 1246 317 1290; x_wconf 90' lang='lat' dir='ltr'>curn</span> <span class='ocrx_word' id='word_1_78' title='bbox 340 1227 469 1307; x_wconf 92' lang='lat' dir='ltr'>quadam</span> <span class='ocrx_word' id='word_1_79' title='bbox 492 1227 549 1288; x_wconf 89' lang='lat' dir='ltr'>alia</span> <span class='ocrx_word' id='word_1_80' title='bbox 571 1235 654 1290; x_wconf 90' lang='lat' dir='ltr'>extra</span> <span class='ocrx_word' id='word_1_81' title='bbox 676 1229 910 1288; x_wconf 88' lang='lat' dir='ltr'>matrimonium.</span> <span class='ocrx_word' id='word_1_82' title='bbox 1246 1212 1251 1221; x_wconf 75' lang='grc'><strong>’</strong></span> 
     </span>
     <span class='ocr_line' id='line_1_11' title="bbox 213 1326 1303 1411; baseline -0.003 -20"><span class='ocrx_word' id='word_1_83' title='bbox 213 1330 307 1393; x_wconf 90' lang='lat' dir='ltr'>Porro</span> <span class='ocrx_word' id='word_1_84' title='bbox 325 1329 440 1392; x_wconf 89' lang='lat' dir='ltr'>Helena</span> <span class='ocrx_word' id='word_1_85' title='bbox 464 1331 567 1409; x_wconf 86' lang='lat' dir='ltr'>regina</span> <span class='ocrx_word' id='word_1_86' title='bbox 591 1326 662 1411; x_wconf 80' lang='lat' dir='ltr'>(b),</span> <span class='ocrx_word' id='word_1_87' title='bbox 687 1332 731 1392; x_wconf 92' lang='lat' dir='ltr'>uti</span> <span class='ocrx_word' id='word_1_88' title='bbox 753 1338 857 1391; x_wconf 86' lang='lat' dir='ltr'>natura</span> <span class='ocrx_word' id='word_1_89' title='bbox 876 1329 1006 1401; x_wconf 88' lang='lat' dir='ltr'>Graeca,</span> <span class='ocrx_word' id='word_1_90' title='bbox 1030 1326 1144 1391; x_wconf 90' lang='lat' dir='ltr'>Latinis</span> <span class='ocrx_word' id='word_1_91' title='bbox 1169 1328 1303 1400; x_wconf 91' lang='lat' dir='ltr'>adversa,</span> 
     </span>
     <span class='ocr_line' id='line_1_12' title="bbox 127 1432 1305 1513; baseline -0.004 -17"><span class='ocrx_word' id='word_1_92' title='bbox 127 1435 219 1497; x_wconf 93' lang='lat' dir='ltr'>ritum</span> <span class='ocrx_word' id='word_1_93' title='bbox 241 1452 297 1513; x_wconf 90' lang='lat' dir='ltr'>per</span> <span class='ocrx_word' id='word_1_94' title='bbox 317 1450 405 1513; x_wconf 86' lang='lat' dir='ltr'>reges</span> <span class='ocrx_word' id='word_1_95' title='bbox 429 1432 651 1512; x_wconf 87' lang='lat' dir='ltr'>praecedentes</span> <span class='ocrx_word' id='word_1_96' title='bbox 674 1435 798 1494; x_wconf 91' lang='lat' dir='ltr'>latinum</span> <span class='ocrx_word' id='word_1_97' title='bbox 820 1432 1025 1494; x_wconf 89' lang='lat' dir='ltr'>introductum</span> <span class='ocrx_word' id='word_1_98' title='bbox 1049 1433 1192 1504; x_wconf 90' lang='lat' dir='ltr'>abolevit,</span> <span class='ocrx_word' id='word_1_99' title='bbox 1224 1434 1305 1510; x_wconf 90' lang='lat' dir='ltr'>epis-</span> 
     </span>
     <span class='ocr_line' id='line_1_13' title="bbox 129 1529 1305 1618; baseline -0.003 -20"><span class='ocrx_word' id='word_1_100' title='bbox 129 1554 238 1618; x_wconf 86' lang='lat' dir='ltr'>copos,</span> <span class='ocrx_word' id='word_1_101' title='bbox 260 1536 404 1616; x_wconf 90' lang='lat' dir='ltr'>plebanos</span> <span class='ocrx_word' id='word_1_102' title='bbox 434 1543 464 1597; x_wconf 92' lang='lat' dir='ltr'>et</span> <span class='ocrx_word' id='word_1_103' title='bbox 487 1543 625 1597; x_wconf 88' lang='lat' dir='ltr'>caeteros</span> <span class='ocrx_word' id='word_1_104' title='bbox 641 1529 812 1617; x_wconf 90' lang='lat' dir='ltr'>deponens,</span> <span class='ocrx_word' id='word_1_105' title='bbox 836 1536 982 1615; x_wconf 92' lang='lat' dir='ltr'>populum</span> <span class='ocrx_word' id='word_1_106' title='bbox 997 1542 1027 1597; x_wconf 94' lang='lat' dir='ltr'>et</span> <span class='ocrx_word' id='word_1_107' title='bbox 1049 1536 1194 1597; x_wconf 88' lang='lat' dir='ltr'>ecclesias</span> <span class='ocrx_word' id='word_1_108' title='bbox 1212 1534 1305 1595; x_wconf 91' lang='lat' dir='ltr'>Grae-</span> 
     </span>
     <span class='ocr_line' id='line_1_14' title="bbox 130 1638 1305 1719; baseline -0.003 -17"><span class='ocrx_word' id='word_1_109' title='bbox 130 1642 174 1703; x_wconf 90' lang='lat' dir='ltr'>cis</span> <span class='ocrx_word' id='word_1_110' title='bbox 196 1638 327 1717; x_wconf 86' lang='lat' dir='ltr'>subjecit</span> <span class='ocrx_word' id='word_1_111' title='bbox 355 1641 387 1701; x_wconf 95' lang='lat' dir='ltr'>in</span> <span class='ocrx_word' id='word_1_112' title='bbox 419 1639 636 1719; x_wconf 85' lang='lat' dir='ltr'>spiritualibus,</span> <span class='ocrx_word' id='word_1_113' title='bbox 671 1647 701 1701; x_wconf 88' lang='lat' dir='ltr'>et</span> <span class='ocrx_word' id='word_1_114' title='bbox 734 1642 765 1700; x_wconf 89' lang='lat' dir='ltr'>in</span> <span class='ocrx_word' id='word_1_115' title='bbox 795 1640 841 1700; x_wconf 90' lang='lat' dir='ltr'>his</span> <span class='ocrx_word' id='word_1_116' title='bbox 871 1658 923 1700; x_wconf 90' lang='lat' dir='ltr'>rex</span> <span class='ocrx_word' id='word_1_117' title='bbox 955 1639 1179 1710; x_wconf 84' lang='lat' dir='ltr'>effoeminatus,</span> <span class='ocrx_word' id='word_1_118' title='bbox 1211 1639 1305 1717; x_wconf 85' lang='lat' dir='ltr'>magis</span> 
     </span>
    </p>
   </div>
   <div class='ocr_carea' id='block_1_3' title="bbox 129 1728 1417 1822">
    <p class='ocr_par' dir='ltr' id='par_1_3' title="bbox 129 1728 1417 1822">
     <span class='ocr_line' id='line_1_15' title="bbox 129 1728 1417 1822; baseline -0.003 -18"><span class='ocrx_word' id='word_1_119' title='bbox 129 1743 240 1804; x_wconf 89' lang='lat' dir='ltr'>mulier</span> <span class='ocrx_word' id='word_1_120' title='bbox 261 1759 352 1822; x_wconf 92' lang='lat' dir='ltr'>quam</span> <span class='ocrx_word' id='word_1_121' title='bbox 374 1743 420 1804; x_wconf 81' lang='lat' dir='ltr'>vir</span> <span class='ocrx_word' id='word_1_122' title='bbox 443 1744 588 1814; x_wconf 81' lang='lat' dir='ltr'>existens,</span> <span class='ocrx_word' id='word_1_123' title='bbox 612 1741 760 1803; x_wconf 90' lang='lat' dir='ltr'>Helenam</span> <span class='ocrx_word' id='word_1_124' title='bbox 782 1741 930 1820; x_wconf 90' lang='lat' dir='ltr'>Trojanae</span> <span class='ocrx_word' id='word_1_125' title='bbox 953 1728 1088 1803; x_wconf 86' lang='lat' dir='ltr'>Helenae</span> <span class='ocrx_word' id='word_1_126' title='bbox 1111 1743 1304 1803; x_wconf 86' lang='lat' dir='ltr'>imitatricem</span> <span class='ocrx_word' id='word_1_127' title='bbox 1412 1808 1417 1815; x_wconf 28' lang='lat'><strong><em>⁴</em></strong></span> 
     </span>
    </p>
   </div>
   <div class='ocr_carea' id='block_1_4' title="bbox 128 1845 1311 2647">
    <p class='ocr_par' dir='ltr' id='par_1_4' title="bbox 128 1845 1311 2647">
     <span class='ocr_line' id='line_1_16' title="bbox 128 1845 1305 1924; baseline -0.003 -16"><span class='ocrx_word' id='word_1_128' title='bbox 128 1848 334 1909; x_wconf 71' lang='lat' dir='ltr'>meretricium</span> <span class='ocrx_word' id='word_1_129' title='bbox 349 1845 533 1908; x_wconf 85' lang='lat' dir='ltr'>Graecorum</span> <span class='ocrx_word' id='word_1_130' title='bbox 555 1848 646 1907; x_wconf 88' lang='lat' dir='ltr'>ritum</span> <span class='ocrx_word' id='word_1_131' title='bbox 662 1845 798 1919; x_wconf 86' lang='lat' dir='ltr'>admisit,</span> <span class='ocrx_word' id='word_1_132' title='bbox 816 1846 897 1924; x_wconf 93' lang='lat' dir='ltr'>quod</span> <span class='ocrx_word' id='word_1_133' title='bbox 913 1852 1012 1907; x_wconf 91' lang='lat' dir='ltr'>tamen</span> <span class='ocrx_word' id='word_1_134' title='bbox 1029 1845 1177 1907; x_wconf 90' lang='lat' dir='ltr'>ecclesiae</span> <span class='ocrx_word' id='word_1_135' title='bbox 1201 1845 1305 1905; x_wconf 91' lang='lat' dir='ltr'>catho-</span> 
     </span>
     <span class='ocr_line' id='line_1_17' title="bbox 128 1948 1307 2028; baseline -0.002 -17"><span class='ocrx_word' id='word_1_136' title='bbox 128 1949 205 2012; x_wconf 90' lang='lat' dir='ltr'>licae</span> <span class='ocrx_word' id='word_1_137' title='bbox 238 1956 270 2012; x_wconf 92' lang='lat' dir='ltr'>et</span> <span class='ocrx_word' id='word_1_138' title='bbox 291 1949 465 2010; x_wconf 89' lang='lat' dir='ltr'>orthodoxis</span> <span class='ocrx_word' id='word_1_139' title='bbox 487 1949 558 2010; x_wconf 86' lang='lat' dir='ltr'>fidei</span> <span class='ocrx_word' id='word_1_140' title='bbox 580 1960 670 2011; x_wconf 81' lang='lat' dir='ltr'>v&#39;crae</span> <span class='ocrx_word' id='word_1_141' title='bbox 699 1950 863 2028; x_wconf 91' lang='lat' dir='ltr'>plurimum</span> <span class='ocrx_word' id='word_1_142' title='bbox 893 1948 1056 2028; x_wconf 90' lang='lat' dir='ltr'>displicuit.</span> <span class='ocrx_word' id='word_1_143' title='bbox 1102 1949 1164 2009; x_wconf 88' lang='lat' dir='ltr'>Sed</span> <span class='ocrx_word' id='word_1_144' title='bbox 1188 1955 1218 2009; x_wconf 90' lang='lat' dir='ltr'>et</span> <span class='ocrx_word' id='word_1_145' title='bbox 1240 1950 1307 2027; x_wconf 90' lang='lat' dir='ltr'>ipsa</span> 
     </span>
     <span class='ocr_line' id='line_1_18' title="bbox 130 2049 1307 2132; baseline -0.002 -18"><span class='ocrx_word' id='word_1_146' title='bbox 130 2052 252 2115; x_wconf 91' lang='lat' dir='ltr'>domina</span> <span class='ocrx_word' id='word_1_147' title='bbox 281 2053 428 2126; x_wconf 85' lang='lat' dir='ltr'>Garlotta,</span> <span class='ocrx_word' id='word_1_148' title='bbox 458 2054 519 2114; x_wconf 87' lang='lat' dir='ltr'>lilia</span> <span class='ocrx_word' id='word_1_149' title='bbox 541 2055 638 2132; x_wconf 83' lang='lat' dir='ltr'>regis,</span> <span class='ocrx_word' id='word_1_150' title='bbox 673 2053 742 2114; x_wconf 88' lang='lat' dir='ltr'>duci</span> <span class='ocrx_word' id='word_1_151' title='bbox 765 2052 931 2114; x_wconf 89' lang='lat' dir='ltr'>Sabaudiae</span> <span class='ocrx_word' id='word_1_152' title='bbox 954 2049 1107 2115; x_wconf 84' lang='lat' dir='ltr'>Ludovico</span> <span class='ocrx_word' id='word_1_153' title='bbox 1127 2051 1307 2129; x_wconf 82' lang='lat' dir='ltr'>jamdudum</span> 
     </span>
     <span class='ocr_line' id='line_1_19' title="bbox 130 2155 1309 2233; baseline -0.002 -16"><span class='ocrx_word' id='word_1_154' title='bbox 130 2157 320 2218; x_wconf 88' lang='lat' dir='ltr'>matrimonio</span> <span class='ocrx_word' id='word_1_155' title='bbox 337 2155 461 2233; x_wconf 86' lang='lat' dir='ltr'>juncta,</span> <span class='ocrx_word' id='word_1_156' title='bbox 486 2155 524 2217; x_wconf 89' lang='lat' dir='ltr'>de</span> <span class='ocrx_word' id='word_1_157' title='bbox 539 2155 597 2216; x_wconf 91' lang='lat' dir='ltr'>hoc</span> <span class='ocrx_word' id='word_1_158' title='bbox 612 2157 740 2217; x_wconf 91' lang='lat' dir='ltr'>multum</span> <span class='ocrx_word' id='word_1_159' title='bbox 756 2155 869 2228; x_wconf 87' lang='lat' dir='ltr'>doluit,</span> <span class='ocrx_word' id='word_1_160' title='bbox 894 2157 994 2216; x_wconf 90' lang='lat' dir='ltr'>sciens</span> <span class='ocrx_word' id='word_1_161' title='bbox 1012 2155 1197 2218; x_wconf 91' lang='lat' dir='ltr'>Graecorum</span> <span class='ocrx_word' id='word_1_162' title='bbox 1217 2158 1309 2217; x_wconf 92' lang='lat' dir='ltr'>ritum</span> 
     </span>
     <span class='ocr_line' id='line_1_20' title="bbox 130 2257 1308 2340; baseline -0.002 -20"><span class='ocrx_word' id='word_1_163' title='bbox 130 2258 335 2340; x_wconf 90' lang='lat' dir='ltr'>periculosum</span> <span class='ocrx_word' id='word_1_164' title='bbox 357 2260 461 2320; x_wconf 91' lang='lat' dir='ltr'>multis</span> <span class='ocrx_word' id='word_1_165' title='bbox 484 2258 592 2337; x_wconf 84' lang='lat' dir='ltr'>modis.</span> <span class='ocrx_word' id='word_1_166' title='bbox 637 2257 759 2320; x_wconf 86' lang='lat' dir='ltr'>Interea</span> <span class='ocrx_word' id='word_1_167' title='bbox 787 2266 857 2338; x_wconf 91' lang='lat' dir='ltr'>post</span> <span class='ocrx_word' id='word_1_168' title='bbox 879 2258 1041 2335; x_wconf 25' lang='lat' dir='ltr'>decursu-m</span> <span class='ocrx_word' id='word_1_169' title='bbox 1065 2260 1233 2338; x_wconf 92' lang='lat' dir='ltr'>aliquorum</span> <span class='ocrx_word' id='word_1_170' title='bbox 1256 2276 1308 2319; x_wconf 92' lang='lat' dir='ltr'>an·</span> 
     </span>
     <span class='ocr_line' id='line_1_21' title="bbox 131 2356 1309 2438; baseline -0.003 -14"><span class='ocrx_word' id='word_1_171' title='bbox 131 2381 239 2429; x_wconf 89' lang='lat' dir='ltr'>norum</span> <span class='ocrx_word' id='word_1_172' title='bbox 261 2356 412 2423; x_wconf 82' lang='lat' dir='ltr'>lohannes</span> <span class='ocrx_word' id='word_1_173' title='bbox 435 2380 488 2422; x_wconf 86' lang='lat' dir='ltr'>rex</span> <span class='ocrx_word' id='word_1_174' title='bbox 510 2365 657 2434; x_wconf 89' lang='lat' dir='ltr'>moritur,</span> <span class='ocrx_word' id='word_1_175' title='bbox 681 2368 712 2423; x_wconf 91' lang='lat' dir='ltr'>et</span> <span class='ocrx_word' id='word_1_176' title='bbox 728 2381 764 2423; x_wconf 92' lang='lat' dir='ltr'>eo</span> <span class='ocrx_word' id='word_1_177' title='bbox 780 2361 923 2422; x_wconf 81' lang='lat' dir='ltr'>defuncto</span> <span class='ocrx_word' id='word_1_178' title='bbox 942 2363 1044 2424; x_wconf 86' lang='lat' dir='ltr'>statim</span> <span class='ocrx_word' id='word_1_179' title='bbox 1066 2362 1181 2422; x_wconf 90' lang='lat' dir='ltr'>Helena</span> <span class='ocrx_word' id='word_1_180' title='bbox 1204 2363 1309 2438; x_wconf 83' lang='lat' dir='ltr'>regina</span> 
     </span>
     <span class='ocr_line' id='line_1_22' title="bbox 132 2461 1311 2544; baseline -0.002 -17"><span class='ocrx_word' id='word_1_181' title='bbox 132 2464 239 2527; x_wconf 89' lang='lat' dir='ltr'>eadem</span> <span class='ocrx_word' id='word_1_182' title='bbox 261 2467 309 2527; x_wconf 84' lang='lat' dir='ltr'>via</span> <span class='ocrx_word' id='word_1_183' title='bbox 329 2472 400 2544; x_wconf 89' lang='lat' dir='ltr'>post</span> <span class='ocrx_word' id='word_1_184' title='bbox 414 2483 485 2525; x_wconf 91' lang='lat' dir='ltr'>eum</span> <span class='ocrx_word' id='word_1_185' title='bbox 509 2465 587 2537; x_wconf 93' lang='lat' dir='ltr'>abiit,</span> <span class='ocrx_word' id='word_1_186' title='bbox 619 2465 700 2544; x_wconf 93' lang='lat' dir='ltr'>quod</span> <span class='ocrx_word' id='word_1_187' title='bbox 723 2463 848 2525; x_wconf 89' lang='lat' dir='ltr'>audiens</span> <span class='ocrx_word' id='word_1_188' title='bbox 864 2461 1033 2527; x_wconf 90' lang='lat' dir='ltr'>Ludovicus</span> <span class='ocrx_word' id='word_1_189' title='bbox 1049 2466 1217 2527; x_wconf 86' lang='lat' dir='ltr'>Sabaudiae</span> <span class='ocrx_word' id='word_1_190' title='bbox 1241 2462 1311 2538; x_wconf 82' lang='lat' dir='ltr'>dux,</span> 
     </span>
     <span class='ocr_line' id='line_1_23' title="bbox 133 2567 1309 2647; baseline -0.001 -17"><span class='ocrx_word' id='word_1_191' title='bbox 133 2567 284 2630; x_wconf 84' lang='lat' dir='ltr'>Carlottae</span> <span class='ocrx_word' id='word_1_192' title='bbox 308 2570 451 2641; x_wconf 89' lang='lat' dir='ltr'>maritus,</span> <span class='ocrx_word' id='word_1_193' title='bbox 481 2570 624 2629; x_wconf 90' lang='lat' dir='ltr'>assumtis</span> <span class='ocrx_word' id='word_1_194' title='bbox 657 2569 794 2630; x_wconf 91' lang='lat' dir='ltr'>omnibus</span> <span class='ocrx_word' id='word_1_195' title='bbox 817 2569 879 2628; x_wconf 92' lang='lat' dir='ltr'>suis</span> <span class='ocrx_word' id='word_1_196' title='bbox 910 2586 979 2631; x_wconf 93' lang='lat' dir='ltr'>cum</span> <span class='ocrx_word' id='word_1_197' title='bbox 1006 2571 1152 2632; x_wconf 89' lang='lat' dir='ltr'>uxorein</span> <span class='ocrx_word' id='word_1_198' title='bbox 1176 2569 1309 2647; x_wconf 83' lang='lat' dir='ltr'>Cyprum</span> 
     </span>
    </p>
   </div>
   <div class='ocr_carea' id='block_1_5' title="bbox 131 2669 1420 2753">
    <p class='ocr_par' dir='ltr' id='par_1_5' title="bbox 131 2669 1420 2753">
     <span class='ocr_line' id='line_1_24' title="bbox 131 2669 1420 2753; baseline -0.003 -18"><span class='ocrx_word' id='word_1_199' title='bbox 131 2690 149 2735; x_wconf 86' lang='lat' dir='ltr'>a</span> <span class='ocrx_word' id='word_1_200' title='bbox 170 2671 302 2735; x_wconf 80' lang='lat' dir='ltr'>Taurino</span> <span class='ocrx_word' id='word_1_201' title='bbox 326 2674 445 2736; x_wconf 84' lang='lat' dir='ltr'>civitate</span> <span class='ocrx_word' id='word_1_202' title='bbox 467 2673 616 2750; x_wconf 84' lang='lat' dir='ltr'>navigavit</span> <span class='ocrx_word' id='word_1_203' title='bbox 646 2691 773 2753; x_wconf 84' lang='lat' dir='ltr'>regnum</span> <span class='ocrx_word' id='word_1_204' title='bbox 802 2690 1001 2751; x_wconf 90' lang='lat' dir='ltr'>possessurus</span> <span class='ocrx_word' id='word_1_205' title='bbox 1017 2673 1217 2734; x_wconf 86' lang='lat' dir='ltr'>haereditario</span> <span class='ocrx_word' id='word_1_206' title='bbox 1229 2669 1308 2747; x_wconf 81' lang='lat' dir='ltr'>jure,</span> <span class='ocrx_word' id='word_1_207' title='bbox 1418 2745 1420 2749; x_wconf 11' lang='lat' dir='ltr'>y</span> 
     </span>
    </p>
   </div>
   <div class='ocr_carea' id='block_1_6' title="bbox 130 2775 1324 4396">
    <p class='ocr_par' dir='ltr' id='par_1_6' title="bbox 132 2775 1324 2959">
     <span class='ocr_line' id='line_1_25' title="bbox 132 2775 1309 2857; baseline -0.003 -19"><span class='ocrx_word' id='word_1_208' title='bbox 132 2777 201 2857; x_wconf 91' lang='lat' dir='ltr'>qnia</span> <span class='ocrx_word' id='word_1_209' title='bbox 222 2787 274 2838; x_wconf 88' lang='lat' dir='ltr'>rex</span> <span class='ocrx_word' id='word_1_210' title='bbox 297 2775 485 2855; x_wconf 90' lang='lat' dir='ltr'>praecedens</span> <span class='ocrx_word' id='word_1_211' title='bbox 500 2794 559 2836; x_wconf 92' lang='lat' dir='ltr'>non</span> <span class='ocrx_word' id='word_1_212' title='bbox 576 2775 780 2855; x_wconf 87' lang='lat' dir='ltr'>dereliquerat</span> <span class='ocrx_word' id='word_1_213' title='bbox 799 2778 916 2855; x_wconf 83' lang='lat' dir='ltr'>regium</span> <span class='ocrx_word' id='word_1_214' title='bbox 932 2795 1037 2839; x_wconf 90' lang='lat' dir='ltr'>semen</span> <span class='ocrx_word' id='word_1_215' title='bbox 1061 2779 1120 2840; x_wconf 90' lang='lat' dir='ltr'>nisi</span> <span class='ocrx_word' id='word_1_216' title='bbox 1136 2775 1309 2848; x_wconf 85' lang='lat' dir='ltr'>Carlottam,</span> 
     </span>
     <span class='ocr_line' id='line_1_26' title="bbox 132 2868 1324 2959; baseline -0.005 -17"><span class='ocrx_word' id='word_1_217' title='bbox 132 2881 182 2942; x_wconf 87' lang='lat' dir='ltr'>coi</span> <span class='ocrx_word' id='word_1_218' title='bbox 197 2878 367 2942; x_wconf 85' lang='lat' dir='ltr'>&#39;deberetur</span> <span class='ocrx_word' id='word_1_219' title='bbox 396 2898 533 2959; x_wconf 82' lang='lat' dir='ltr'>regnum.</span> <span class='ocrx_word' id='word_1_220' title='bbox 1322 2868 1324 2873; x_wconf 77' lang='grc'><strong>’</strong></span> 
     </span>
    </p>

    <p class='ocr_par' dir='ltr' id='par_1_7' title="bbox 130 2983 1316 4306">
     <span class='ocr_line' id='line_1_27' title="bbox 218 2983 1309 3064; baseline 0.002 -20"><span class='ocrx_word' id='word_1_221' title='bbox 218 2983 310 3044; x_wconf 90' lang='lat' dir='ltr'>Porro</span> <span class='ocrx_word' id='word_1_222' title='bbox 338 2983 467 3045; x_wconf 86' lang='lat' dir='ltr'>lacobus</span> <span class='ocrx_word' id='word_1_223' title='bbox 490 2984 529 3046; x_wconf 92' lang='lat' dir='ltr'>de</span> <span class='ocrx_word' id='word_1_224' title='bbox 553 2984 661 3064; x_wconf 92' lang='lat' dir='ltr'>pellice</span> <span class='ocrx_word' id='word_1_225' title='bbox 685 2991 774 3046; x_wconf 91' lang='lat' dir='ltr'>natus</span> <span class='ocrx_word' id='word_1_226' title='bbox 805 3004 933 3064; x_wconf 82' lang='lat' dir='ltr'>regnum</span> <span class='ocrx_word' id='word_1_227' title='bbox 956 2985 1105 3048; x_wconf 87' lang='lat' dir='ltr'>ambiebat</span> <span class='ocrx_word' id='word_1_228' title='bbox 1137 2993 1168 3047; x_wconf 89' lang='lat' dir='ltr'>et</span> <span class='ocrx_word' id='word_1_229' title='bbox 1202 2987 1232 3046; x_wconf 92' lang='lat' dir='ltr'>in</span> <span class='ocrx_word' id='word_1_230' title='bbox 1257 2983 1309 3046; x_wconf 92' lang='lat' dir='ltr'>ad·</span> 
     </span>
     <span class='ocr_line' id='line_1_28' title="bbox 130 3084 1310 3169; baseline 0 -21"><span class='ocrx_word' id='word_1_231' title='bbox 130 3090 223 3148; x_wconf 84' lang='lat' dir='ltr'>rento</span> <span class='ocrx_word' id='word_1_232' title='bbox 245 3084 391 3148; x_wconf 85' lang='lat' dir='ltr'>Ludovici</span> <span class='ocrx_word' id='word_1_233' title='bbox 411 3087 443 3148; x_wconf 95' lang='lat' dir='ltr'>in</span> <span class='ocrx_word' id='word_1_234' title='bbox 465 3105 592 3167; x_wconf 84' lang='lat' dir='ltr'>regnum</span> <span class='ocrx_word' id='word_1_235' title='bbox 620 3091 770 3168; x_wconf 79' lang='lat' dir='ltr'>navigavit</span> <span class='ocrx_word' id='word_1_236' title='bbox 802 3089 1023 3169; x_wconf 47' lang='lat' dir='ltr'>inrdegyptum</span> <span class='ocrx_word' id='word_1_237' title='bbox 1056 3096 1086 3150; x_wconf 90' lang='lat' dir='ltr'>et</span> <span class='ocrx_word' id='word_1_238' title='bbox 1120 3089 1251 3151; x_wconf 86' lang='lat' dir='ltr'>Soldaoo</span> <span class='ocrx_word' id='word_1_239' title='bbox 1275 3105 1310 3148; x_wconf 89' lang='lat' dir='ltr'>ac</span> 
     </span>
     <span class='ocr_line' id='line_1_29' title="bbox 131 3188 1311 3273; baseline 0.002 -24"><span class='ocrx_word' id='word_1_240' title='bbox 131 3191 195 3250; x_wconf 86' lang='lat' dir='ltr'>suis</span> <span class='ocrx_word' id='word_1_241' title='bbox 215 3189 394 3250; x_wconf 89' lang='lat' dir='ltr'>consiliariis</span> <span class='ocrx_word' id='word_1_242' title='bbox 417 3207 451 3250; x_wconf 90' lang='lat' dir='ltr'>se</span> <span class='ocrx_word' id='word_1_243' title='bbox 485 3188 624 3267; x_wconf 89' lang='lat' dir='ltr'>injuriam</span> <span class='ocrx_word' id='word_1_244' title='bbox 647 3195 709 3271; x_wconf 91' lang='lat' dir='ltr'>pati</span> <span class='ocrx_word' id='word_1_245' title='bbox 732 3202 916 3273; x_wconf 86' lang='lat' dir='ltr'>conquestus</span> <span class='ocrx_word' id='word_1_246' title='bbox 941 3201 988 3255; x_wconf 93' lang='lat' dir='ltr'>est</span> <span class='ocrx_word' id='word_1_247' title='bbox 1017 3194 1180 3272; x_wconf 88' lang='lat' dir='ltr'>implorans</span> <span class='ocrx_word' id='word_1_248' title='bbox 1205 3209 1311 3252; x_wconf 91' lang='lat' dir='ltr'>eorum</span> 
     </span>
     <span class='ocr_line' id='line_1_30' title="bbox 133 3293 1310 3380; baseline -0.003 -23"><span class='ocrx_word' id='word_1_249' title='bbox 133 3293 291 3367; x_wconf 84' lang='lat' dir='ltr'>auxilium3</span> <span class='ocrx_word' id='word_1_250' title='bbox 317 3297 487 3374; x_wconf 91' lang='lat' dir='ltr'>composuit</span> <span class='ocrx_word' id='word_1_251' title='bbox 510 3297 603 3359; x_wconf 89' lang='lat' dir='ltr'>eliam</span> <span class='ocrx_word' id='word_1_252' title='bbox 626 3299 772 3359; x_wconf 90' lang='lat' dir='ltr'>amicitias</span> <span class='ocrx_word' id='word_1_253' title='bbox 797 3297 1098 3380; x_wconf 82' lang='lat' dir='ltr'>cummercatoribus</span> <span class='ocrx_word' id='word_1_254' title='bbox 1114 3296 1310 3367; x_wconf 87' lang='lat' dir='ltr'>Venetorum,</span> 
     </span>
     <span class='ocr_line' id='line_1_31' title="bbox 134 3395 1309 3478; baseline -0.001 -20"><span class='ocrx_word' id='word_1_255' title='bbox 134 3399 186 3478; x_wconf 86' lang='lat' dir='ltr'>qui</span> <span class='ocrx_word' id='word_1_256' title='bbox 216 3399 247 3458; x_wconf 93' lang='lat' dir='ltr'>in</span> <span class='ocrx_word' id='word_1_257' title='bbox 269 3396 394 3478; x_wconf 75' lang='lat' dir='ltr'>Aegppo</span> <span class='ocrx_word' id='word_1_258' title='bbox 426 3399 528 3470; x_wconf 87' lang='lat' dir='ltr'>eraut,</span> <span class='ocrx_word' id='word_1_259' title='bbox 558 3400 610 3478; x_wconf 91' lang='lat' dir='ltr'>qui</span> <span class='ocrx_word' id='word_1_260' title='bbox 638 3419 711 3462; x_wconf 91' lang='lat' dir='ltr'>eum</span> <span class='ocrx_word' id='word_1_261' title='bbox 744 3395 862 3461; x_wconf 85' lang='lat' dir='ltr'>senatui</span> <span class='ocrx_word' id='word_1_262' title='bbox 880 3399 1005 3462; x_wconf 85' lang='lat' dir='ltr'>Veneto</span> <span class='ocrx_word' id='word_1_263' title='bbox 1039 3397 1309 3471; x_wconf 80' lang='lat' dir='ltr'>commendabant3</span> 
     </span>
     <span class='ocr_line' id='line_1_32' title="bbox 133 3501 1313 3581; baseline 0 -19"><span class='ocrx_word' id='word_1_264' title='bbox 133 3504 258 3581; x_wconf 89' lang='lat' dir='ltr'>insuper</span> <span class='ocrx_word' id='word_1_265' title='bbox 281 3507 312 3563; x_wconf 92' lang='lat' dir='ltr'>et</span> <span class='ocrx_word' id='word_1_266' title='bbox 327 3501 497 3563; x_wconf 88' lang='lat' dir='ltr'>Turcorum</span> <span class='ocrx_word' id='word_1_267' title='bbox 520 3501 663 3564; x_wconf 86' lang='lat' dir='ltr'>allectum</span> <span class='ocrx_word' id='word_1_268' title='bbox 685 3504 823 3574; x_wconf 81' lang='lat' dir='ltr'>attraxit,</span> <span class='ocrx_word' id='word_1_269' title='bbox 848 3504 917 3580; x_wconf 92' lang='lat' dir='ltr'>quia</span> <span class='ocrx_word' id='word_1_270' title='bbox 940 3503 985 3563; x_wconf 88' lang='lat' dir='ltr'>vir</span> <span class='ocrx_word' id='word_1_271' title='bbox 1007 3508 1072 3563; x_wconf 89' lang='lat' dir='ltr'>erat</span> <span class='ocrx_word' id='word_1_272' title='bbox 1095 3502 1257 3562; x_wconf 87' lang='lat' dir='ltr'>amicabilis</span> <span class='ocrx_word' id='word_1_273' title='bbox 1281 3506 1313 3562; x_wconf 92' lang='lat' dir='ltr'>et</span> 
     </span>
     <span class='ocr_line' id='line_1_33' title="bbox 133 3595 1311 3676; baseline 0 -11"><span class='ocrx_word' id='word_1_274' title='bbox 133 3604 283 3667; x_wconf 87' lang='lat' dir='ltr'>humanus</span> <span class='ocrx_word' id='word_1_275' title='bbox 314 3607 414 3667; x_wconf 87' lang='lat' dir='ltr'>sciens</span> <span class='ocrx_word' id='word_1_276' title='bbox 445 3605 502 3665; x_wconf 87' lang='lat' dir='ltr'>sibi</span> <span class='ocrx_word' id='word_1_277' title='bbox 530 3608 643 3668; x_wconf 88' lang='lat' dir='ltr'>amicos</span> <span class='ocrx_word' id='word_1_278' title='bbox 676 3595 779 3667; x_wconf 77' lang='lat' dir='ltr'>lacere</span> <span class='ocrx_word' id='word_1_279' title='bbox 810 3605 1011 3676; x_wconf 87' lang='lat' dir='ltr'>Sarracenos,</span> <span class='ocrx_word' id='word_1_280' title='bbox 1042 3601 1158 3664; x_wconf 92' lang='lat' dir='ltr'>Turcos</span> <span class='ocrx_word' id='word_1_281' title='bbox 1190 3610 1221 3664; x_wconf 90' lang='lat' dir='ltr'>et</span> <span class='ocrx_word' id='word_1_282' title='bbox 1251 3603 1311 3665; x_wconf 91' lang='lat' dir='ltr'>Ve-</span> 
     </span>
     <span class='ocr_line' id='line_1_34' title="bbox 132 3705 1313 3787; baseline -0.002 -17"><span class='ocrx_word' id='word_1_283' title='bbox 132 3713 233 3771; x_wconf 84' lang='lat' dir='ltr'>netos.</span> <span class='ocrx_word' id='word_1_284' title='bbox 279 3707 421 3769; x_wconf 84' lang='lat' dir='ltr'>Collectis</span> <span class='ocrx_word' id='word_1_285' title='bbox 452 3709 554 3786; x_wconf 88' lang='lat' dir='ltr'>itaque</span> <span class='ocrx_word' id='word_1_286' title='bbox 588 3710 683 3787; x_wconf 92' lang='lat' dir='ltr'>copiis</span> <span class='ocrx_word' id='word_1_287' title='bbox 713 3708 948 3768; x_wconf 87' lang='lat' dir='ltr'>Sarracenorum</span> <span class='ocrx_word' id='word_1_288' title='bbox 978 3712 1009 3767; x_wconf 92' lang='lat' dir='ltr'>et</span> <span class='ocrx_word' id='word_1_289' title='bbox 1039 3705 1208 3767; x_wconf 91' lang='lat' dir='ltr'>Turcorum</span> <span class='ocrx_word' id='word_1_290' title='bbox 1243 3725 1313 3768; x_wconf 92' lang='lat' dir='ltr'>cum</span> 
     </span>
     <span class='ocr_line' id='line_1_35' title="bbox 133 3798 1312 3893; baseline -0.005 -18"><span class='ocrx_word' id='word_1_291' title='bbox 133 3812 285 3893; x_wconf 88' lang='lat' dir='ltr'>praesidio</span> <span class='ocrx_word' id='word_1_292' title='bbox 308 3813 497 3875; x_wconf 84' lang='lat' dir='ltr'>Venetorum</span> <span class='ocrx_word' id='word_1_293' title='bbox 520 3814 642 3875; x_wconf 86' lang='lat' dir='ltr'>intravit</span> <span class='ocrx_word' id='word_1_294' title='bbox 663 3798 807 3891; x_wconf 84' lang='lat' dir='ltr'>regnum,</span> <span class='ocrx_word' id='word_1_295' title='bbox 842 3817 874 3872; x_wconf 92' lang='lat' dir='ltr'>et</span> <span class='ocrx_word' id='word_1_296' title='bbox 896 3807 1083 3872; x_wconf 87' lang='lat' dir='ltr'>Ludovicum</span> <span class='ocrx_word' id='word_1_297' title='bbox 1107 3828 1184 3871; x_wconf 91' lang='lat' dir='ltr'>cum</span> <span class='ocrx_word' id='word_1_298' title='bbox 1208 3827 1312 3872; x_wconf 91' lang='lat' dir='ltr'>sorore</span> 
     </span>
     <span class='ocr_line' id='line_1_36' title="bbox 135 3914 1313 3996; baseline -0.002 -20"><span class='ocrx_word' id='word_1_299' title='bbox 135 3915 281 3989; x_wconf 80' lang='lat' dir='ltr'>Carlotta,</span> <span class='ocrx_word' id='word_1_300' title='bbox 303 3934 393 3980; x_wconf 82' lang='lat' dir='ltr'>veroa</span> <span class='ocrx_word' id='word_1_301' title='bbox 416 3914 563 3984; x_wconf 86' lang='lat' dir='ltr'>haeredes</span> <span class='ocrx_word' id='word_1_302' title='bbox 595 3917 695 3996; x_wconf 83' lang='lat' dir='ltr'>regui,</span> <span class='ocrx_word' id='word_1_303' title='bbox 720 3915 833 3994; x_wconf 85' lang='lat' dir='ltr'>expulit</span> <span class='ocrx_word' id='word_1_304' title='bbox 860 3932 1046 3993; x_wconf 86' lang='lat' dir='ltr'>regnumque</span> <span class='ocrx_word' id='word_1_305' title='bbox 1077 3914 1214 3994; x_wconf 90' lang='lat' dir='ltr'>possedit</span> <span class='ocrx_word' id='word_1_306' title='bbox 1245 3914 1313 3975; x_wconf 91' lang='lat' dir='ltr'>uni·</span> 
     </span>
     <span class='ocr_line' id='line_1_37' title="bbox 134 4017 1314 4099; baseline -0.005 -16"><span class='ocrx_word' id='word_1_307' title='bbox 134 4037 257 4083; x_wconf 77' lang='lat' dir='ltr'>versum</span> <span class='ocrx_word' id='word_1_308' title='bbox 278 4021 310 4081; x_wconf 89' lang='lat' dir='ltr'>in</span> <span class='ocrx_word' id='word_1_309' title='bbox 332 4035 427 4098; x_wconf 92' lang='lat' dir='ltr'>pace,</span> <span class='ocrx_word' id='word_1_310' title='bbox 450 4027 481 4080; x_wconf 89' lang='lat' dir='ltr'>et</span> <span class='ocrx_word' id='word_1_311' title='bbox 497 4020 708 4099; x_wconf 82' lang='lat' dir='ltr'>Famagustam</span> <span class='ocrx_word' id='word_1_312' title='bbox 735 4018 946 4081; x_wconf 88' lang='lat' dir='ltr'>Genuensibus</span> <span class='ocrx_word' id='word_1_313' title='bbox 968 4018 1091 4079; x_wconf 91' lang='lat' dir='ltr'>abstulit</span> <span class='ocrx_word' id='word_1_314' title='bbox 1122 4017 1314 4079; x_wconf 84' lang='lat' dir='ltr'>conformans</span> 
     </span>
     <span class='ocr_line' id='line_1_38' title="bbox 135 4121 1315 4201; baseline -0.005 -16"><span class='ocrx_word' id='word_1_315' title='bbox 135 4139 172 4186; x_wconf 87' lang='lat' dir='ltr'>se</span> <span class='ocrx_word' id='word_1_316' title='bbox 194 4121 382 4186; x_wconf 87' lang='lat' dir='ltr'>Venetorum</span> <span class='ocrx_word' id='word_1_317' title='bbox 404 4123 560 4185; x_wconf 83' lang='lat' dir='ltr'>voluntati.</span> <span class='ocrx_word' id='word_1_318' title='bbox 604 4121 870 4184; x_wconf 79' lang='lat' dir='ltr'>Adstabilitatem</span> <span class='ocrx_word' id='word_1_319' title='bbox 893 4127 995 4184; x_wconf 91' lang='lat' dir='ltr'>autem</span> <span class='ocrx_word' id='word_1_320' title='bbox 1019 4123 1104 4201; x_wconf 83' lang='lat' dir='ltr'>regni</span> <span class='ocrx_word' id='word_1_321' title='bbox 1127 4122 1173 4182; x_wconf 88' lang='lat' dir='ltr'>sui</span> <span class='ocrx_word' id='word_1_322' title='bbox 1196 4121 1315 4199; x_wconf 88' lang='lat' dir='ltr'>accepit</span> 
     </span>
     <span class='ocr_line' id='line_1_39' title="bbox 135 4223 1316 4306; baseline -0.008 -13"><span class='ocrx_word' id='word_1_323' title='bbox 135 4244 263 4293; x_wconf 82' lang='lat' dir='ltr'>uxorem</span> <span class='ocrx_word' id='word_1_324' title='bbox 283 4226 376 4292; x_wconf 86' lang='lat' dir='ltr'>liliam</span> <span class='ocrx_word' id='word_1_325' title='bbox 397 4224 494 4291; x_wconf 85' lang='lat' dir='ltr'>Marci</span> <span class='ocrx_word' id='word_1_326' title='bbox 517 4226 664 4306; x_wconf 78' lang='lat' dir='ltr'>Camary,</span> <span class='ocrx_word' id='word_1_327' title='bbox 687 4225 819 4300; x_wconf 86' lang='lat' dir='ltr'>Veneti,</span> <span class='ocrx_word' id='word_1_328' title='bbox 848 4224 939 4306; x_wconf 86' lang='lat' dir='ltr'>quam</span> <span class='ocrx_word' id='word_1_329' title='bbox 972 4230 1096 4287; x_wconf 88' lang='lat' dir='ltr'>senatus</span> <span class='ocrx_word' id='word_1_330' title='bbox 1118 4223 1254 4288; x_wconf 88' lang='lat' dir='ltr'>Venetus</span> <span class='ocrx_word' id='word_1_331' title='bbox 1283 4224 1316 4284; x_wconf 91' lang='lat' dir='ltr'>in</span> 
     </span>
    </p>

    <p class='ocr_par' dir='ltr' id='par_1_8' title="bbox 1045 4336 1106 4396">
     <span class='ocr_line' id='line_1_40' title="bbox 1045 4336 1106 4396; baseline 0.033 -2"><span class='ocrx_word' id='word_1_332' title='bbox 1045 4336 1106 4396; x_wconf 73' lang='lat' dir='ltr'>lo·</span> 
     </span>
    </p>
   </div>
   <div class='ocr_carea' id='block_1_7' title="bbox 0 0 1455 4770">
    <p class='ocr_par' dir='ltr' id='par_1_9' title="bbox 0 0 1455 4770">
     <span class='ocr_line' id='line_1_41' title="bbox 0 0 1455 4770; baseline 0 0"><span class='ocrx_word' id='word_1_333' title='bbox 0 0 1455 4770; x_wconf 95' lang='lat' dir='ltr'> </span> 
     </span>
    </p>
   </div>
  </div>
 </body>
</html>
