2874 4770
685 135 751 208 293

128 316 167 378 de
189 312 270 376 facili
292 312 537 404 confringuntur,
567 313 598 374 in
621 330 680 391 quo
710 313 854 390 periculo
870 311 927 377 ιιιιι
949 311 980 373 S
1005 311 1115 375 ιιιοιιι
1144 314 1222 387 hanc
1250 334 1305 378 na·

129 421 240 498 vigans
242 415 398 486 insulam,
431 423 463 477 ut
493 421 576 494 patet
598 407 700 475 Actor.
725 412 776 477 28.
822 414 854 491 ln
879 428 929 486 ea,
962 412 1064 491 dum
1056 435 1158 495 ignem
1181 417 1305 491 faceret,

129 524 232 599 vipera
255 521 356 594 manui
386 519 451 597 ejus
481 519 631 590 adhaesit,
665 536 755 596 quam
777 520 808 579 in
838 498 941 612 ignem
964 521 1120 587 excutiens
1154 529 1306 585 venenum
1404 575 1407 583 .

129 627 240 696 evasit,
264 624 344 685 unde
368 604 485 685 incolae
510 619 625 685 barbari
650 622 804 694 dicebant,
828 625 929 701 ipsum
953 641 1023 684 esse
1047 623 1147 711 deum.

142 788 147 799 .,
215 727 298 788 llaec
312 730 410 792 insula
426 729 534 790 dicitur
548 727 681 815 Lesbos,
697 723 871 805 Mitylenat
873 741 959 787 amen
974 726 1032 787 filia
1046 731 1126 807 regis
1142 728 1306 805 Macharei,

128 831 310 892 civitatem
302 849 332 891 ιιι
356 849 401 892 ea
416 809 594 896 construens
611 828 797 908 Mitylenam,
823 848 914 908 aqua
930 831 1153 892 insulanomen
1176 836 1303 913 accepit.

128 935 280 1014 Tempore
299 933 415 1014 Moysis
439 934 597 996 aedificata·
617 933 672 994 iuit
695 933 767 993 urbs
790 933 849 994 illa.
896 934 947 994 Est
973 942 1074 995 autem
1096 937 1185 997 rebus
1209 939 1306 998 omni-

127 1041 183 1103 bus
199 1023 416 1110 refertissima,
435 1038 643 1122 duoshabens
659 1045 764 1116 portus
781 1024 943 1098 multarum
958 1040 1126 1100 triremium
1141 1047 1172 1101 et
1186 1045 1307 1103 navium

128 1163 270 1228 capaces,
294 1161 422 1223 eamque
446 1144 477 1217 S.
493 1142 603 1204 Paulus
627 1141 665 1202 ad
687 1141 777 1203 fidem
801 1145 964 1214 convertit,
988 1146 1018 1204 in
1042 1161 1100 1222 qua
1122 1150 1232 1208 mansit
1255 1168 1305 1210 us·

128 1267 187 1328 que
212 1248 249 1309 ad
272 1255 374 1311 nostra
394 1248 528 1309 infelicia
550 1255 687 1340 tempora
710 1246 794 1308 fides.
827 1247 903 1317 Nam
927 1266 1004 1308 anno
1031 1244 1114 1310 1467
1129 1246 1306 1330 Machame-

126 1362 192 1425 tus,
216 1352 383 1414 Turdorum
407 1353 579 1431 imperator,
601 1352 698 1428 ipsam
713 1349 840 1410 insulam
858 1352 986 1412 maxima
1004 1351 1213 1444 cumbumani
1237 1373 1305 1416 san

127 1452 224 1536 guinis
240 1455 389 1517 effusione
405 1457 512 1534 cepit,
524 1436 660 1533 diripuit,
685 1452 751 1547 ejus
767 1471 888 1538 quoque
905 1473 1011 1526 omnes
1027 1473 1140 1517 animas
1155 1476 1186 1517 ιιι
1201 1456 1306 1522 Asiam
1360 1448 1361 1451 ¹

127 1563 350 1639 transportavit.
548 1567 555 1575 ‘

215 1664 260 1724 Dc
284 1664 340 1724 hac
362 1662 461 1724 insula
475 1660 589 1724 Lesbos
605 1630 670 1722 luit
678 1659 923 1756 Theophrastus,
945 1659 1063 1722 Aristol
1049 1663 1117 1722 ielis
1134 1682 1305 1727 successor

129 1770 209 1830 Dum
233 1770 314 1846 enim
330 1753 511 1828 Aristoteles
535 1765 571 1826 ad
586 1765 684 1827 finem
707 1767 786 1827 vitae
801 1766 950 1835 venisset,
972 1768 1054 1826 veuit
1076 1766 1114 1827 ad
1136 1786 1218 1829 eum
1216 1773 1307 1834 turba

129 1872 349 1952 discipulorum
372 1888 496 1932 suorum
521 1869 693 1940 obsecrans,
716 1875 751 1929 ut
773 1867 906 1946 aliquem
930 1867 1056 1946 eligeret
1079 1873 1126 1932 sui
1140 1873 1306 1951 magisterii

129 1994 358 2048 successorem3
391 1981 475 2036 erant
498 1980 600 2035 autem
623 1973 682 2034 duo
706 1975 861 2052 praecipui
883 1973 1055 2044 intereos,
1079 1972 1305 2054 Theophrastus

128 2090 158 2143 et
173 2080 413 2152 Mimedemius,
428 2097 557 2165 quorum
579 2078 698 2157 primus,
719 2078 756 2139 de
772 2077 902 2158 Lesbos,
926 2078 1003 2139 alter
1031 2078 1203 2152 delihodo,
1227 2100 1305 2161 qnae

125 2187 242 2249 insulae
271 2191 342 2246 sunt
363 2184 460 2262 Aegei
491 2185 598 2254 maris,
633 2181 778 2244 oriundus
811 2180 876 2243 luit.
922 2180 1015 2242 Porro
1031 2251 1034 2257 ¹
1049 2169 1154 2242 ambae
1187 2185 1306 2248 insulae

126 2292 195 2352 rino
218 2291 331 2369 optimo
354 2294 425 2349 sunt
446 2287 626 2348 foecundae·
671 2286 746 2347 Cum
770 2304 842 2364 ergo
858 2283 1038 2346 Aristoteles
1062 2284 1196 2352 differret
1219 2289 1305 2348 insti-

127 2401 213 2459 tuere
245 2408 455 2453 successorem
482 2388 521 2451 'et
543 2389 684 2468 discipuli
713 2390 876 2460 instarent,
910 2389 989 2469 inter
1012 2390 1147 2448 convivia
1170 2390 1304 2468 postulat

126 2494 306 2559 Aristoteles
330 2501 435 2572 potum
463 2500 493 2554 et
515 2494 622 2553 hausto
647 2492 773 2571 poculo,
796 2475 973 2570 qnodtuno
994 2495 1025 2552 in
1049 2511 1153 2554 mensa
1177 2494 1304 2556 habeba·

128 2610 191 2673 tur,
215 2599 301 2672 dixit,
324 2602 427 2661 vinum
450 2599 524 2660 illud
547 2599 698 2661 insalubre
722 2605 752 2659 et
776 2616 932 2677 asperum,
960 2593 1084 2660 laudans
1106 2600 1209 2659 vinum
1232 2597 1305 2660 Les·

126 2707 209 2767 bium
226 2710 261 2763 -ct
277 2703 436 2764 Rhodium.
484 2705 592 2765 Statim
616 2711 717 2782 autem
741 2712 901 2782 utrumque
926 2702 1057 2764 adlatum
1078 2705 1181 2765 vinum
1216 2711 1247 2764 et
1270 2705 1305 2780 ab

128 2827 165 2870 eo
188 2815 356 2886 gustatum,
381 2807 520 2886 praetulit
536 2793 652 2868 Rhodio
673 2795 814 2868 Lesbium
837 2809 931 2868 etita
955 2815 1024 2886 post
1046 2807 1201 2886 paululum
1225 2827 1305 2868 mor·

127 2918 196 2973 tuus
221 2918 276 2972 est.
322 2910 355 2982 ln
380 2929 416 2973 eo
440 2920 557 2983 autem,
581 2911 663 2990 quod
685 2910 828 2985 Lesbium
851 2914 954 2974 vinum
982 2914 1073 2990 elegit
1098 2919 1127 2973 et
1150 2912 1303 2993 praetulit,

126 3014 338 3077 intellexerunt
353 3010 507 3094 discipuli,
525 3010 768 3096 Theophrastum
781 3003 1010 3095 Lesbiumprae
1026 3019 1143 3079 cunctis
1160 3018 1304 3087 eminere,

128 3120 231 3196 sicque
256 3136 326 3200 eum
349 3126 382 3180 ut
404 3117 600 3180 Aristotelem
624 3121 784 3203 habebant.
1015 3123 1017 3128 '

214 3222 317 3284 lnde
309 3241 340 3307 m
363 3225 467 3300 paucis
490 3222 573 3283 horis
598 3241 667 3283 cum
690 3223 798 3284 eodem
821 3229 912 3284 vento
942 3224 1090 3304 venitur'
1082 3241 1113 3284 m
1134 3223 1304 3304 Phrygiam,

126 3329 283 3406 regionem
306 3325 413 3396 Asiae,
440 3343 517 3404 quae
541 3325 651 3388 dicitur
673 3326 802 3405 Phrygia
825 3327 861 3387 ab
884 3327 1022 3409 Europae
1045 3326 1118 3398 ιιιι;
1154 3329 1227 3388 alias
1251 3346 1304 3388 no·

126 3435 257 3494 minatur
279 3410 427 3494 Dardania
461 3429 655 3501 abardano,
688 3433 739 3509 qni
762 3430 800 3490 de
824 3430 951 3491 Graecia
979 3420 1161 3510 proiectus
1167 3433 1306 3508 pervenit

125 3538 157 3597 in
178 3535 339 3615 Phrygiam
370 3540 402 3594 et
424 3532 536 3594 ibidem
568 3536 705 3612 primitus
738 3536 874 3613 regnavit
906 3540 937 3594 et
968 3535 1065 3612 ipsam
1095 3536 1186 3594 maris
1211 3552 1304 3605 oram,

126 3641 239 3717 inqua
262 3637 417 3709 habitavit,
441 3636 479 3699 de
502 3654 557 3697 suo
580 3639 710 3710 nominc,
726 3635 902 3715 appellavit,
931 3643 999 3714 post
1023 3653 1114 3714 quern
1136 3636 1214 3697 filius
1238 3635 1304 3714 ejus

125 3742 334 3810 Ericthonius,
369 3738 438 3799 dein
471 3757 567 3819 nepos
598 3740 664 3818 eJus
688 3739 780 3812 Tros,
814 3757 913 3818 aquo
946 3743 1050 3803 civitas
1075 3739 1164 3819 TroJ'a
1193 3759 1305 3802 nomen

128 3848 259 3925 accepit,
276 3826 366 3924 uuae
381 3847 412 3906 in
435 3845 584 3907 Dardania
606 3843 653 3906 vel
676 3843 804 3924 Phrygia
826 3850 897 3930 est,
914 3850 944 3904 et
967 3862 984 3905 a
1007 3838 1096 3916 Troja
1119 3847 1202 3922 regio
1225 3843 1305 3907 dicta

128 3956 175 4010 cst
197 3946 342 4031 Trojana,
376 3956 407 4010 ct
432 3967 656 4029 nonnumquam
685 3952 768 4029 regio
800 3955 831 4010 et
854 3950 959 4010 civitas
983 3948 1123 4011 dicuntur
1150 3948 1225 4019 llion
1256 3949 1305 4010 rel

128 4052 229 4124 ilium,
253 4055 288 4134 ab
310 4054 367 4126 llo,
392 4055 452 4116 lilio
476 4054 575 4116 Trdis.
608 4055 675 4115 Fuit
698 4061 799 4122 autem
822 4051 913 4130 TroJa
936 4055 1001 4130 sive
1022 4051 1109 4113 llium
1134 4058 1305 4113 constructa

128 4157 397 4236 tempore‘judicis
419 4158 512 4220 lsrael
533 4157 640 4236 Ajoth,
664 4159 703 4222 de
726 4177 785 4239 quo
805 4156 909 4241 judice
931 4155 1141 4226 ludicum'lll'.
1166 4156 1302 4240 habetur.
