2874 4770
125 352 227 408 tameo
244 346 343 407 solum
358 344 418 405 boc
433 342 616 405 intenderim
631 343 855 416 demonstrare,
871 328 953 422 duod
967 344 1134 406 multitudo
1150 345 1307 406 moscbea

125 467 193 511 mm
217 451 315 528 arguit
336 447 573 527 magnitudinem
596 450 749 528 ingentem
773 449 902 509 civitatis
923 447 1003 508 Cairi
1025 453 1058 508 et
1083 447 1308 510 multitudinem

125 552 306 632 populorum
330 569 366 612 ex
389 549 579 611 multitudine
603 549 804 612 sacerdotum.
847 550 988 637 sienim
1010 557 1099 622 sunt,
1131 558 1168 612 ut
1193 551 1308 623 dicitur,

124 657 279 733 sexaginta
300 654 394 715 millia
415 653 595 726 moscbeae,
619 659 652 714 ut
674 653 790 713 dictum
813 659 859 712 est
882 670 973 730 supra
996 653 1048 713 toi.
1066 650 1131 724 93„
1159 660 1192 713 et
1217 672 1307 731 quae-

124 755 199 818 libet
220 757 362 817 moschea
385 756 475 816 habu
498 754 536 815 ad
557 759 657 819 minus
680 755 755 817 duos
778 756 970 827 sacerdotes,
1002 757 1099 835 Soqui
1125 762 1160 816 et
1182 757 1309 828 Vecten,

125 876 200 920 ecce
215 866 343 937 quantus
360 877 504 921 numerus
520 860 721 934 sacerdotum,
736 859 982 939 demtisAlgahes
992 857 1153 939 (Attrages)
1170 867 1203 920 et
1218 861 1308 922 Neies

125 968 158 1024 et
179 965 308 1024 caeteris
326 962 497 1041 judicibus,
522 967 674 1046 magistris
697 971 729 1026 et
751 963 942 1027 studentibus
965 964 1103 1025 resultat.

124 1263 176 1337 De
202 1264 417 1353 Mamalucis,
455 1267 516 1358 qui
553 1272 635 1338 suot
669 1267 772 1358 quasi
803 1236 1013 1355 principaies
1046 1267 1084 1338 in
1113 1236 1245 1338 Cabiro
1273 1270 1306 1338 'et

437 1387 482 1457 de
511 1405 631 1459 eomm
660 1388 814 1459 moribus
842 1390 877 1459 et
904 1387 985 1457 vita.

211 1586 266 1669 (b)
289 1588 322 1649 ln
355 1589 411 1649 hac
445 1588 518 1649 urbe
543 1590 623 1650 Cairi
646 1593 694 1649 est
723 1587 883 1649 multitudo
914 1589 1042 1648 maxima
1073 1588 1237 1650 hominum
1267 1587 1303 1648 de

124 1695 205 1754 omni
229 1700 332 1770 gente,
365 1709 442 1771 quae
473 1693 529 1753 sub
563 1693 649 1753 coelo
680 1697 744 1762 est,
778 1693 867 1770 primi
901 1696 1002 1750 tamen
1025 1697 1058 1751 et
1081 1689 1200 1751 domini
1224 1693 1303 1752 urbis

124 1794 265 1856 dicuntur
287 1795 464 1867 Mamaluci,
495 1794 527 1855 id
560 1802 621 1867 est,
654 1797 772 1865 armati,
805 1796 857 1873 qui
886 1795 1021 1871 potentia
1055 1799 1087 1854 et
1117 1796 1212 1854 armis
1236 1794 1303 1854 sub-

120 1895 233 1973 jectam
255 1898 363 1958 habent
386 1899 528 1976 patriam;
552 1897 643 1959 modo
658 1904 759 1959 autem
775 1914 881 1958 omnes
895 1894 1058 1956 Mamaluei
1075 1903 1147 1957 sunt
1163 1897 1304 1974 abnegati

126 1998 303 2070 Christiani,
335 2018 478 2078 quorum,
510 2002 602 2073 heu,
620 2007 699 2062 tanta
733 2007 781 2062 est
803 1997 963 2060 multitudo
986 1998 1082 2070 iacta,
1106 1999 1190 2076 quod
1215 2016 1303 2059 omne

125 2099 292 2161 dominium
308 2100 435 2181 Aegypti
452 2111 481 2165 et
498 2105 603 2182 syriae
620 2104 657 2165 de
674 2105 910 2165 sarracenorum
923 2103 1061 2162 manibus
1080 2101 1303 2172 subtraxerunt,

123 2220 181 2266 nec
204 2210 252 2262 est
274 2204 402 2281 amptius
427 2205 534 2283 aliquis
549 2204 738 2268 Mamalueus
760 2210 792 2273 in
814 2207 923 2284 patria,
948 2205 1008 2262 nisi
1031 2203 1200 2286 abnegatus
1217 2204 1303 2266 Chri·

69 2339 72 2343 ·
123 2311 256 2378 stianus,
278 2325 336 2368 neo
360 2309 461 2369 sinunt
484 2308 666 2370 Sarracenos
690 2309 819 2371 militare
842 2312 893 2368 aut
915 2324 998 2367 arma
1020 2304 1114 2377 terre,
1140 2315 1302 2385 quantum·

124 2431 243 2491 cunque
267 2414 326 2471 sint
346 2411 493 2472 bellicosi.
538 2412 665 2491 Insuper
695 2411 733 2473 ad
763 2413 822 2472 hoc
853 2409 1015 2470 deventum
1046 2415 1109 2480 est,
1143 2418 1303 2471 crescente

123 2515 313 2578 multitudine
330 2516 545 2592 abnegatorum
561 2516 798 2576 Christianorum
814 2521 845 2575 et
863 2521 1076 2592 apostatarum,
1092 2513 1175 2592 quod
1185 2515 1304 2575 nullum

124 2622 288 2684 Soldanum
312 2627 362 2681 aut
385 2620 514 2698 Aegypti
546 2636 650 2696 regem
684 2620 885 2687 constituunt,
919 2618 977 2676 nisi
1007 2618 1191 2693 abnegatum
1217 2618 1302 2679 Chri-

124 2727 269 2797 stianum,
295 2725 375 2804 quod
399 2743 459 2784 non
481 2723 576 2783 multo
599 2729 736 2800 tempore
759 2721 825 2790 suit,
848 2739 908 2782 nec
928 2712 974 2781 e'st
997 2724 1042 2781 eis
1065 2728 1223 2794 statutum,
1248 2722 1303 2784 sed

125 2830 287 2891 multitudo
312 2830 439 2891 maxima
462 2831 665 2906 apostatarum
688 2823 719 2884 id
742 2823 831 2895 iecit,
865 2823 946 2902 quod
969 2831 1017 2886 est
1038 2824 1216 2886 sarracenis
1239 2843 1302 2886 ma-

125 2931 203 2992 xima
226 2951 322 3010 poena
345 2940 377 2994 et
391 2932 568 2993 Christianis
591 2931 697 3008 ingens
722 2934 752 2989 et
774 2928 979 3006 vituperabilis
1002 2930 1169 3007 ignominia
1185 2938 1216 2991 et
1232 2929 1302 2990 fidei

125 3037 246 3094 nostrae
269 3036 367 3110 gravis
392 3036 485 3095 ruina.

213 3132 432 3197 Ordinaverunt
453 3156 541 3216 ergo,
564 3135 644 3214 quod
669 3137 707 3195 sit
729 3134 829 3196 nullus
845 3134 1010 3203 soldanus,
1033 3135 1093 3193 nisi
1109 3133 1201 3194 inerit
1218 3136 1303 3212 prius

127 3235 313 3299 Christianus
336 3245 368 3300 et
389 3248 458 3317 post
472 3242 705 3319 abnegationem
720 3236 791 3298 fidei
807 3236 897 3297 fuerit
911 3236 957 3296 bis
973 3234 1128 3307 venditus,
1152 3243 1187 3298 ut
1201 3237 1303 3298 nullus

125 3341 215 3403 bomo
238 3341 304 3401 vilis
327 3340 459 3420 trepidet
481 3345 584 3403 venire
608 3340 646 3402 ad
668 3360 731 3402 eos.
776 3339 890 3401 Verum
922 3357 961 3398 nc
995 3340 1061 3417 regi
1084 3346 1114 3399 et
1141 3343 1187 3400 eis
1214 3342 1302 3419 igno·

126 3443 288 3505 miniosum
310 3443 464 3505 videretur
485 3444 560 3505 haec
582 3444 650 3505 vilis
674 3443 806 3504 conditio
831 3440 968 3512 Soldani‚
988 3441 1104 3509 ,factum
1119 3449 1304 3504 ornaverunt

125 3546 250 3609 historia
273 3547 318 3607 sio
341 3546 473 3626 paginis:
497 3545 601 3607 dicunt
624 3548 714 3618 enim,
739 3543 819 3623 quod
836 3544 1000 3616 Soldaous,
1024 3564 1077 3607 rex
1098 3544 1238 3624 Aegypti,
1262 3547 1304 3605 sit

126 3666 287 3711 successor
309 3646 441 3727 Joseph,
464 3665 555 3726 quem
579 3648 693 3709 Pharao
718 3650 874 3709 constituit
897 3648 1052 3709 dominum
1075 3655 1191 3718 terrae,
1216 3654 1302 3726 post-

127 3769 217 3830 quam
240 3754 368 3813 recessit
390 3768 407 3812 a
430 3749 569 3812 iratribus
593 3751 656 3810 suis
673 3758 703 3811 et
718 3758 880 3829 postquam
894 3752 941 3811 bis
956 3749 1096 3810 venditus
1112 3750 1185 3819 tuit,
1211 3748 1240 3811 1.
1257 3749 1302 3810 ls-

126 3855 271 3925 maelitis‚
304 3852 333 3916 2.
357 3849 518 3930 Potipharo
552 3854 681 3930 principi
711 3853 861 3914 exercitus
895 3850 1075 3924 Pharaonis,
1109 3859 1144 3912 ut
1172 3852 1304 3912 habetur

128 3957 286 4022 Geneseos
306 3952 357 4019 37.
382 3961 413 4017 et
436 3949 487 4016 39.
533 3954 585 4016 Sic
608 3953 726 4029 dicunt,
759 3951 876 4015 nullum
898 3953 1010 4015 debere
1033 3973 1102 4016 esse
1126 3953 1302 4025 soldanum,

127 4062 186 4125 nisi
208 4063 291 4140 quia
313 4060 454 4123 tratribus
478 4059 540 4121 suis
557 4057 735 4121 Christianis
760 4040 923 4147 recesserit
939 4064 968 4118 et
983 4059 1029 4118 bis
1045 4057 1182 4119 venditus
1199 4057 1300 4118 tuerit.

126 4162 203 4228 Puto
227 4169 341 4236 autem,
373 4158 455 4244 quod
486 4159 563 4223 bano
591 4160 693 4223 binam
714 4159 919 4223 venditionem
942 4158 1111 4222 addiderint
1141 4160 1178 4222 ad
1201 4161 1301 4240 quiet-
