<?xml version="1.0" encoding="UTF-8"?>
<!DOCTYPE html PUBLIC "-//W3C//DTD XHTML 1.0 Transitional//EN"
    "http://www.w3.org/TR/xhtml1/DTD/xhtml1-transitional.dtd">
<html xmlns="http://www.w3.org/1999/xhtml" xml:lang="en" lang="en">
 <head>
  <title>
</title>
<meta http-equiv="Content-Type" content="text/html;charset=utf-8" />
  <meta name='ocr-system' content='tesseract 3.04.00' />
  <meta name='ocr-capabilities' content='ocr_page ocr_carea ocr_par ocr_line ocrx_word'/>
</head>
<body>
  <div class='ocr_page' id='page_1' title='image "./fratrisfelicisf00fabrgoog_0315.png"; bbox 0 0 2902 4710; ppageno 0'>
   <div class='ocr_carea' id='block_1_1' title="bbox 684 138 749 209">
    <p class='ocr_par' dir='ltr' id='par_1_1' title="bbox 684 138 749 209">
     <span class='ocr_line' id='line_1_1' title="bbox 684 138 749 209; baseline -0.015 0"><span class='ocrx_word' id='word_1_1' title='bbox 684 138 749 209; x_wconf 81' lang='lat' dir='ltr'>ala</span> 
     </span>
    </p>
   </div>
   <div class='ocr_carea' id='block_1_2' title="bbox 83 314 1335 3625">
    <p class='ocr_par' dir='ltr' id='par_1_2' title="bbox 123 314 1335 1852">
     <span class='ocr_line' id='line_1_2' title="bbox 128 314 1335 417; baseline -0.003 -31"><span class='ocrx_word' id='word_1_2' title='bbox 128 323 246 405; x_wconf 84' lang='lat' dir='ltr'>appulsi</span> <span class='ocrx_word' id='word_1_3' title='bbox 274 322 438 382; x_wconf 79' lang='lat' dir='ltr'><strong>fuissemus</strong></span> <span class='ocrx_word' id='word_1_4' title='bbox 460 316 592 396; x_wconf 89' lang='lat' dir='ltr'>thajae</span> <span class='ocrx_word' id='word_1_5' title='bbox 625 319 689 380; x_wconf 84' lang='lat' dir='ltr'>sive</span> <span class='ocrx_word' id='word_1_6' title='bbox 719 315 922 397; x_wconf 80' lang='lat' dir='ltr'><strong>Peloponnesi</strong></span> <span class='ocrx_word' id='word_1_7' title='bbox 954 320 1018 380; x_wconf 84' lang='lat' dir='ltr'>sive</span> <span class='ocrx_word' id='word_1_8' title='bbox 1049 314 1191 390; x_wconf 87' lang='lat' dir='ltr'>Moreae,</span> <span class='ocrx_word' id='word_1_9' title='bbox 1224 336 1335 417; x_wconf 41' lang='lat' dir='ltr'>quaa,</span> 
     </span>
     <span class='ocr_line' id='line_1_3' title="bbox 127 419 1309 504; baseline -0.003 -14"><span class='ocrx_word' id='word_1_10' title='bbox 127 444 218 490; x_wconf 91' lang='lat' dir='ltr'>unam</span> <span class='ocrx_word' id='word_1_11' title='bbox 240 428 396 504; x_wconf 83' lang='lat' dir='ltr'>regionem</span> <span class='ocrx_word' id='word_1_12' title='bbox 418 425 583 484; x_wconf 89' lang='lat' dir='ltr'>nominant.</span> <span class='ocrx_word' id='word_1_13' title='bbox 629 422 816 483; x_wconf 81' lang='lat' dir='ltr'>Estautem</span> <span class='ocrx_word' id='word_1_14' title='bbox 838 419 952 499; x_wconf 89' lang='lat' dir='ltr'>Achaja</span> <span class='ocrx_word' id='word_1_15' title='bbox 983 424 1136 501; x_wconf 86' lang='lat' dir='ltr'>provincia</span> <span class='ocrx_word' id='word_1_16' title='bbox 1159 421 1309 486; x_wconf 74' lang='lat' dir='ltr'><strong>Graeciae</strong></span> 
     </span>
     <span class='ocr_line' id='line_1_4' title="bbox 128 523 1310 608; baseline -0.004 -16"><span class='ocrx_word' id='word_1_17' title='bbox 128 533 160 592; x_wconf 92' lang='lat' dir='ltr'>iu</span> <span class='ocrx_word' id='word_1_18' title='bbox 182 531 317 608; x_wconf 81' lang='lat' dir='ltr'>Europa,</span> <span class='ocrx_word' id='word_1_19' title='bbox 342 528 377 588; x_wconf 90' lang='lat' dir='ltr'>ab</span> <span class='ocrx_word' id='word_1_20' title='bbox 393 525 524 597; x_wconf 88' lang='lat' dir='ltr'>Achaeo,</span> <span class='ocrx_word' id='word_1_21' title='bbox 548 525 630 588; x_wconf 89' lang='lat' dir='ltr'>Jovis</span> <span class='ocrx_word' id='word_1_22' title='bbox 654 526 724 596; x_wconf 89' lang='lat' dir='ltr'>filio,</span> <span class='ocrx_word' id='word_1_23' title='bbox 748 544 829 604; x_wconf 90' lang='lat' dir='ltr'>rege,</span> <span class='ocrx_word' id='word_1_24' title='bbox 854 525 1014 604; x_wconf 88' lang='lat' dir='ltr'>appellata.</span> <span class='ocrx_word' id='word_1_25' title='bbox 1044 523 1127 586; x_wconf 88' lang='lat' dir='ltr'>Haec</span> <span class='ocrx_word' id='word_1_26' title='bbox 1150 528 1310 604; x_wconf 88' lang='lat' dir='ltr'>provincia</span> 
     </span>
     <span class='ocr_line' id='line_1_5' title="bbox 127 625 1308 708; baseline -0.002 -14"><span class='ocrx_word' id='word_1_27' title='bbox 127 634 191 694; x_wconf 90' lang='lat' dir='ltr'>fere</span> <span class='ocrx_word' id='word_1_28' title='bbox 214 641 276 694; x_wconf 87' lang='lat' dir='ltr'>tota</span> <span class='ocrx_word' id='word_1_29' title='bbox 300 641 347 692; x_wconf 92' lang='lat' dir='ltr'>est</span> <span class='ocrx_word' id='word_1_30' title='bbox 369 632 482 701; x_wconf 90' lang='lat' dir='ltr'>insula,</span> <span class='ocrx_word' id='word_1_31' title='bbox 505 649 575 691; x_wconf 91' lang='lat' dir='ltr'>narn</span> <span class='ocrx_word' id='word_1_32' title='bbox 598 636 718 708; x_wconf 88' lang='lat' dir='ltr'>praeter</span> <span class='ocrx_word' id='word_1_33' title='bbox 741 647 756 688; x_wconf 94' lang='lat' dir='ltr'>a</span> <span class='ocrx_word' id='word_1_34' title='bbox 781 630 1018 707; x_wconf 76' lang='lat' dir='ltr'>septemtrione,</span> <span class='ocrx_word' id='word_1_35' title='bbox 1042 630 1092 690; x_wconf 94' lang='lat' dir='ltr'>ubi</span> <span class='ocrx_word' id='word_1_36' title='bbox 1107 625 1308 692; x_wconf 82' lang='lat' dir='ltr'>Macedoniae</span> 
     </span>
     <span class='ocr_line' id='line_1_6' title="bbox 123 731 1309 816; baseline -0.003 -18"><span class='ocrx_word' id='word_1_37' title='bbox 123 735 275 816; x_wconf 83' lang='lat' dir='ltr'>J&#39;ungitur,</span> <span class='ocrx_word' id='word_1_38' title='bbox 299 736 431 813; x_wconf 90' lang='lat' dir='ltr'>undique</span> <span class='ocrx_word' id='word_1_39' title='bbox 456 737 531 795; x_wconf 92' lang='lat' dir='ltr'>mari</span> <span class='ocrx_word' id='word_1_40' title='bbox 555 736 691 812; x_wconf 82' lang='lat' dir='ltr'>cingitur.</span> <span class='ocrx_word' id='word_1_41' title='bbox 728 731 761 792; x_wconf 95' lang='lat' dir='ltr'>ln</span> <span class='ocrx_word' id='word_1_42' title='bbox 785 750 821 793; x_wconf 92' lang='lat' dir='ltr'>ea</span> <span class='ocrx_word' id='word_1_43' title='bbox 844 739 890 793; x_wconf 91' lang='lat' dir='ltr'>est</span> <span class='ocrx_word' id='word_1_44' title='bbox 913 733 1086 812; x_wconf 86' lang='lat' dir='ltr'>principalis</span> <span class='ocrx_word' id='word_1_45' title='bbox 1108 733 1174 793; x_wconf 90' lang='lat' dir='ltr'>urbi</span> <span class='ocrx_word' id='word_1_46' title='bbox 1198 733 1309 795; x_wconf 83' lang='lat' dir='ltr'>Corin-</span> 
     </span>
     <span class='ocr_line' id='line_1_7' title="bbox 126 835 1309 919; baseline -0.003 -17"><span class='ocrx_word' id='word_1_47' title='bbox 126 842 211 912; x_wconf 92' lang='lat' dir='ltr'>thus,</span> <span class='ocrx_word' id='word_1_48' title='bbox 243 841 315 900; x_wconf 90' lang='lat' dir='ltr'>olim</span> <span class='ocrx_word' id='word_1_49' title='bbox 339 838 475 917; x_wconf 89' lang='lat' dir='ltr'>grandis,</span> <span class='ocrx_word' id='word_1_50' title='bbox 507 847 615 918; x_wconf 89' lang='lat' dir='ltr'>potens</span> <span class='ocrx_word' id='word_1_51' title='bbox 650 846 681 900; x_wconf 91' lang='lat' dir='ltr'>et</span> <span class='ocrx_word' id='word_1_52' title='bbox 708 839 855 919; x_wconf 91' lang='lat' dir='ltr'>gloriosa,</span> <span class='ocrx_word' id='word_1_53' title='bbox 886 856 963 916; x_wconf 91' lang='lat' dir='ltr'>quae</span> <span class='ocrx_word' id='word_1_54' title='bbox 987 846 1124 917; x_wconf 89' lang='lat' dir='ltr'>ternpore</span> <span class='ocrx_word' id='word_1_55' title='bbox 1146 835 1309 918; x_wconf 86' lang='lat' dir='ltr'>Moysisa</span> 
     </span>
     <span class='ocr_line' id='line_1_8' title="bbox 126 941 1309 1024; baseline -0.003 -17"><span class='ocrx_word' id='word_1_56' title='bbox 126 946 254 1024; x_wconf 81' lang='lat' dir='ltr'>Sisypho</span> <span class='ocrx_word' id='word_1_57' title='bbox 284 945 399 1004; x_wconf 91' lang='lat' dir='ltr'>latrone</span> <span class='ocrx_word' id='word_1_58' title='bbox 432 944 488 1023; x_wconf 89' lang='lat' dir='ltr'>fuit</span> <span class='ocrx_word' id='word_1_59' title='bbox 518 943 672 1004; x_wconf 86' lang='lat' dir='ltr'>aedificata</span> <span class='ocrx_word' id='word_1_60' title='bbox 707 951 739 1003; x_wconf 93' lang='lat' dir='ltr'>et</span> <span class='ocrx_word' id='word_1_61' title='bbox 766 941 880 1003; x_wconf 90' lang='lat' dir='ltr'>Arthea</span> <span class='ocrx_word' id='word_1_62' title='bbox 910 942 1008 1012; x_wconf 91' lang='lat' dir='ltr'>diota,</span> <span class='ocrx_word' id='word_1_63' title='bbox 1048 948 1079 1002; x_wconf 90' lang='lat' dir='ltr'>et</span> <span class='ocrx_word' id='word_1_64' title='bbox 1108 948 1177 1021; x_wconf 95' lang='lat' dir='ltr'>post</span> <span class='ocrx_word' id='word_1_65' title='bbox 1217 949 1309 1004; x_wconf 86' lang='lat' dir='ltr'>aucta</span> 
     </span>
     <span class='ocr_line' id='line_1_9' title="bbox 125 1044 1308 1128; baseline -0.002 -19"><span class='ocrx_word' id='word_1_66' title='bbox 125 1049 223 1128; x_wconf 80' lang='lat' dir='ltr'>Epyra</span> <span class='ocrx_word' id='word_1_67' title='bbox 246 1055 293 1108; x_wconf 91' lang='lat' dir='ltr'>est</span> <span class='ocrx_word' id='word_1_68' title='bbox 317 1044 372 1128; x_wconf 76' lang='lat' dir='ltr'>(b)</span> <span class='ocrx_word' id='word_1_69' title='bbox 396 1050 563 1119; x_wconf 90' lang='lat' dir='ltr'>nominata,</span> <span class='ocrx_word' id='word_1_70' title='bbox 588 1049 658 1125; x_wconf 93' lang='lat' dir='ltr'>quia</span> <span class='ocrx_word' id='word_1_71' title='bbox 682 1048 760 1106; x_wconf 90' lang='lat' dir='ltr'>aeris</span> <span class='ocrx_word' id='word_1_72' title='bbox 785 1045 950 1107; x_wconf 84' lang='lat' dir='ltr'>conflatura</span> <span class='ocrx_word' id='word_1_73' title='bbox 972 1047 1013 1106; x_wconf 95' lang='lat' dir='ltr'>ibi</span> <span class='ocrx_word' id='word_1_74' title='bbox 1036 1052 1109 1106; x_wconf 89' lang='lat' dir='ltr'>erat.</span> <span class='ocrx_word' id='word_1_75' title='bbox 1147 1045 1210 1107; x_wconf 91' lang='lat' dir='ltr'>Sed</span> <span class='ocrx_word' id='word_1_76' title='bbox 1234 1046 1308 1108; x_wconf 91' lang='lat' dir='ltr'>iude</span> 
     </span>
     <span class='ocr_line' id='line_1_10' title="bbox 128 1150 1308 1230; baseline -0.004 -16"><span class='ocrx_word' id='word_1_77' title='bbox 128 1152 282 1215; x_wconf 88' lang='lat' dir='ltr'>destructa</span> <span class='ocrx_word' id='word_1_78' title='bbox 307 1151 429 1230; x_wconf 92' lang='lat' dir='ltr'>quidam</span> <span class='ocrx_word' id='word_1_79' title='bbox 455 1150 615 1212; x_wconf 85' lang='lat' dir='ltr'>Corinthus</span> <span class='ocrx_word' id='word_1_80' title='bbox 639 1150 737 1211; x_wconf 87' lang='lat' dir='ltr'>dictus</span> <span class='ocrx_word' id='word_1_81' title='bbox 768 1167 835 1210; x_wconf 90' lang='lat' dir='ltr'>earn</span> <span class='ocrx_word' id='word_1_82' title='bbox 859 1167 1006 1210; x_wconf 89' lang='lat' dir='ltr'>renovans</span> <span class='ocrx_word' id='word_1_83' title='bbox 1030 1151 1057 1209; x_wconf 89' lang='lat' dir='ltr'>ei</span> <span class='ocrx_word' id='word_1_84' title='bbox 1080 1167 1194 1212; x_wconf 91' lang='lat' dir='ltr'>nomen</span> <span class='ocrx_word' id='word_1_85' title='bbox 1216 1167 1308 1210; x_wconf 90' lang='lat' dir='ltr'>suum</span> 
     </span>
     <span class='ocr_line' id='line_1_11' title="bbox 126 1252 1308 1332; baseline -0.001 -15"><span class='ocrx_word' id='word_1_86' title='bbox 126 1255 219 1317; x_wconf 88' lang='lat' dir='ltr'>dedit.</span> <span class='ocrx_word' id='word_1_87' title='bbox 264 1253 311 1314; x_wconf 93' lang='lat' dir='ltr'>Ad</span> <span class='ocrx_word' id='word_1_88' title='bbox 334 1255 412 1315; x_wconf 89' lang='lat' dir='ltr'>hanc</span> <span class='ocrx_word' id='word_1_89' title='bbox 435 1256 538 1316; x_wconf 89' lang='lat' dir='ltr'>scriblt</span> <span class='ocrx_word' id='word_1_90' title='bbox 562 1254 593 1314; x_wconf 88' lang='lat' dir='ltr'>S.</span> <span class='ocrx_word' id='word_1_91' title='bbox 606 1252 716 1314; x_wconf 92' lang='lat' dir='ltr'>Paulus</span> <span class='ocrx_word' id='word_1_92' title='bbox 740 1252 814 1314; x_wconf 90' lang='lat' dir='ltr'>duas</span> <span class='ocrx_word' id='word_1_93' title='bbox 837 1270 959 1331; x_wconf 89' lang='lat' dir='ltr'>magnas</span> <span class='ocrx_word' id='word_1_94' title='bbox 983 1253 1136 1331; x_wconf 87' lang='lat' dir='ltr'>epistolas,</span> <span class='ocrx_word' id='word_1_95' title='bbox 1159 1271 1308 1332; x_wconf 91' lang='lat' dir='ltr'>persona-</span> 
     </span>
     <span class='ocr_line' id='line_1_12' title="bbox 126 1357 1309 1441; baseline -0.002 -19"><span class='ocrx_word' id='word_1_96' title='bbox 126 1363 254 1441; x_wconf 89' lang='lat' dir='ltr'>literque</span> <span class='ocrx_word' id='word_1_97' title='bbox 289 1379 358 1420; x_wconf 90' lang='lat' dir='ltr'>curn</span> <span class='ocrx_word' id='word_1_98' title='bbox 392 1359 553 1421; x_wconf 86' lang='lat' dir='ltr'>Corinthiis</span> <span class='ocrx_word' id='word_1_99' title='bbox 592 1358 647 1418; x_wconf 89' lang='lat' dir='ltr'>luit</span> <span class='ocrx_word' id='word_1_100' title='bbox 681 1376 794 1436; x_wconf 87' lang='lat' dir='ltr'>eosque</span> <span class='ocrx_word' id='word_1_101' title='bbox 826 1359 976 1418; x_wconf 89' lang='lat' dir='ltr'>convertit</span> <span class='ocrx_word' id='word_1_102' title='bbox 1006 1357 1044 1418; x_wconf 94' lang='lat' dir='ltr'>ad</span> <span class='ocrx_word' id='word_1_103' title='bbox 1076 1357 1175 1418; x_wconf 90' lang='lat' dir='ltr'>fidem.</span> <span class='ocrx_word' id='word_1_104' title='bbox 1221 1357 1309 1420; x_wconf 89' lang='lat' dir='ltr'>Haec</span> 
     </span>
     <span class='ocr_line' id='line_1_13' title="bbox 128 1452 1309 1539; baseline -0.001 -13"><span class='ocrx_word' id='word_1_105' title='bbox 128 1467 231 1527; x_wconf 88' lang='lat' dir='ltr'>civitas</span> <span class='ocrx_word' id='word_1_106' title='bbox 254 1463 348 1524; x_wconf 90' lang='lat' dir='ltr'>fuisse</span> <span class='ocrx_word' id='word_1_107' title='bbox 372 1462 481 1524; x_wconf 89' lang='lat' dir='ltr'>dicitur</span> <span class='ocrx_word' id='word_1_108' title='bbox 503 1463 719 1534; x_wconf 89' lang='lat' dir='ltr'>munitissima,</span> <span class='ocrx_word' id='word_1_109' title='bbox 754 1479 845 1539; x_wconf 93' lang='lat' dir='ltr'>quarn</span> <span class='ocrx_word' id='word_1_110' title='bbox 877 1452 1130 1522; x_wconf 58' lang='lat' dir='ltr'>tamen&#39;llomani</span> <span class='ocrx_word' id='word_1_111' title='bbox 1152 1463 1183 1523; x_wconf 91' lang='lat' dir='ltr'>in</span> <span class='ocrx_word' id='word_1_112' title='bbox 1206 1463 1309 1525; x_wconf 89' lang='lat' dir='ltr'>solum</span> 
     </span>
     <span class='ocr_line' id='line_1_14' title="bbox 126 1565 1307 1646; baseline -0.002 -16"><span class='ocrx_word' id='word_1_113' title='bbox 126 1567 332 1639; x_wconf 84' lang='lat' dir='ltr'>deduxerunt,</span> <span class='ocrx_word' id='word_1_114' title='bbox 365 1573 488 1646; x_wconf 89' lang='lat' dir='ltr'>etpost</span> <span class='ocrx_word' id='word_1_115' title='bbox 518 1584 682 1646; x_wconf 91' lang='lat' dir='ltr'>numquam</span> <span class='ocrx_word' id='word_1_116' title='bbox 706 1565 866 1626; x_wconf 89' lang='lat' dir='ltr'>convaluit.</span> <span class='ocrx_word' id='word_1_117' title='bbox 911 1565 965 1626; x_wconf 87' lang='lat' dir='ltr'>Est</span> <span class='ocrx_word' id='word_1_118' title='bbox 987 1567 1111 1643; x_wconf 92' lang='lat' dir='ltr'>insuper</span> <span class='ocrx_word' id='word_1_119' title='bbox 1134 1567 1163 1626; x_wconf 93' lang='lat' dir='ltr'>in</span> <span class='ocrx_word' id='word_1_120' title='bbox 1189 1583 1225 1627; x_wconf 90' lang='lat' dir='ltr'>ea</span> <span class='ocrx_word' id='word_1_121' title='bbox 1248 1565 1307 1628; x_wconf 89' lang='lat' dir='ltr'>Pa-</span> 
     </span>
     <span class='ocr_line' id='line_1_15' title="bbox 126 1655 1309 1751; baseline -0.002 -17"><span class='ocrx_word' id='word_1_122' title='bbox 126 1680 187 1735; x_wconf 90' lang='lat' dir='ltr'>tras</span> <span class='ocrx_word' id='word_1_123' title='bbox 211 1689 317 1751; x_wconf 89' lang='lat' dir='ltr'>magna</span> <span class='ocrx_word' id='word_1_124' title='bbox 341 1671 455 1742; x_wconf 89' lang='lat' dir='ltr'>civitas,</span> <span class='ocrx_word' id='word_1_125' title='bbox 479 1673 510 1731; x_wconf 93' lang='lat' dir='ltr'>in</span> <span class='ocrx_word' id='word_1_126' title='bbox 533 1688 591 1749; x_wconf 93' lang='lat' dir='ltr'>qua</span> <span class='ocrx_word' id='word_1_127' title='bbox 605 1672 712 1731; x_wconf 89' lang='lat' dir='ltr'>beatus</span> <span class='ocrx_word' id='word_1_128' title='bbox 734 1655 871 1730; x_wconf 90' lang='lat' dir='ltr'>Andreas</span> <span class='ocrx_word' id='word_1_129' title='bbox 895 1670 1050 1748; x_wconf 88' lang='lat' dir='ltr'>apostolus</span> <span class='ocrx_word' id='word_1_130' title='bbox 1067 1669 1251 1748; x_wconf 81' lang='lat' dir='ltr'>praedicarit</span> <span class='ocrx_word' id='word_1_131' title='bbox 1275 1676 1309 1732; x_wconf 92' lang='lat' dir='ltr'>et</span> 
     </span>
     <span class='ocr_line' id='line_1_16' title="bbox 127 1771 1146 1852; baseline -0.002 -16"><span class='ocrx_word' id='word_1_132' title='bbox 127 1777 284 1837; x_wconf 82' lang='lat' dir='ltr'>crucifixus</span> <span class='ocrx_word' id='word_1_133' title='bbox 308 1774 374 1834; x_wconf 81' lang='lat' dir='ltr'>fuit.</span> <span class='ocrx_word' id='word_1_134' title='bbox 419 1774 473 1834; x_wconf 90' lang='lat' dir='ltr'>Est</span> <span class='ocrx_word' id='word_1_135' title='bbox 495 1793 576 1837; x_wconf 91' lang='lat' dir='ltr'>nunc</span> <span class='ocrx_word' id='word_1_136' title='bbox 597 1780 661 1834; x_wconf 88' lang='lat' dir='ltr'>tota</span> <span class='ocrx_word' id='word_1_137' title='bbox 682 1771 794 1850; x_wconf 90' lang='lat' dir='ltr'>Achaja</span> <span class='ocrx_word' id='word_1_138' title='bbox 819 1791 962 1852; x_wconf 89' lang='lat' dir='ltr'>possessa</span> <span class='ocrx_word' id='word_1_139' title='bbox 990 1789 1006 1832; x_wconf 98' lang='lat' dir='ltr'>a</span> <span class='ocrx_word' id='word_1_140' title='bbox 1029 1772 1146 1834; x_wconf 89' lang='lat' dir='ltr'>Turcis.</span> 
     </span>
    </p>

    <p class='ocr_par' dir='ltr' id='par_1_3' title="bbox 83 1873 1326 3625">
     <span class='ocr_line' id='line_1_17' title="bbox 214 1873 1309 1957; baseline 0 -18"><span class='ocrx_word' id='word_1_141' title='bbox 214 1880 312 1940; x_wconf 86' lang='lat' dir='ltr'>Habet</span> <span class='ocrx_word' id='word_1_142' title='bbox 337 1881 427 1939; x_wconf 90' lang='lat' dir='ltr'>etiam</span> <span class='ocrx_word' id='word_1_143' title='bbox 444 1877 557 1954; x_wconf 87' lang='lat' dir='ltr'>thaja</span> <span class='ocrx_word' id='word_1_144' title='bbox 580 1878 819 1957; x_wconf 87' lang='lat' dir='ltr'>promontorium</span> <span class='ocrx_word' id='word_1_145' title='bbox 836 1876 1001 1955; x_wconf 88' lang='lat' dir='ltr'>quoddam,</span> <span class='ocrx_word' id='word_1_146' title='bbox 1024 1873 1158 1938; x_wconf 88' lang='lat' dir='ltr'>Maleum</span> <span class='ocrx_word' id='word_1_147' title='bbox 1175 1876 1309 1952; x_wconf 89' lang='lat' dir='ltr'>dictum,</span> 
     </span>
     <span class='ocr_line' id='line_1_18' title="bbox 83 1966 1311 2063; baseline -0.001 -18"><span class='ocrx_word' id='word_1_148' title='bbox 83 2009 94 2032; x_wconf 67' lang='lat'><strong>⁴</strong></span> <span class='ocrx_word' id='word_1_149' title='bbox 128 1984 211 2063; x_wconf 94' lang='lat' dir='ltr'>quod</span> <span class='ocrx_word' id='word_1_150' title='bbox 242 1986 334 2044; x_wconf 89' lang='lat' dir='ltr'>intrat</span> <span class='ocrx_word' id='word_1_151' title='bbox 364 2000 447 2043; x_wconf 92' lang='lat' dir='ltr'>mare</span> <span class='ocrx_word' id='word_1_152' title='bbox 482 1989 513 2043; x_wconf 92' lang='lat' dir='ltr'>et</span> <span class='ocrx_word' id='word_1_153' title='bbox 536 2001 591 2062; x_wconf 89' lang='lat' dir='ltr'>per</span> <span class='ocrx_word' id='word_1_154' title='bbox 613 1966 749 2043; x_wconf 89' lang='lat' dir='ltr'>milliaria</span> <span class='ocrx_word' id='word_1_155' title='bbox 780 1984 996 2062; x_wconf 85' lang='lat' dir='ltr'>quinquaginta</span> <span class='ocrx_word' id='word_1_156' title='bbox 1018 1984 1223 2062; x_wconf 85' lang='lat' dir='ltr'>protenditur,</span> <span class='ocrx_word' id='word_1_157' title='bbox 1256 1982 1311 2045; x_wconf 92' lang='lat' dir='ltr'>ubi</span> 
     </span>
     <span class='ocr_line' id='line_1_19' title="bbox 127 2082 1310 2165; baseline 0.003 -17"><span class='ocrx_word' id='word_1_158' title='bbox 127 2087 208 2149; x_wconf 91' lang='lat' dir='ltr'>unda</span> <span class='ocrx_word' id='word_1_159' title='bbox 230 2088 272 2146; x_wconf 88' lang='lat' dir='ltr'>ita</span> <span class='ocrx_word' id='word_1_160' title='bbox 300 2103 390 2147; x_wconf 87' lang='lat' dir='ltr'>saeva</span> <span class='ocrx_word' id='word_1_161' title='bbox 423 2093 487 2158; x_wconf 90' lang='lat' dir='ltr'>est,</span> <span class='ocrx_word' id='word_1_162' title='bbox 521 2092 554 2146; x_wconf 97' lang='lat' dir='ltr'>ut</span> <span class='ocrx_word' id='word_1_163' title='bbox 586 2088 730 2165; x_wconf 89' lang='lat' dir='ltr'>prosequi</span> <span class='ocrx_word' id='word_1_164' title='bbox 760 2089 935 2164; x_wconf 90' lang='lat' dir='ltr'>navigantes</span> <span class='ocrx_word' id='word_1_165' title='bbox 968 2082 1104 2148; x_wconf 85' lang='lat' dir='ltr'>videatur</span> <span class='ocrx_word' id='word_1_166' title='bbox 1136 2094 1167 2150; x_wconf 91' lang='lat' dir='ltr'>et</span> <span class='ocrx_word' id='word_1_167' title='bbox 1200 2096 1310 2151; x_wconf 89' lang='lat' dir='ltr'>nautas</span> 
     </span>
     <span class='ocr_line' id='line_1_20' title="bbox 126 2188 1310 2272; baseline 0.001 -21"><span class='ocrx_word' id='word_1_168' title='bbox 126 2193 255 2272; x_wconf 89' lang='lat' dir='ltr'>insequi.</span> <span class='ocrx_word' id='word_1_169' title='bbox 285 2190 327 2250; x_wconf 84' lang='lat' dir='ltr'>Ex</span> <span class='ocrx_word' id='word_1_170' title='bbox 350 2208 409 2268; x_wconf 95' lang='lat' dir='ltr'>quo</span> <span class='ocrx_word' id='word_1_171' title='bbox 432 2197 584 2262; x_wconf 91' lang='lat' dir='ltr'>narratur,</span> <span class='ocrx_word' id='word_1_172' title='bbox 608 2188 689 2270; x_wconf 89' lang='lat' dir='ltr'>quod</span> <span class='ocrx_word' id='word_1_173' title='bbox 714 2209 782 2250; x_wconf 91' lang='lat' dir='ltr'>oum</span> <span class='ocrx_word' id='word_1_174' title='bbox 806 2190 1034 2269; x_wconf 78' lang='lat' dir='ltr'>conscendisset</span> <span class='ocrx_word' id='word_1_175' title='bbox 1055 2194 1086 2252; x_wconf 94' lang='lat' dir='ltr'>iu</span> <span class='ocrx_word' id='word_1_176' title='bbox 1102 2209 1172 2252; x_wconf 91' lang='lat' dir='ltr'>eum</span> <span class='ocrx_word' id='word_1_177' title='bbox 1187 2189 1310 2253; x_wconf 88' lang='lat' dir='ltr'>Maleus</span> 
     </span>
     <span class='ocr_line' id='line_1_21' title="bbox 125 2296 1311 2376; baseline 0.003 -19"><span class='ocrx_word' id='word_1_178' title='bbox 125 2296 304 2375; x_wconf 86' lang='lat' dir='ltr'>Argivorum</span> <span class='ocrx_word' id='word_1_179' title='bbox 327 2313 395 2367; x_wconf 83' lang='lat' dir='ltr'>rer,</span> <span class='ocrx_word' id='word_1_180' title='bbox 427 2297 479 2375; x_wconf 88' lang='lat' dir='ltr'>qui</span> <span class='ocrx_word' id='word_1_181' title='bbox 501 2297 616 2374; x_wconf 84' lang='lat' dir='ltr'>primus</span> <span class='ocrx_word' id='word_1_182' title='bbox 645 2297 748 2357; x_wconf 91' lang='lat' dir='ltr'>tubam</span> <span class='ocrx_word' id='word_1_183' title='bbox 778 2313 898 2358; x_wconf 90' lang='lat' dir='ltr'>aeream</span> <span class='ocrx_word' id='word_1_184' title='bbox 931 2298 1088 2359; x_wconf 85' lang='lat' dir='ltr'>invenerat</span> <span class='ocrx_word' id='word_1_185' title='bbox 1120 2304 1151 2358; x_wconf 91' lang='lat' dir='ltr'>et</span> <span class='ocrx_word' id='word_1_186' title='bbox 1181 2298 1311 2376; x_wconf 79' lang='lat' dir='ltr'>piratica</span> 
     </span>
     <span class='ocr_line' id='line_1_22' title="bbox 126 2400 1310 2482; baseline -0.001 -18"><span class='ocrx_word' id='word_1_187' title='bbox 126 2422 209 2464; x_wconf 91' lang='lat' dir='ltr'>mare</span> <span class='ocrx_word' id='word_1_188' title='bbox 238 2402 414 2475; x_wconf 74' lang='lat' dir='ltr'>infestabat,</span> <span class='ocrx_word' id='word_1_189' title='bbox 446 2405 477 2462; x_wconf 95' lang='lat' dir='ltr'>in</span> <span class='ocrx_word' id='word_1_190' title='bbox 509 2421 545 2462; x_wconf 88' lang='lat' dir='ltr'>eo</span> <span class='ocrx_word' id='word_1_191' title='bbox 579 2403 726 2482; x_wconf 86' lang='lat' dir='ltr'>templum</span> <span class='ocrx_word' id='word_1_192' title='bbox 758 2400 905 2480; x_wconf 85' lang='lat' dir='ltr'>Apollinis</span> <span class='ocrx_word' id='word_1_193' title='bbox 937 2403 1140 2472; x_wconf 86' lang='lat' dir='ltr'>consecravit,</span> <span class='ocrx_word' id='word_1_194' title='bbox 1175 2419 1310 2481; x_wconf 90' lang='lat' dir='ltr'>eumque</span> 
     </span>
     <span class='ocr_line' id='line_1_23' title="bbox 125 2498 1309 2590; baseline 0 -20"><span class='ocrx_word' id='word_1_195' title='bbox 125 2498 370 2590; x_wconf 89' lang='lat' dir='ltr'>promontorium</span> <span class='ocrx_word' id='word_1_196' title='bbox 388 2504 568 2567; x_wconf 90' lang='lat' dir='ltr'>Meleatrem</span> <span class='ocrx_word' id='word_1_197' title='bbox 591 2508 791 2585; x_wconf 88' lang='lat' dir='ltr'>nuncupavit,</span> <span class='ocrx_word' id='word_1_198' title='bbox 826 2505 908 2584; x_wconf 92' lang='lat' dir='ltr'>quod</span> <span class='ocrx_word' id='word_1_199' title='bbox 930 2525 986 2567; x_wconf 91' lang='lat' dir='ltr'>nos</span> <span class='ocrx_word' id='word_1_200' title='bbox 1008 2505 1143 2568; x_wconf 89' lang='lat' dir='ltr'>Maleum</span> <span class='ocrx_word' id='word_1_201' title='bbox 1166 2506 1309 2570; x_wconf 89' lang='lat' dir='ltr'>dicimus.</span> 
     </span>
     <span class='ocr_line' id='line_1_24' title="bbox 125 2607 1311 2690; baseline 0.003 -18"><span class='ocrx_word' id='word_1_202' title='bbox 125 2611 173 2672; x_wconf 91' lang='lat' dir='ltr'>Ad</span> <span class='ocrx_word' id='word_1_203' title='bbox 195 2612 252 2671; x_wconf 89' lang='lat' dir='ltr'>hoc</span> <span class='ocrx_word' id='word_1_204' title='bbox 275 2612 514 2690; x_wconf 92' lang='lat' dir='ltr'>promontorium</span> <span class='ocrx_word' id='word_1_205' title='bbox 527 2607 726 2688; x_wconf 79' lang='lat' dir='ltr'>Amphiaraus</span> <span class='ocrx_word' id='word_1_206' title='bbox 743 2616 826 2671; x_wconf 88' lang='lat' dir='ltr'>vates</span> <span class='ocrx_word' id='word_1_207' title='bbox 851 2616 882 2670; x_wconf 88' lang='lat' dir='ltr'>et</span> <span class='ocrx_word' id='word_1_208' title='bbox 897 2627 991 2688; x_wconf 89' lang='lat' dir='ltr'>augur</span> <span class='ocrx_word' id='word_1_209' title='bbox 1007 2611 1144 2672; x_wconf 91' lang='lat' dir='ltr'>ascendit</span> <span class='ocrx_word' id='word_1_210' title='bbox 1163 2629 1221 2677; x_wconf 88' lang='lat' dir='ltr'>uua</span> <span class='ocrx_word' id='word_1_211' title='bbox 1237 2632 1311 2681; x_wconf 90' lang='lat' dir='ltr'>cum</span> 
     </span>
     <span class='ocr_line' id='line_1_25' title="bbox 125 2712 1308 2794; baseline 0.003 -18"><span class='ocrx_word' id='word_1_212' title='bbox 125 2713 294 2792; x_wconf 88' lang='lat' dir='ltr'>Melampo,</span> <span class='ocrx_word' id='word_1_213' title='bbox 318 2715 446 2784; x_wconf 87' lang='lat' dir='ltr'>risurus,</span> <span class='ocrx_word' id='word_1_214' title='bbox 471 2713 542 2791; x_wconf 94' lang='lat' dir='ltr'>quid</span> <span class='ocrx_word' id='word_1_215' title='bbox 566 2715 698 2775; x_wconf 89' lang='lat' dir='ltr'>loturum</span> <span class='ocrx_word' id='word_1_216' title='bbox 721 2721 804 2774; x_wconf 89' lang='lat' dir='ltr'>esset</span> <span class='ocrx_word' id='word_1_217' title='bbox 814 2712 933 2794; x_wconf 86' lang='lat' dir='ltr'>Argivis</span> <span class='ocrx_word' id='word_1_218' title='bbox 957 2717 1021 2776; x_wconf 88' lang='lat' dir='ltr'>sive</span> <span class='ocrx_word' id='word_1_219' title='bbox 1035 2715 1175 2789; x_wconf 80' lang='lat' dir='ltr'>Achaeis,</span> <span class='ocrx_word' id='word_1_220' title='bbox 1199 2720 1225 2778; x_wconf 90' lang='lat' dir='ltr'>si</span> <span class='ocrx_word' id='word_1_221' title='bbox 1240 2718 1308 2781; x_wconf 91' lang='lat' dir='ltr'>bel-</span> 
     </span>
     <span class='ocr_line' id='line_1_26' title="bbox 124 2815 1326 2899; baseline 0.006 -22"><span class='ocrx_word' id='word_1_222' title='bbox 124 2817 196 2889; x_wconf 94' lang='lat' dir='ltr'>lum,</span> <span class='ocrx_word' id='word_1_223' title='bbox 221 2817 300 2895; x_wconf 91' lang='lat' dir='ltr'>quod</span> <span class='ocrx_word' id='word_1_224' title='bbox 317 2819 346 2877; x_wconf 93' lang='lat' dir='ltr'>in</span> <span class='ocrx_word' id='word_1_225' title='bbox 362 2817 475 2878; x_wconf 86' lang='lat' dir='ltr'>loribus</span> <span class='ocrx_word' id='word_1_226' title='bbox 492 2824 564 2887; x_wconf 90' lang='lat' dir='ltr'>erat,</span> <span class='ocrx_word' id='word_1_227' title='bbox 589 2836 658 2877; x_wconf 90' lang='lat' dir='ltr'>cum</span> <span class='ocrx_word' id='word_1_228' title='bbox 676 2815 827 2877; x_wconf 90' lang='lat' dir='ltr'>Thebanis</span> <span class='ocrx_word' id='word_1_229' title='bbox 844 2824 1022 2880; x_wconf 88' lang='lat' dir='ltr'>assumeret.</span> <span class='ocrx_word' id='word_1_230' title='bbox 1052 2818 1180 2899; x_wconf 86' lang='lat' dir='ltr'>Accepit</span> <span class='ocrx_word' id='word_1_231' title='bbox 1203 2829 1326 2885; x_wconf 79' lang='lat' dir='ltr'>autem·</span> 
     </span>
     <span class='ocr_line' id='line_1_27' title="bbox 126 2920 1309 2998; baseline 0.007 -17"><span class='ocrx_word' id='word_1_232' title='bbox 126 2923 158 2981; x_wconf 90' lang='lat' dir='ltr'>iu</span> <span class='ocrx_word' id='word_1_233' title='bbox 181 2928 285 2981; x_wconf 88' lang='lat' dir='ltr'>monte</span> <span class='ocrx_word' id='word_1_234' title='bbox 309 2938 503 2998; x_wconf 89' lang='lat' dir='ltr'>responsum,</span> <span class='ocrx_word' id='word_1_235' title='bbox 539 2922 565 2979; x_wconf 90' lang='lat' dir='ltr'>si</span> <span class='ocrx_word' id='word_1_236' title='bbox 588 2922 618 2987; x_wconf 84' lang='lat' dir='ltr'>in</span> <span class='ocrx_word' id='word_1_237' title='bbox 640 2920 754 2981; x_wconf 88' lang='lat' dir='ltr'>bellurn</span> <span class='ocrx_word' id='word_1_238' title='bbox 777 2923 850 2992; x_wconf 91' lang='lat' dir='ltr'>iret,</span> <span class='ocrx_word' id='word_1_239' title='bbox 886 2940 945 2983; x_wconf 91' lang='lat' dir='ltr'>non</span> <span class='ocrx_word' id='word_1_240' title='bbox 971 2931 1053 2985; x_wconf 91' lang='lat' dir='ltr'>esset</span> <span class='ocrx_word' id='word_1_241' title='bbox 1075 2943 1252 2987; x_wconf 87' lang='lat' dir='ltr'>reversurus</span> <span class='ocrx_word' id='word_1_242' title='bbox 1276 2931 1309 2990; x_wconf 92' lang='lat' dir='ltr'>in</span> 
     </span>
     <span class='ocr_line' id='line_1_28' title="bbox 125 3022 1309 3111; baseline 0.011 -26"><span class='ocrx_word' id='word_1_243' title='bbox 125 3022 281 3100; x_wconf 87' lang='lat' dir='ltr'>Achajam.</span> <span class='ocrx_word' id='word_1_244' title='bbox 318 3023 484 3085; x_wconf 90' lang='lat' dir='ltr'>Abscondlt</span> <span class='ocrx_word' id='word_1_245' title='bbox 515 3043 587 3104; x_wconf 89' lang='lat' dir='ltr'>ergo</span> <span class='ocrx_word' id='word_1_246' title='bbox 610 3043 643 3085; x_wconf 93' lang='lat' dir='ltr'>se</span> <span class='ocrx_word' id='word_1_247' title='bbox 674 3032 704 3085; x_wconf 90' lang='lat' dir='ltr'>et</span> <span class='ocrx_word' id='word_1_248' title='bbox 723 3046 782 3087; x_wconf 93' lang='lat' dir='ltr'>non</span> <span class='ocrx_word' id='word_1_249' title='bbox 806 3030 863 3088; x_wconf 91' lang='lat' dir='ltr'>nisi</span> <span class='ocrx_word' id='word_1_250' title='bbox 887 3047 961 3090; x_wconf 91' lang='lat' dir='ltr'>suae</span> <span class='ocrx_word' id='word_1_251' title='bbox 990 3033 1092 3104; x_wconf 81' lang='lat' dir='ltr'>uxori,</span> <span class='ocrx_word' id='word_1_252' title='bbox 1117 3051 1206 3111; x_wconf 90' lang='lat' dir='ltr'>quarn</span> <span class='ocrx_word' id='word_1_253' title='bbox 1231 3034 1309 3101; x_wconf 63' lang='lat' dir='ltr'>nde</span> 
     </span>
     <span class='ocr_line' id='line_1_29' title="bbox 126 3129 1308 3210; baseline 0.012 -23"><span class='ocrx_word' id='word_1_254' title='bbox 126 3129 274 3188; x_wconf 90' lang='lat' dir='ltr'>lissimam</span> <span class='ocrx_word' id='word_1_255' title='bbox 315 3129 505 3199; x_wconf 87' lang='lat' dir='ltr'>aestimabat,</span> <span class='ocrx_word' id='word_1_256' title='bbox 547 3147 635 3189; x_wconf 91' lang='lat' dir='ltr'>suum</span> <span class='ocrx_word' id='word_1_257' title='bbox 673 3129 828 3191; x_wconf 89' lang='lat' dir='ltr'>latibulum</span> <span class='ocrx_word' id='word_1_258' title='bbox 862 3132 1088 3197; x_wconf 88' lang='lat' dir='ltr'>demonstravit.</span> <span class='ocrx_word' id='word_1_259' title='bbox 1145 3136 1308 3210; x_wconf 87' lang='lat' dir='ltr'>Quaesitus</span> 
     </span>
     <span class='ocr_line' id='line_1_30' title="bbox 127 3234 1309 3314; baseline 0.013 -21"><span class='ocrx_word' id='word_1_260' title='bbox 127 3240 243 3302; x_wconf 84' lang='lat' dir='ltr'>autem,</span> <span class='ocrx_word' id='word_1_261' title='bbox 278 3236 311 3291; x_wconf 94' lang='lat' dir='ltr'>ut</span> <span class='ocrx_word' id='word_1_262' title='bbox 333 3234 458 3294; x_wconf 88' lang='lat' dir='ltr'>intraret</span> <span class='ocrx_word' id='word_1_263' title='bbox 480 3236 614 3309; x_wconf 91' lang='lat' dir='ltr'>bellurn,</span> <span class='ocrx_word' id='word_1_264' title='bbox 649 3257 710 3298; x_wconf 91' lang='lat' dir='ltr'>non</span> <span class='ocrx_word' id='word_1_265' title='bbox 733 3240 958 3314; x_wconf 88' lang='lat' dir='ltr'>inveniebatur,</span> <span class='ocrx_word' id='word_1_266' title='bbox 993 3241 1098 3305; x_wconf 86' lang='lat' dir='ltr'>videns</span> <span class='ocrx_word' id='word_1_267' title='bbox 1130 3264 1202 3307; x_wconf 86' lang='lat' dir='ltr'>vero</span> <span class='ocrx_word' id='word_1_268' title='bbox 1231 3264 1309 3309; x_wconf 87' lang='lat' dir='ltr'>uxor</span> 
     </span>
     <span class='ocr_line' id='line_1_31' title="bbox 128 3335 1309 3430; baseline 0.014 -34"><span class='ocrx_word' id='word_1_269' title='bbox 128 3335 194 3414; x_wconf 92' lang='lat' dir='ltr'>ejus</span> <span class='ocrx_word' id='word_1_270' title='bbox 218 3335 330 3397; x_wconf 90' lang='lat' dir='ltr'>monile</span> <span class='ocrx_word' id='word_1_271' title='bbox 354 3340 519 3416; x_wconf 88' lang='lat' dir='ltr'>pretiosum</span> <span class='ocrx_word' id='word_1_272' title='bbox 545 3339 639 3419; x_wconf 86' lang='lat' dir='ltr'>[quod</span> <span class='ocrx_word' id='word_1_273' title='bbox 662 3343 797 3421; x_wconf 83' lang='lat' dir='ltr'>gestabat</span> <span class='ocrx_word' id='word_1_274' title='bbox 820 3345 1009 3424; x_wconf 74' lang='lat' dir='ltr'>inquisitorl,</span> <span class='ocrx_word' id='word_1_275' title='bbox 1033 3347 1064 3408; x_wconf 94' lang='lat' dir='ltr'>id</span> <span class='ocrx_word' id='word_1_276' title='bbox 1087 3348 1166 3410; x_wconf 89' lang='lat' dir='ltr'>dono</span> <span class='ocrx_word' id='word_1_277' title='bbox 1190 3353 1309 3430; x_wconf 87' lang='lat' dir='ltr'>accepit</span> 
     </span>
     <span class='ocr_line' id='line_1_32' title="bbox 126 3441 1306 3532; baseline 0.014 -32"><span class='ocrx_word' id='word_1_278' title='bbox 126 3443 276 3507; x_wconf 83' lang='lat' dir='ltr'>elvirum</span> <span class='ocrx_word' id='word_1_279' title='bbox 300 3441 432 3520; x_wconf 89' lang='lat' dir='ltr'>prodidit</span> <span class='ocrx_word' id='word_1_280' title='bbox 455 3462 552 3525; x_wconf 93' lang='lat' dir='ltr'>eoque</span> <span class='ocrx_word' id='word_1_281' title='bbox 577 3447 725 3524; x_wconf 92' lang='lat' dir='ltr'>producto</span> <span class='ocrx_word' id='word_1_282' title='bbox 749 3449 778 3507; x_wconf 94' lang='lat' dir='ltr'>in</span> <span class='ocrx_word' id='word_1_283' title='bbox 804 3448 919 3509; x_wconf 90' lang='lat' dir='ltr'>bellurn</span> <span class='ocrx_word' id='word_1_284' title='bbox 942 3452 1101 3513; x_wconf 76' lang='lat' dir='ltr'>cum-aliis</span> <span class='ocrx_word' id='word_1_285' title='bbox 1119 3450 1306 3532; x_wconf 87' lang='lat' dir='ltr'>principibus</span> 
     </span>
     <span class='ocr_line' id='line_1_33' title="bbox 127 3549 1307 3625; baseline 0.013 -20"><span class='ocrx_word' id='word_1_286' title='bbox 127 3564 216 3606; x_wconf 89' lang='lat' dir='ltr'>curru</span> <span class='ocrx_word' id='word_1_287' title='bbox 239 3549 495 3620; x_wconf 74' lang='lat' dir='ltr'>reclusionem,</span> <span class='ocrx_word' id='word_1_288' title='bbox 521 3550 569 3610; x_wconf 90' lang='lat' dir='ltr'>ubi</span> <span class='ocrx_word' id='word_1_289' title='bbox 594 3549 664 3610; x_wconf 94' lang='lat' dir='ltr'>dum</span> <span class='ocrx_word' id='word_1_290' title='bbox 681 3549 799 3611; x_wconf 87' lang='lat' dir='ltr'>sortiter</span> <span class='ocrx_word' id='word_1_291' title='bbox 816 3551 987 3625; x_wconf 90' lang='lat' dir='ltr'>dimicaret,</span> <span class='ocrx_word' id='word_1_292' title='bbox 1012 3561 1109 3617; x_wconf 89' lang='lat' dir='ltr'>terrae</span> <span class='ocrx_word' id='word_1_293' title='bbox 1126 3563 1210 3618; x_wconf 93' lang='lat' dir='ltr'>motu</span> <span class='ocrx_word' id='word_1_294' title='bbox 1224 3556 1307 3620; x_wconf 83' lang='lat' dir='ltr'>iacto</span> 
     </span>
    </p>
   </div>
   <div class='ocr_carea' id='block_1_3' title="bbox 125 3650 1382 4264">
    <p class='ocr_par' dir='ltr' id='par_1_4' title="bbox 125 3650 1382 4264">
     <span class='ocr_line' id='line_1_34' title="bbox 125 3650 1308 3740; baseline 0.011 -30"><span class='ocrx_word' id='word_1_295' title='bbox 125 3650 240 3725; x_wconf 87' lang='lat' dir='ltr'>ingenti</span> <span class='ocrx_word' id='word_1_296' title='bbox 264 3651 347 3710; x_wconf 90' lang='lat' dir='ltr'>etin</span> <span class='ocrx_word' id='word_1_297' title='bbox 372 3669 407 3712; x_wconf 90' lang='lat' dir='ltr'>ea</span> <span class='ocrx_word' id='word_1_298' title='bbox 430 3661 531 3730; x_wconf 88' lang='lat' dir='ltr'>parte,</span> <span class='ocrx_word' id='word_1_299' title='bbox 555 3655 668 3732; x_wconf 88' lang='lat' dir='ltr'>inqua</span> <span class='ocrx_word' id='word_1_300' title='bbox 692 3657 893 3727; x_wconf 88' lang='lat' dir='ltr'>consistebat,</span> <span class='ocrx_word' id='word_1_301' title='bbox 918 3660 1059 3737; x_wconf 80' lang='lat' dir='ltr'>voragine</span> <span class='ocrx_word' id='word_1_302' title='bbox 1082 3661 1197 3721; x_wconf 90' lang='lat' dir='ltr'>telluris</span> <span class='ocrx_word' id='word_1_303' title='bbox 1220 3666 1308 3740; x_wconf 91' lang='lat' dir='ltr'>pate·</span> 
     </span>
     <span class='ocr_line' id='line_1_35' title="bbox 126 3757 1309 3845; baseline 0.008 -27"><span class='ocrx_word' id='word_1_304' title='bbox 126 3758 204 3819; x_wconf 89' lang='lat' dir='ltr'>iacta</span> <span class='ocrx_word' id='word_1_305' title='bbox 234 3757 391 3837; x_wconf 87' lang='lat' dir='ltr'>absorptus</span> <span class='ocrx_word' id='word_1_306' title='bbox 426 3766 472 3820; x_wconf 90' lang='lat' dir='ltr'>est</span> <span class='ocrx_word' id='word_1_307' title='bbox 507 3779 576 3823; x_wconf 91' lang='lat' dir='ltr'>oum</span> <span class='ocrx_word' id='word_1_308' title='bbox 600 3765 727 3823; x_wconf 81' lang='lat' dir='ltr'>maxima</span> <span class='ocrx_word' id='word_1_309' title='bbox 750 3767 946 3844; x_wconf 88' lang='lat' dir='ltr'>superstitum</span> <span class='ocrx_word' id='word_1_310' title='bbox 971 3767 1207 3845; x_wconf 91' lang='lat' dir='ltr'>perturbatione.</span> <span class='ocrx_word' id='word_1_311' title='bbox 1255 3766 1309 3827; x_wconf 89' lang='lat' dir='ltr'>Sic</span> 
     </span>
     <span class='ocr_line' id='line_1_36' title="bbox 127 3859 1307 3950; baseline 0.008 -28"><span class='ocrx_word' id='word_1_312' title='bbox 127 3868 157 3922; x_wconf 93' lang='lat' dir='ltr'>et</span> <span class='ocrx_word' id='word_1_313' title='bbox 180 3861 229 3923; x_wconf 90' lang='lat' dir='ltr'>alii</span> <span class='ocrx_word' id='word_1_314' title='bbox 251 3859 399 3939; x_wconf 91' lang='lat' dir='ltr'>Apollinis</span> <span class='ocrx_word' id='word_1_315' title='bbox 428 3865 549 3925; x_wconf 90' lang='lat' dir='ltr'>oracula</span> <span class='ocrx_word' id='word_1_316' title='bbox 576 3867 711 3928; x_wconf 89' lang='lat' dir='ltr'>volentes</span> <span class='ocrx_word' id='word_1_317' title='bbox 739 3871 899 3931; x_wconf 85' lang='lat' dir='ltr'>consulere</span> <span class='ocrx_word' id='word_1_318' title='bbox 928 3870 987 3932; x_wconf 92' lang='lat' dir='ltr'>hoo</span> <span class='ocrx_word' id='word_1_319' title='bbox 1011 3871 1212 3932; x_wconf 88' lang='lat' dir='ltr'>ascendebant</span> <span class='ocrx_word' id='word_1_320' title='bbox 1235 3889 1307 3950; x_wconf 89' lang='lat' dir='ltr'>pro-</span> 
     </span>
     <span class='ocr_line' id='line_1_37' title="bbox 127 3968 1382 4049; baseline 0.013 -26"><span class='ocrx_word' id='word_1_321' title='bbox 127 3968 309 4025; x_wconf 90' lang='lat' dir='ltr'>montorium</span> <span class='ocrx_word' id='word_1_322' title='bbox 343 3973 373 4025; x_wconf 90' lang='lat' dir='ltr'>et</span> <span class='ocrx_word' id='word_1_323' title='bbox 407 3986 552 4046; x_wconf 91' lang='lat' dir='ltr'>responsa</span> <span class='ocrx_word' id='word_1_324' title='bbox 587 3973 783 4049; x_wconf 88' lang='lat' dir='ltr'>accipiebant.</span> <span class='ocrx_word' id='word_1_325' title='bbox 830 3974 889 4034; x_wconf 90' lang='lat' dir='ltr'>Sed</span> <span class='ocrx_word' id='word_1_326' title='bbox 914 3983 945 4036; x_wconf 90' lang='lat' dir='ltr'>et</span> <span class='ocrx_word' id='word_1_327' title='bbox 968 3975 1187 4036; x_wconf 85' lang='lat' dir='ltr'>Centaurorum</span> <span class='ocrx_word' id='word_1_328' title='bbox 1213 3976 1243 4035; x_wconf 92' lang='lat' dir='ltr'>in</span> <span class='ocrx_word' id='word_1_329' title='bbox 1268 3993 1306 4038; x_wconf 93' lang='lat' dir='ltr'>eo</span> <span class='ocrx_word' id='word_1_330' title='bbox 1379 4044 1382 4049; x_wconf 66' lang='grc'>,</span> 
     </span>
     <span class='ocr_line' id='line_1_38' title="bbox 126 4072 1307 4150; baseline 0.009 -19"><span class='ocrx_word' id='word_1_331' title='bbox 126 4073 333 4150; x_wconf 89' lang='lat' dir='ltr'>promontorio</span> <span class='ocrx_word' id='word_1_332' title='bbox 357 4080 420 4132; x_wconf 89' lang='lat' dir='ltr'>erat</span> <span class='ocrx_word' id='word_1_333' title='bbox 443 4072 603 4148; x_wconf 88' lang='lat' dir='ltr'>habitatio,</span> <span class='ocrx_word' id='word_1_334' title='bbox 639 4095 708 4138; x_wconf 95' lang='lat' dir='ltr'>cum</span> <span class='ocrx_word' id='word_1_335' title='bbox 731 4081 801 4140; x_wconf 86' lang='lat' dir='ltr'>vino</span> <span class='ocrx_word' id='word_1_336' title='bbox 833 4081 907 4140; x_wconf 91' lang='lat' dir='ltr'>ebrii</span> <span class='ocrx_word' id='word_1_337' title='bbox 937 4082 1083 4144; x_wconf 88' lang='lat' dir='ltr'>insultum</span> <span class='ocrx_word' id='word_1_338' title='bbox 1105 4081 1253 4141; x_wconf 86' lang='lat' dir='ltr'>fecissent</span> <span class='ocrx_word' id='word_1_339' title='bbox 1276 4083 1307 4142; x_wconf 93' lang='lat' dir='ltr'>in</span> 
     </span>
     <span class='ocr_line' id='line_1_39' title="bbox 127 4173 1309 4264; baseline 0.011 -27"><span class='ocrx_word' id='word_1_340' title='bbox 127 4175 239 4252; x_wconf 91' lang='lat' dir='ltr'>nuptiis</span> <span class='ocrx_word' id='word_1_341' title='bbox 264 4173 394 4248; x_wconf 88' lang='lat' dir='ltr'>Thesei,</span> <span class='ocrx_word' id='word_1_342' title='bbox 427 4185 611 4258; x_wconf 89' lang='lat' dir='ltr'>quapropter</span> <span class='ocrx_word' id='word_1_343' title='bbox 642 4180 736 4261; x_wconf 82' lang='lat' dir='ltr'>fugati</span> <span class='ocrx_word' id='word_1_344' title='bbox 767 4185 799 4244; x_wconf 93' lang='lat' dir='ltr'>in</span> <span class='ocrx_word' id='word_1_345' title='bbox 821 4184 879 4245; x_wconf 92' lang='lat' dir='ltr'>hoo</span> <span class='ocrx_word' id='word_1_346' title='bbox 902 4184 1044 4264; x_wconf 83' lang='lat' dir='ltr'>sugerunt</span> <span class='ocrx_word' id='word_1_347' title='bbox 1066 4184 1309 4264; x_wconf 88' lang='lat' dir='ltr'>promontorium</span> 
     </span>
    </p>
   </div>
   <div class='ocr_carea' id='block_1_4' title="bbox 0 0 1456 4710">
    <p class='ocr_par' dir='ltr' id='par_1_5' title="bbox 0 0 1456 4710">
     <span class='ocr_line' id='line_1_40' title="bbox 0 0 1456 4710; baseline 0 0"><span class='ocrx_word' id='word_1_348' title='bbox 0 0 1456 4710; x_wconf 95' lang='lat' dir='ltr'> </span> 
     </span>
    </p>
   </div>
  </div>
 </body>
</html>
