2874 4770
699 264 743 335 39

132 436 287 498 ambulare
310 442 437 516 propter
459 437 587 498 nimium
608 440 712 518 populi
735 441 913 511 tumultum,
943 448 975 502 et
996 444 1179 515 bestiarum,
1209 460 1310 504 came·

133 539 252 609 lorum,
277 536 466 610 dramatum,
490 558 656 618 equorum,
679 543 849 611 asinorum,
884 544 1033 606 mulomm
1054 565 1250 616 concursum,
1273 545 1312 606 de

132 642 242 719 quibus
265 641 474 703 intollerabilis
499 645 646 702 excitatur
667 645 780 721 pulvis,
804 651 835 705 et
857 655 981 724 propter
992 645 1232 710 Mamalucorum
1254 653 1310 709 im·

131 745 285 823 provisam
307 747 538 824 percussionem
546 765 553 815 ;
584 744 655 806 ideo
684 747 796 824 ubique
824 749 855 806 in
885 749 973 808 biviis
994 753 1218 814 stantasinarii
1240 734 1311 812 cum

131 848 225 908 asinis
248 850 377 927 paratis,
408 847 455 908 vel
491 864 562 906 cum
584 850 670 926 equis
694 851 796 910 stratis
819 856 851 910 et
873 854 985 911 ornatis
1007 853 1107 924 sellis,
1138 857 1250 931 strepis
1279 861 1312 914 et

130 949 263 1029 phaleris
296 951 417 1020 sericis,
448 957 479 1009 et
511 952 562 1028 qui
591 950 656 1010 nult
683 950 794 1010 bonam
817 958 846 1010 et
870 960 1005 1013 ornatam
1034 956 1179 1025 bestiam,
1210 962 1310 1032 potest

131 1055 286 1132 accipere,
310 1052 366 1112 sed
389 1040 510 1130 oportet
532 1051 641 1117 melius
665 1052 799 1123 solvere,
822 1070 914 1131 quam
932 1059 958 1114 si
973 1058 1125 1134 reciperet
1140 1058 1310 1135 simplicem

131 1161 164 1215 et
184 1157 375 1216 rusticosam.
422 1155 508 1215 Sicut
531 1158 612 1216 enim
636 1155 772 1216 Venetiis
794 1162 874 1216 stant
897 1159 928 1217 in
950 1159 1021 1217 rivis
1044 1158 1193 1218 canalium
1215 1166 1246 1219 et
1267 1159 1310 1219 la·

131 1260 278 1319 cunarum
300 1258 427 1319 bercarii
450 1275 518 1317 curn
542 1260 655 1319 omatis
684 1260 783 1319 barcis
814 1265 844 1318 et
878 1260 1005 1319 invitant
1032 1260 1189 1330 homines,
1218 1268 1252 1320 ut
1266 1259 1312 1322 ⁴ad

131 1379 166 1420 se
190 1364 319 1430 intrent,
343 1362 388 1421 sic
412 1367 444 1420 et
464 1360 514 1420 bic
537 1368 584 1420 est
607 1378 678 1420 curn
699 1361 815 1421 bestiis.

219 1462 450 1541 Consequentur
472 1481 527 1540 per
549 1463 697 1542 populum
719 1466 873 1540 progressi
905 1465 1065 1524 habuimus
1095 1464 1218 1524 obvium
1240 1464 1310 1524 Sar·

129 1580 273 1651 raceuum
296 1583 366 1625 cum
388 1563 470 1624 fuste
493 1570 524 1624 et
546 1563 664 1642 gladio,
696 1567 748 1642 qui
770 1564 902 1626 ducebat
932 1584 988 1645 per
1009 1564 1234 1627 multitudinem
1256 1584 1309 1628 sex

129 1668 267 1728 homines
290 1665 466 1726 seminudus
490 1673 721 1738 concatenatos,
744 1670 872 1727 manicis
886 1667 994 1728 terreis
1009 1668 1048 1729 ad
1063 1686 1153 1728 unam
1177 1686 1308 1728 manum

129 1769 167 1830 Hi
202 1771 311 1848 captivi
342 1768 414 1829 dum
446 1786 503 1828 nos
533 1769 697 1840 vidissent,
733 1771 902 1830 clamabant
929 1769 1038 1830 italicis
1071 1770 1171 1830 verbis
1194 1770 1232 1831 ad
1254 1789 1310 1831 uos

129 1889 184 1950 pro
217 1870 405 1949 elemosyna,
441 1869 593 1942 dicentes,
624 1889 657 1932 se
690 1889 759 1932 esse
791 1874 926 1951 captivos
959 1872 1163 1943 Christianos,
1194 1875 1310 1934 ratione

129 1972 311 2033 delictorum
343 1970 502 2044 detentos;
542 1974 693 2051 siquidem
730 1974 808 2035 hanc
847 1977 954 2054 pagani
997 1975 1110 2035 habent
1143 1993 1213 2036 cum
1245 1977 1309 2036 suis

129 2078 256 2155 captivis
279 2077 438 2160 pietatem,
470 2075 552 2155 quod
580 2078 676 2138 tribus
708 2078 824 2138 vicibus
850 2079 882 2137 in
910 2079 1079 2156 septimana
1103 2075 1141 2137 dc
1164 2076 1309 2139 custodiis

128 2180 318 2240 concatenati
342 2178 514 2240 educuntur
535 2198 590 2258 per
612 2179 777 2257 populosus
801 2181 899 2248 vicos,
930 2186 961 2238 et
992 2182 1023 2238 in
1052 2195 1232 2256 magnorum
1253 2180 1308 2240 do·

127 2283 278 2342 minorum
301 2283 400 2341 curias
424 2281 461 2342 ad
485 2265 749 2351 mendicandum,¹
768 2288 800 2341 et
830 2282 857 2339 si
890 2280 964 2357 quid
996 2279 1100 2340 datum
1134 2281 1180 2340 cis
1209 2281 1309 2353 iucrtt,

130 2383 291 2443 dimittitur
306 2384 360 2453 eis,
377 2401 474 2460 seque
488 2383 642 2444 redimunt
657 2381 801 2442 cumillis
817 2383 972 2458 pecuniis;
988 2398 1075 2441 suam
1091 2384 1173 2442 euim
1188 2399 1310 2443 causam

128 2485 318 2563 proclamant
347 2491 378 2543 et
411 2492 622 2563 paupertatem
651 2483 854 2543 lamententur
883 2489 915 2541 et
944 2482 1064 2559 eulpam
1095 2485 1143 2544 vel
1164 2486 1308 2544 innocen·

129 2588 202 2647 tiam
224 2574 434 2664 pronunciant.
481 2586 512 2646 Si
536 2589 659 2648 veniunt
693 2587 738 2644 eis
770 2584 889 2645 obviam
924 2583 1098 2655 Christiani,
1130 2591 1238 2663 pctunt
1272 2587 1309 2648 ab

128 2692 172 2751 eis
205 2689 410 2769 elemosynam
443 2690 474 2748 in
498 2691 619 2750 nomine
644 2688 755 2749 Christi
779 2693 810 2746 et
832 2687 937 2747 beatae
969 2683 1084 2747 Mariae
1116 2686 1246 2766 Virginis
1276 2695 1309 2749 et

128 2794 299 2872 aliquorum
313 2790 531 2870 Apostolorum
553 2793 601 2853 vel
616 2792 811 2861 Sanctorum,
835 2806 911 2868 quos
934 2791 1103 2849 nominant.
1147 2787 1181 2847 Si
1201 2786 1309 2849 Judaci

126 2899 265 2966 obviant,
289 2887 473 2974 petunt'eos
496 2897 527 2954 in
551 2897 672 2955 nomine
689 2893 745 2975 Dei
763 2901 794 2953 ct
808 2891 945 2953 Abrabae
968 2899 1000 2952 et
1014 2889 1141 2970 Moysis,
1185 2890 1217 2950 Si
1235 2890 1306 2951 Sar·

129 3001 248 3069 raboni,
280 2999 411 3058 clamant
440 2998 479 3059 ad
508 3016 562 3059 eos
595 3001 627 3059 iu
656 2999 779 3057 nomine
802 2992 996 3056 Machameti
1041 2995 1079 3055 Et
1112 2996 1153 3054 ita
1185 3011 1308 3055 omnem

124 3103 281 3163 hominem
303 3100 505 3178 interpellant.
552 3101 647 3162 Datur
669 3101 762 3159 etiam
784 3101 829 3158 eis
859 3098 1003 3169 bouitas,
1037 3094 1120 3175 qood
1150 3095 1223 3156 dum
1253 3113 1308 3173 per

124 3206 209 3266 vicos
228 3202 397 3274 ducuntur,
430 3203 578 3282 quidquid
607 3203 645 3266 de
673 3204 791 3282 patcgis
822 3209 1026 3261 mercatorum
1048 3216 1157 3279 rapere
1180 3206 1307 3276 possunt

126 3324 216 3368 manu
239 3304 304 3375 illa,
337 3323 399 3384 qua
421 3305 504 3383 ligati
525 3324 587 3366 non
610 3314 695 3376 suut,
728 3305 787 3364 boc
817 3322 923 3364 eorum
952 3311 1018 3374 est,
1053 3303 1133 3361 etsi
1156 3307 1308 3361 mercator

126 3405 182 3490 (1))
204 3407 269 3468 vult
291 3409 453 3478 rehabere,
486 3415 607 3488 oportet
640 3427 708 3469 cum
738 3408 872 3487 pecunia
905 3395 1065 3468 redimere,
1112 3403 1258 3464 Similiter
1278 3405 1305 3464 si

126 3514 195 3590 quis
219 3512 251 3571 in
274 3512 407 3570 canistro
430 3511 478 3570 rel
501 3519 605 3589 sporta
628 3510 742 3589 aliquid
764 3509 879 3578 deson,
901 3506 1033 3586 tructus,
1057 3523 1167 3584 panes,
1190 3523 1306 3576 caruca

126 3616 228 3693 pisces
251 3618 283 3672 et
297 3610 485 3688 hujusmodi,
509 3615 535 3674 si
551 3620 678 3692 possunt
693 3613 736 3673 illi
753 3612 862 3689 captivi
886 3611 1053 3688 attingere,
1076 3607 1114 3670 ed
1128 3625 1163 3667 se
1179 3610 1306 3686 sapiunt,

125 3723 310 3777 nontamen
333 3717 473 3776 sinuntur
506 3733 628 3776 currere
652 3719 683 3775 et
704 3716 823 3793 insequi
855 3712 1012 3783 homines,
1045 3711 1101 3772 sed
1132 3713 1232 3773 solum
1264 3710 1305 3780 id,

127 3816 208 3898 quod
232 3819 397 3898 improvise
426 3819 573 3888 accurrit,
603 3817 757 3878 invadunt.
803 3814 871 3876 lloc
893 3813 1032 3876 homines
1055 3817 1189 3875 scientes
1211 3833 1245 3873 sc
1268 3815 1321 3875 ab'

126 3924 171 3983 eis
195 3920 377 3988 custodiunt.
423 3920 460 3980 Et
482 3921 541 3979 isto
564 3918 654 3980 modo
677 3937 769 3998 saepe
792 3918 920 3980 vidimus
944 3918 1037 3978 multa
1059 3920 1142 3997 paris
1167 3917 1306 3995 colligata

125 4026 157 4084 iu
180 4024 300 4084 civitate
323 4021 495 4093 ambulare:
518 4029 589 4082 sunt
611 4024 693 4082 enim
715 4020 886 4082 Orientales
910 4038 945 4080 ex
969 4028 1074 4082 natura
1104 4022 1162 4099 pii,
1196 4028 1228 4079 ct
1258 4021 1304 4080 in-

125 4128 270 4189 vitissima
303 4124 462 4186 effundunt
494 4125 671 4202 sanguinem
704 4124 885 4192 humanum,
919 4140 976 4183 nec
1005 4122 1133 4184 faciliter
1163 4122 1306 4183 occidunt

127 4231 219 4291 etiam
240 4230 392 4307 pessimos
422 4227 569 4297 ribaldos,
600 4228 658 4287 nisi
689 4224 803 4304 grande
835 4225 1003 4305 periculum
1033 4225 1216 4306 reipublicae
1248 4226 1303 4285 im-
