2874 4770
710 249 754 318 47

143 426 204 503 pati
227 424 361 496 volebat,
395 425 451 486 sed
480 441 514 484 se
546 424 645 484 solum
668 424 736 484 coli.
782 424 891 494 Serto,
924 425 995 502 quia
1017 431 1140 487 senatus
1163 423 1319 486 Tiberium

143 527 212 588 odio
247 527 363 598 habuit,
395 527 464 588 ideo
497 527 693 604 acquiescere
724 527 858 596 nolebat,
892 535 926 587 ut
950 527 1102 588 Christum
1125 527 1224 589 colere
1248 543 1317 606 per·

96 640 99 644 ’
143 632 277 690 mitteret
300 632 330 691 in
353 631 458 691 Roma.
505 630 616 707 Sioque
648 630 679 688 in
710 629 766 688 hac
795 631 957 707 pertinacia
986 632 1071 691 stetit
1103 631 1198 692 Roma
1221 649 1318 710 usqne

143 731 180 792 ad
202 740 338 813 tempora
363 732 567 803 Constantini,
591 734 641 810 qui
656 734 752 812 prima
767 732 815 793 die
831 735 879 795 sui
893 735 1080 813 baptismatis
1095 733 1195 813 legem
1211 735 1317 807 sanxit,

142 842 176 895 ul
199 835 335 897 Christus
359 854 414 915 pro
437 853 508 896 vero
531 835 597 896 Deo
619 837 650 896 in
674 841 736 896 lota
759 826 833 896 urhe
860 837 1020 898 coleretur.

227 938 324 1017 Supra
346 937 517 1017 pyramides
539 945 572 999 et
592 937 679 998 lsidis
702 937 816 1000 idolum
831 958 891 999 non
913 940 1003 1021 longe
1025 949 1072 1002 est
1094 941 1178 1002 lacus
1195 939 1316 1018 quidam

141 1043 293 1114 modicus,
322 1045 373 1121 qui
396 1043 539 1103 miraculo
563 1044 673 1121 magis,
707 1060 797 1120 quarn
820 1060 964 1121 aquarum
987 1045 1073 1122 copia
1096 1050 1144 1104 est
1166 1059 1314 1106 memoru-

140 1146 217 1207 bilis.
262 1146 359 1223 liujus
383 1163 479 1224 aquae
503 1132 599 1206 semel
621 1147 652 1205 in
676 1163 752 1206 anno
769 1164 831 1224 per
853 1163 991 1206 mensem
1011 1146 1180 1208 alliciuntur
1194 1150 1315 1226 sangni-

140 1266 233 1320 neae,
257 1249 338 1327 quod
354 1249 510 1310 sarraceni
533 1239 672 1310 accidere
695 1249 822 1312 credunt
835 1253 866 1311 in
883 1253 1058 1312 memoriam
1071 1255 1185 1331 primae
1199 1253 1315 1333 plagae,

139 1369 197 1430 qua
219 1350 349 1431 Aegypti
373 1369 467 1430 aquae
492 1361 523 1415 et
546 1353 668 1414 llnmina
689 1356 719 1414 in
743 1357 920 1433 sanguinem
942 1355 1064 1417 lnemnt
1086 1374 1257 1427 conversae,
1280 1361 1316 1418 ut

138 1456 264 1516 habetur
285 1454 378 1516 Exodi
401 1454 475 1515 Vlll.
521 1457 633 1517 Similis
657 1456 778 1535 quidam
808 1459 891 1519 lacus
922 1460 953 1518 in
976 1458 1061 1538 Syria
1093 1476 1162 1519 esse
1195 1459 1314 1531 dicitur,

137 1558 192 1620 lob
207 1561 344 1630 nomine,
367 1561 464 1638 magis
478 1566 580 1620 tamen
595 1560 758 1633 mirabilis;
781 1578 868 1630 narn,
892 1568 925 1621 ut
939 1561 1037 1638 ajunt,
1059 1560 1193 1622 colorem
1218 1567 1314 1624 mutat

138 1670 243 1740 quater
263 1665 295 1722 in
317 1680 411 1734 anno,
435 1662 693 1740 pulverulentum,
716 1666 929 1743 sanguineum,
952 1664 1095 1750 viridem,
1132 1671 1221 1743 atque
1246 1666 1313 1726 lim·

137 1764 258 1843 piddm‚
280 1767 375 1825 ternis
398 1766 551 1827 mensibus
575 1784 667 1827 unum
690 1783 842 1844 quemque
866 1783 1057 1855 conservans.

223 1868 250 1929 Α
271 1869 360 1948 longe
384 1876 488 1930 contra
511 1869 664 1931 desertum
686 1868 815 1931 vidimus
838 1888 930 1931 unam
948 1870 1123 1931 moscheam
1138 1870 1313 1936 solitarium.

133 1971 217 2049 juxta
233 1990 323 2051 quam
339 1980 386 2033 est
402 1974 635 2044 coemeterium,
659 1975 689 2032 in
713 1991 772 2051 quo
789 1977 836 2033 est
851 1973 1011 2051 singularis
1025 1974 1181 2053 sepultura
1197 1991 1312 2044 eornm,

136 2095 211 2154 quos
243 2077 400 2137 Sarraceni
424 2076 551 2137 Sanctos
582 2076 678 2136 fnisse
708 2077 878 2155 opinantur.
933 2074 1051 2137 Habent
1080 2078 1160 2137 enim
1183 2076 1312 2137 Sanctos

135 2198 221 2252 suos,
245 2182 323 2242 sieut
345 2185 376 2239 et
398 2198 468 2249 nos,
500 2181 551 2257 qui
574 2179 771 2258 miraculaet
794 2180 907 2239 invita
930 2184 1053 2257 etpost
1076 2186 1205 2241 mortem
1227 2178 1310 2238 iece-

136 2292 204 2346 runt
226 2287 319 2345 multa
336 2290 366 2344 et
381 2298 497 2360 magna.
529 2281 568 2342 Ut
591 2288 675 2359 patet
689 2283 720 2341 in
735 2276 836 2341 libello
852 2282 962 2359 captivi
977 2280 1076 2340 fratris
1091 2283 1170 2341 inter
1184 2280 1311 2354 Turcos,

135 2404 226 2463 quem
248 2387 322 2447 lecit
344 2385 381 2444 de
405 2383 512 2443 Tureis
535 2390 566 2444 et
589 2384 780 2453 Sarracenis,
809 2384 888 2442 inter
919 2400 994 2459 quos
1019 2379 1061 2443 22
1094 2400 1188 2445 annos
1212 2387 1307 2464 capti·

135 2496 221 2549 vatus
243 2488 309 2548 luit.

222 2590 314 2651 Porro
341 2586 519 2667 sepeliendo
555 2594 691 2648 mortuos
714 2607 774 2649 non
798 2587 960 2668 projiciunt
982 2597 1094 2651 terram
1117 2608 1207 2668 supra
1230 2609 1312 2652 mor·

134 2703 218 2768 tuos,
248 2695 356 2757 sedin
380 2701 516 2758 cavatum
544 2692 679 2771 lapidem
701 2694 750 2754 vel
772 2695 802 2754 in
826 2693 971 2754 fossatum
995 2699 1092 2753 terrae
1115 2701 1243 2770 ponunt,
1280 2700 1315 2756 et

132 2800 264 2879 lapidem
287 2805 504 2878 superponunt.
551 2800 666 2860 Diuites
690 2804 791 2859 autem
815 2804 918 2858 contra
943 2796 1191 2875 putrefactionem
1222 2799 1313 2858 inun-

131 2912 204 2983 gunt
219 2905 352 2965 balsamo
368 2908 399 2962 et
415 2902 478 2962 aliis
492 2903 683 2973 aromatibus,
708 2907 737 2961 et
756 2900 875 2979 quando
891 2901 995 2960 amicis
1011 2900 1119 2978 placet,
1134 2900 1313 2978 operculum

132 3006 301 3088 deponunt,
337 3024 408 3067 suos
440 3004 599 3087 defunctos
631 3007 813 3083 respiciunt,
842 3005 914 3064 licet
945 3022 1004 3063 non
1028 3004 1128 3063 omnia
1150 3003 1313 3081 sepulchra

130 3110 190 3172 sint
212 3114 257 3175 sic
280 3109 439 3190 disposita,
463 3108 518 3169 sed
540 3094 681 3181 divitum,
705 3113 863 3186 potentum
886 3114 918 3168 et
940 3105 1132 3167 sacerdotum
1150 3123 1184 3167 ac
1201 3123 1311 3167 eorum
1411 3108 1423 3123 '

130 3214 318 3274 Sanctorum.

217 3297 267 3384 be
285 3318 343 3378 hoc
366 3336 438 3397 ergo
455 3316 637 3376 coemeterio
665 3312 734 3392 (91
741 3310 784 3392 a)
802 3312 940 3375 dixerunt
955 3312 1041 3372 nobis
1056 3312 1201 3375 ductores
1214 3314 1310 3376 nostri

128 3421 304 3493 Mamaluci,
339 3421 419 3499 quod
451 3421 541 3480 certis
565 3418 670 3479 diebus
697 3419 764 3478 anni
789 3417 989 3477 conveniente
1012 3417 1124 3495 populo
1147 3417 1184 3478 ad
1207 3419 1309 3480 locum

129 3534 317 3587 mortuomm
339 3526 459 3586 illorum
482 3539 608 3602 corpora
630 3523 660 3581 in
684 3519 854 3598 sepulchris
870 3513 1057 3599 Teriguntur,
1090 3522 1155 3580 sine
1179 3520 1311 3597 alicujus

128 3633 257 3693 hominis
281 3628 444 3708 adjutorio,
468 3632 499 3685 et
522 3631 622 3687 erecta
645 3628 726 3684 stant
748 3639 803 3701 per
824 3628 923 3682 totum
946 3620 1044 3692 diem,
1068 3628 1098 3681 et
1120 3621 1203 3684 linito
1228 3623 1312 3683 festo

128 3734 272 3795 decidunt
294 3735 358 3793 sine
382 3731 490 3793 visibili
514 3734 620 3806 agente
649 3730 681 3787 in
710 3725 826 3786 loculos
854 3734 941 3786 suos.
989 3724 1104 3786 Obnirre
1135 3729 1312 3806 rogavimus

127 3838 328 3906 Mamalucos‚
362 3842 395 3895 ut
417 3832 563 3893 ducerent
585 3833 640 3891 hos
665 3830 702 3890 ad
732 3829 850 3901 loeum;
884 3828 937 3889 sed
966 3846 1025 3888 non
1050 3828 1208 3900 audebant,
1236 3831 1311 3908 quin

126 3932 302 4004 sacerdotes
327 3937 465 4017 ejusdem
489 3935 650 3995 moscheae
674 3933 859 4011 singularem
881 3926 1049 3992 ‘custodiam
1081 3932 1238 4003 adhibent,
1266 3949 1310 3994 ne

128 4047 235 4125 aliquis
251 4045 436 4107 Christianus
460 4039 552 4098 etiarn
575 4036 613 4097 de
636 4053 731 4116 prope
755 4024 894 4106 accedat,
918 4036 1063 4095 timentes
1086 4054 1142 4113 per
1160 4053 1216 4096 nos
1232 4052 1310 4097 suos

125 4151 286 4228 inquietari
308 4146 477 4208 defunctos.
523 4140 590 4201 lloe
622 4139 802 4200 murenulam
835 4142 941 4198 notum
971 4144 1002 4198 et
1034 4136 1230 4198 manifestum
1258 4143 1307 4201 ast

125 4269 182 4332 per
203 4270 309 4313 omnes
332 4247 475 4328 regionesx
493 4240 815 4313 seetoelllnohometi,
828 4257 876 4301 ex
891 4252 952 4319 quo
969 4240 1062 4300 etlam
1077 4240 1306 4319 quamplurimi
