2874 4770
688 168 751 240 139

131 351 264 411 matus
287 351 337 406 est
358 351 391 408 et
411 351 539 417 ventus,
563 347 622 429 ,qui
643 355 748 411 contra
768 367 824 411 nos
846 349 962 418 luerat,
985 348 1085 426 aquilo
1107 346 1231 426 fugatus
1251 366 1306 427 per

133 457 286 519 austrum,
309 453 358 511 cui
381 470 451 511 cum
472 451 540 512 vela
563 455 816 529 praebuissemus,
839 457 965 532 repente
989 452 1027 512 de
1050 452 1130 523 luto,
1153 455 1201 513 cui
1225 453 1307 513 inlixi

132 553 261 624 luimus,
289 572 346 613 nos
378 554 445 613 tulit
468 556 584 631 impetu
607 575 716 634 magno
741 566 771 618 et
794 561 823 618 in
847 575 953 618 verum
975 557 1034 616 Nili
1058 556 1175 615 alveum
1198 573 1302 634 repor-

132 658 216 726 tavit,
249 675 305 734 per
327 674 419 734 quem
442 655 656 745 descendimus
678 661 775 721 veloci
799 679 888 721 eursu
923 660 1009 720 laetis
1036 660 1168 720 vultibus
1201 667 1306 720 contra

131 777 223 818 mare.
269 757 302 818 ln
326 765 395 820 ortu
418 767 519 820 autem
542 762 615 821 solis
639 765 736 842 primo
752 782 834 824 mare
857 763 1004 833 vidimus,
1027 765 1057 823 in
1072 762 1159 839 cujus
1179 769 1303 841 aspectu

129 862 263 923 nonnulli
286 865 437 941 peregrini
459 863 714 927 lachrimabantur
736 884 809 945 prae
832 865 958 944 gaudio,
988 868 1057 944 quia
1080 870 1235 944 regionem
1260 869 1305 926 in·

128 968 289 1028 tuebantur
311 984 366 1045 per
389 984 479 1045 quam
502 970 548 1029 via
571 971 601 1029 in
624 971 723 1045 natale
747 971 846 1031 solum
862 978 923 1041 est,
948 969 1034 1046 eujus
1053 973 1144 1031 etiam
1160 972 1305 1031 memorie

130 1088 220 1149 quam
242 1070 339 1132 dulcis
361 1073 401 1131 sit
425 1072 532 1150 procul
555 1073 760 1145 exulantibus,
783 1091 874 1133 nemo
888 1076 989 1146 novit,
1013 1077 1070 1134 nisi
1086 1081 1243 1154 expertus,
1267 1073 1305 1133 de

129 1193 187 1253 quo
210 1176 280 1237 vide
307 1194 399 1255 supra
420 1176 472 1237 iol.
496 1173 548 1239 38.
571 1177 600 1237 b.
647 1177 723 1237 Cum
754 1177 810 1237 bac
837 1178 952 1238 laetitia
981 1178 1018 1238 ad
1051 1180 1108 1239 Nili
1140 1181 1305 1238 terminum

130 1283 434 1360 appropinquavimus
456 1283 541 1342 etin
572 1283 684 1340 ostium
714 1280 870 1358 Canopum
898 1281 947 1342 vel
970 1280 1220 1352 Heraclioticum,
1250 1299 1306 1359 per

130 1384 210 1462 quod
232 1385 319 1445 Nilus
341 1384 444 1445 lauces
468 1389 568 1465 magni
591 1389 681 1447 maris
704 1384 884 1463 ingreditur,
917 1384 1008 1444 delati
1032 1402 1145 1443 sumus.
1191 1384 1305 1445 Verum

129 1506 168 1548 ne
190 1507 260 1548 cum
282 1487 349 1548 Nilo
372 1493 448 1551 mari
469 1491 679 1561 illaberemur,
714 1507 804 1567 supra
835 1490 945 1548 ostium
973 1504 1080 1547 navem
1108 1487 1316 1565 stabilivimus,

130 1590 252 1651 funibus
274 1598 307 1652 et
329 1594 478 1654 anchoris.
524 1594 681 1655 Venerunt
711 1595 803 1653 etiam
834 1592 909 1653 aliae
927 1608 1032 1651 naves
1065 1598 1135 1670 post
1157 1609 1213 1651 nos
1237 1609 1307 1651 eum

133 1695 303 1754 aromaticis
337 1697 514 1773 speciebus,
548 1705 578 1757 et
605 1696 690 1773 juxta
723 1715 778 1756 nos
812 1714 904 1757 naves
936 1713 1008 1755 snos
1043 1694 1191 1755 locabant.
1236 1694 1306 1755 Erat

132 1804 232 1858 autem
255 1804 358 1878 portus
390 1801 460 1859 ostii
490 1801 624 1878 repletus
653 1803 795 1871 navibus,
825 1802 881 1870 ita,
916 1797 997 1876 quod
1027 1797 1109 1857 nulla
1131 1817 1165 1858 se
1188 1800 1308 1876 poterat

130 1910 248 1965 vertere
277 1903 348 1964 inde
379 1902 427 1965 vel
455 1905 526 1964 binc
555 1910 587 1965 et
615 1906 646 1965 in
669 1905 770 1964 littore
794 1920 903 1982 magna
925 1901 1089 1962 multitudo
1111 1920 1305 1980 paganorum,

130 2026 200 2067 cum
222 2009 325 2068 multis
349 2008 489 2080 camelis,
513 2011 605 2068 asinis
629 2015 659 2068 et
682 2010 786 2087 equis,
808 2009 1010 2085 suscipientes
1030 2024 1046 2065 a
1063 2009 1161 2067 nautis
1184 2009 1305 2084 species

128 2113 324 2183 aromaticas,
349 2118 380 2171 et
403 2118 504 2174 tantus
528 2121 593 2173 erat
617 2113 731 2172 elamor
754 2119 785 2172 et
807 2112 968 2182 tumultus,
993 2110 1072 2188 quod
1096 2129 1172 2171 novo
1196 2113 1305 2172 timore

128 2217 237 2275 turbati
258 2216 381 2277 luimus.
426 2216 633 2295 Accurrebant
667 2223 768 2276 autem
799 2235 890 2295 supra
923 2217 1008 2275 littus
1039 2215 1077 2276 ad
1104 2215 1221 2287 locum,
1254 2216 1305 2276 ubi

129 2336 186 2378 nos
200 2320 363 2390 stabamus,
387 2327 419 2380 et
441 2328 566 2399 stupore
590 2328 621 2382 et
644 2321 839 2382 admiratione
855 2321 1058 2398 respiciebant
1074 2317 1128 2399 (la)
1147 2337 1211 2390 nos,
1236 2322 1305 2398 quia

130 2424 282 2482 insuetam
304 2441 371 2483 rem
392 2422 547 2495 viderunt,
570 2444 628 2485 non
653 2427 734 2484 enim
758 2425 880 2485 solitum
904 2432 965 2495 est,
990 2423 1174 2484 Christianos
1194 2422 1305 2482 adhoc

132 2523 201 2585 duci
223 2529 343 2586 ostium.
389 2527 599 2606 Disposuimus
624 2546 696 2606 ergo
720 2547 775 2588 nos
793 2526 831 2587 ad
847 2530 959 2588 exitum
975 2534 1006 2587 et
1021 2529 1184 2605 petivimus
1200 2532 1305 2586 nautas

132 2638 267 2703 nostros,
284 2650 399 2692 navem
421 2634 545 2711 propius
569 2632 606 2693 ad
628 2639 741 2693 terram
764 2631 890 2702 ducere,
923 2633 981 2709 ipsi
1005 2638 1105 2690 autem
1130 2633 1193 2691 vice
1217 2647 1304 2691 versa

130 2737 225 2813 magis
249 2754 265 2796 a
289 2745 368 2797 terra
391 2735 553 2807 ducebant,
577 2754 617 2797 ne
640 2742 722 2796 extra
745 2737 854 2797 saltare
871 2753 1047 2814 possemus,
1072 2735 1223 2805 dieentes,
1247 2752 1304 2795 nos

130 2838 226 2899 adbuc
249 2840 487 2918 obligatosvesse
511 2843 570 2912 eis,
594 2840 676 2919 quod
700 2848 800 2901 tamen
824 2857 928 2901 verum
951 2858 1011 2899 non
1037 2848 1114 2910 erat,
1139 2841 1207 2917 quia
1231 2845 1303 2909 tota,

128 2948 162 3002 ut
184 2945 395 3021 oportuit,'in
418 2944 533 3004 Roseto
566 2944 726 3015 solvimus,
759 2961 867 3004 verum
895 2951 928 3003 ut
959 2944 1149 3003 vexationem
1172 2941 1302 3002 redime·

128 3063 245 3116 remus,
269 3047 414 3107 solvimus
435 3051 479 3108 eis
503 3047 613 3109 denuo.
659 3047 750 3108 Facto
767 3066 839 3126 ergo
856 3054 948 3125 ponte
965 3047 1167 3124 eportavimus
1183 3053 1302 3107 nostras

48 3176 57 3184 -
128 3167 177 3209 res
200 3166 293 3229 super
313 3150 399 3210 littus
421 3150 481 3210 Nili
507 3156 538 3210 et
558 3152 651 3210 maris
676 3149 714 3211 ad
736 3149 837 3210 locum
870 3157 1062 3228 segregatum
1095 3151 1303 3210 incaveatum

128 3260 160 3313 et
180 3255 222 3314 ibi
242 3254 333 3314 simul
355 3252 491 3314 sedimus
514 3262 547 3325 et
568 3257 746 3333 paximatius
770 3254 905 3314 rodimus
930 3261 960 3313 et
984 3270 1108 3312 caseum
1140 3260 1170 3311 et
1195 3272 1303 3332 aquam

126 3356 186 3416 Nili
208 3358 348 3428 bibimus,
372 3358 446 3418 nibil
468 3359 549 3417 enim
572 3365 691 3417 coctum
715 3356 845 3418 calidum
868 3357 903 3416 ab
920 3356 985 3416 heri
1008 3365 1039 3416 et
1062 3354 1172 3416 nudius
1195 3360 1303 3418 tertius

127 3463 327 3539 gustavimus,
362 3461 419 3523 sed
452 3481 522 3522 cum
553 3464 695 3539 patientia
728 3469 759 3523 et
788 3464 945 3522 timorem
969 3466 1089 3519 carecto
1113 3459 1248 3520 sedimus
1273 3469 1304 3522 et

127 3567 209 3625 omni
231 3572 386 3625 momento
409 3566 610 3626 turbationem
630 3567 759 3644 aliquam
777 3567 862 3625 nobis
879 3572 1037 3625 venturam
1053 3568 1303 3643 exspectavimus,

126 3668 243 3728 nullum
265 3669 412 3729 babentes
435 3667 574 3740 dubium,
598 3671 670 3747 quin
694 3668 732 3730 de
755 3669 824 3730 loco
839 3669 890 3729 illo
906 3668 1050 3729 recedere
1068 3686 1127 3728 non
1142 3687 1304 3747 possemus

125 3774 185 3833 nisi
206 3773 285 3832 bene
308 3772 440 3833 tribulati
463 3779 494 3831 et
510 3774 612 3833 vexati
636 3790 691 3850 per
723 3773 791 3833 illos
822 3775 951 3850 gentiles
984 3779 1184 3844 mercatores,
1216 3781 1303 3834 torvo

127 3877 209 3936 enim
231 3874 395 3937 vultu'nos
419 3879 622 3954 respiciebant
644 3887 676 3938 et
697 3878 881 3957 despectivis
905 3876 1048 3956 gestibus,
1072 3878 1198 3949 malum,
1223 3877 1305 3956 quod

127 3982 226 4041 animo
262 3981 422 4059 gerebant,
454 3999 509 4041 nos
543 3998 604 4041 non
637 3982 758 4042 latebat.
805 3982 881 4041 Cum
904 3999 975 4059 ergo
999 3980 1162 4059 pauxillum
1185 3989 1303 4060 gustas·

126 4101 243 4156 semus,
269 4087 475 4145 commisimus
497 4083 598 4146 llalliu
620 4083 781 4163 disponere
806 4088 894 4147 nobis
925 4085 1059 4145 camelos
1083 4102 1137 4162 pro
1162 4084 1303 4145 ductione

126 4196 229 4249 nostra
251 4195 283 4249 et
306 4189 543 4268 supellectilium
558 4191 589 4249 in
603 4187 823 4262 Alexandriam,
848 4188 885 4248 ad
901 4207 991 4266 quam
1006 4205 1098 4265 super
1113 4188 1196 4248 littus
1214 4191 1304 4249 maris
