2874 4770
689 1501 732 1572 A.

122 1689 214 1755 Abbas
233 1684 378 1755 hospitalis
397 1683 556 1737 monasterii
581 1683 609 1734 in
634 1681 784 1735 Jerusalem
808 1680 1003 1734 humanissime
1027 1683 1196 1753 suscipiebat
1221 1702 1298 1754 pere·

193 1774 290 1842 grinos
310 1777 420 1825 sanctae
439 1777 541 1836 terrae,
562 1772 613 1824 268
623 1771 654 1824 A.

123 1863 214 1914 Abbas
233 1860 390 1914 monasterii
415 1858 442 1912 S.
464 1857 628 1911 catharinae
653 1858 682 1910 in
707 1864 797 1911 monte
820 1857 899 1911 Sinai
924 1863 952 1909 ct
973 1858 1098 1911 monachi
1120 1859 1178 1926 sui,
1205 1861 1298 1929 quales

191 1951 266 2002 sint?
286 1952 319 2003 62
338 1951 362 2002 b.

122 2041 213 2092 Abbas
226 2037 349 2090 Joachim
369 2035 526 2104 prophetico
540 2034 637 2103 spiritu
652 2034 783 2108 dissuasit
795 2041 884 2087 terrae
896 2040 1008 2088 sanctae
1020 2035 1188 2103 passagium,
1202 2036 1254 2089 282
1266 2038 1298 2090 A.

121 2127 213 2178 Abbas
227 2125 255 2176 S.
269 2123 376 2176 Nicolai
395 2123 423 2174 in
443 2130 521 2191 portu
533 2123 636 2176 Veneto
650 2123 698 2175 tali
712 2128 841 2192 apparatu
854 2121 970 2191 suscipit
987 2121 1177 2192 patriarcham,
1196 2124 1298 2191 ducem,

192 2213 291 2264 clerum
320 2217 345 2262 et
364 2210 491 2279 populum
518 2210 546 2261 in
566 2209 610 2261 die
629 2209 801 2262 ascensionis
829 2214 890 2277 post
908 2208 991 2261 maris
1010 2208 1247 2278 desponsationem
1273 2217 1300 2264 et

192 2315 320 2367 aquarum
339 2297 568 2363 benedictionem,
589 2299 622 2350 38
640 2300 671 2351 A.

124 2385 269 2438 Abbatissa
287 2385 338 2437 tuit
357 2368 477 2436 foemina
496 2385 660 2452 fortissima,
681 2392 812 2454 perpetua
829 2383 959 2437 memoria
976 2382 1076 2453 digua,
1095 2383 1147 2436 280
1164 2383 1196 2437 Β.
1216 2382 1246 2437 C.

123 2471 192 2522 Abel
211 2485 262 2535 quo
281 2470 309 2522 in
330 2473 389 2524 loco
408 2471 490 2524 fuerit
509 2472 616 2526 occisus
635 2489 652 2524 a
669 2473 754 2525 fratre
773 2473 843 2524 suoi’
863 2473 878 2522 7
897 2486 922 2523 a.

123 2558 232 2610 Abacuc
246 2559 321 2610 ande
341 2560 423 2612 fuerit
442 2567 534 2630 raptus
553 2560 582 2613 in
601 2559 768 2629 Babylonem
787 2559 821 2610 ad
839 2556 1004 2619 Danielem?
1026 2557 1074 2610 165
1092 2556 1124 2608 A.

124 2646 240 2714 Abirim,
259 2646 353 2714 Nebo,
372 2647 483 2716 Phasga
502 2665 523 2699 s.
542 2647 641 2716 Pisga,
660 2653 765 2700 montes
780 2645 904 2714 Moysis,
924 2644 975 2698 243
993 2644 1024 2696 Β.

124 2734 252 2802 Abyssini
272 2734 421 2787 Christiani
439 2735 562 2803 Indiaui,
583 2737 633 2789 1³5
652 2737 685 2792 A.

124 2822 250 2890 Abyssus
269 2822 331 2890 quid
350 2822 407 2874 sit?
426 2823 511 2879 121.
654 2830 657 2835 ’

124 2910 224 2962 abusus
243 2927 342 2978 graves
361 2916 425 2964 sunt
443 2911 471 2962 in
490 2911 608 2964 eeclesia
625 2909 714 2964 sancti
732 2908 886 2979 sepulchri,
906 2910 958 2964 214
975 2908 1006 2962 Β.

123 2998 260 3049 Abraham
279 2998 346 3049 vidit
365 3005 421 3051 tres
440 2998 523 3067 viros.
561 2999 638 3051 Ubii'
659 2998 709 3051 122
727 3000 753 3052 b.

122 3086 258 3137 Abraham
277 3086 323 3139 ubi
342 3087 426 3139 lilium
445 3087 586 3140 immolare
605 3086 744 3139 voluerit?
765 3087 814 3139 122
832 3087 865 3139 Β.

123 3173 260 3224 Abraham
278 3179 305 3225 et
323 3172 403 3225 Sarai
423 3173 469 3226 ubi
486 3174 544 3227 sint
562 3175 685 3243 sepulti?
702 3176 720 3226 8
738 3175 766 3230 b.

124 3258 272 3311 Absalonis
291 3259 401 3324 titulus,
421 3276 498 3327 quern
517 3260 617 3326 erexit,
637 3261 688 3312 233
707 3261 738 3312 Β.

124 3348 268 3411 absorptus
288 3344 339 3397 tuit
355 3344 464 3397 Dathan
485 3353 512 3398 et
527 3347 639 3398 Abiram
659 3352 685 3398 et
704 3346 751 3398 alii
770 3343 932 3398 seditiosis
950 3348 1039 3408 terra,
1058 3342 1092 3397 5³
1111 3343 1136 3394 b.

125 3435 270 3499 absorptus
289 3435 365 3482 vates
383 3438 465 3498 poeta
482 3448 498 3483 a
517 3437 590 3485 terra
608 3448 658 3501 pro
677 3433 727 3484 deo
746 3431 856 3484 habitus
876 3435 933 3494 est,
955 3429 1005 3481 180
1023 3429 1052 3484 b.

124 3519 231 3584 Achaja
248 3517 376 3584 Europae
396 3517 489 3585 regio,
511 3519 562 3570 180
580 3534 606 3573 a.
625 3520 653 3572 b.

124 3607 252 3658 Acheron
272 3604 369 3656 civitas
387 3603 611 3670 Philistaeorum,
633 3607 664 3656 11
686 3619 711 3658 a.

123 3691 321 3746 Acheldemach
341 3706 408 3760 ager
427 3691 587 3761 sanguinis,
609 3693 658 3744 162
676 3690 710 3747 A.
723 3693 755 3744 Β.

124 3778 255 3845 Achillei,
275 3778 359 3830 Nerei
378 3786 404 3831 et
422 3779 532 3832 Patricii
552 3795 680 3848 corpora,
700 3780 734 3831 88
751 3779 783 3832 B.

125 3869 217 3920 Acoou
236 3867 293 3920 sive
312 3868 471 3934 Ptolemais,
492 3867 601 3934 civitas,
621 3869 670 3922 289
689 3870 730 3934 A3
751 3868 881 3934 ceperunt
900 3860 1063 3928 Christiani,
1084 3861 1134 3915 282
1154 3862 1193 3931 A3
1213 3868 1302 3916 terrae

193 3963 265 4009 motu
293 3956 444 4009 ceciditib.
465 3955 573 4023 283133
599 3954 795 4010 aSarracenis
819 3957 898 4022 capta
923 3952 956 4003 de
976 3948 1191 4004 Christianorum
1216 3950 1301 4006 maui-

196 4047 246 4097 bus
266 4045 301 4097 ib.
321 4047 353 4099 A.
366 4046 398 4097 B.
829 4082 833 4089 ·

127 4131 216 4185 Achor
232 4133 289 4199 fur,
309 4138 427 4203 tempore
445 4134 564 4200 duanae,
583 4130 721 4204 lapidatus
739 4147 757 4183 a
774 4129 890 4202 populo,
908 4126 961 4182 20³
978 4126 1010 4182 Β.
