2902 4710
737 155 803 225 210

388 283 392 299 ι
947 263 955 294 l

183 336 265 396 etin
288 340 384 406 terra,
408 332 463 417 sed
486 332 616 393 multum
627 298 825 404 differenter,
849 330 932 418 quod
948 330 1042 391 multa
1058 331 1244 409 experientia
1260 327 1362 390 didici.

183 438 260 499 Cum
283 444 386 498 autem
408 423 477 506 sero
500 437 614 498 iactum
638 442 739 507 esset,
769 435 856 503 multi
877 439 1027 497 venerunt
1050 433 1233 496 decivitate
1256 433 1287 493 in
1310 448 1363 509 gai

182 543 275 614 leam,
308 542 466 607 nobiscum
498 541 635 627 volentes
671 539 882 614 transfretare,
914 541 993 600 inter
1023 556 1098 617 quos
1123 537 1190 627 ¹duo
1223 536 1364 597 homines

184 645 301 724 galeam
322 646 452 723 ingressi
474 630 560 716 sunt,
595 640 631 712 ad
655 661 783 722 quorum
805 645 976 721 ingressum
1007 648 1070 704 tota
1101 639 1186 720 galea
1210 647 1364 703 commota

183 747 254 809 luit:
279 747 460 827 quibusdam
480 746 616 826 placebat
629 748 785 824 ingressus
801 763 916 818 eorum,
940 745 1005 808 aliis
1028 742 1364 823 displicebatquidam

73 900 76 904 ,
185 848 336 930 optabant,
360 857 394 912 ut
416 867 513 931 prope
536 850 717 921 locarentur,
743 850 793 910 alii
811 849 973 928 jurabant,
987 851 1012 911 si
1029 866 1118 909 secus
1141 866 1214 909 suos
1238 848 1363 908 cumbos

185 955 324 1016 collocati
346 954 474 1029 fuerint,
509 952 591 1032 quod
613 953 730 1031 galeam
752 955 907 1032 resignare
929 953 1043 1016 vellent
1066 959 1097 1013 et
1119 951 1162 1039 ad
1180 953 1268 1013 aliam
1281 959 1363 1013 tran·

185 1060 246 1118 sire
270 1054 324 1138 (h)
349 1072 473 1128 navem;
498 1055 620 1134 quidam
635 1054 863 1117 -rnaledicebant
884 1063 1011 1137 patrono
1038 1062 1163 1136 propter
1186 1073 1290 1116 earum
1313 1072 1363 1115 re·

185 1163 371 1240 ceptionem,
396 1167 427 1221 et
449 1166 484 1246 utv
505 1139 745 1238 verumplateor,
780 1161 806 1218 si
829 1152 969 1237 'dominus
992 1159 1146 1221 lohannes
1170 1165 1201 1219 et
1224 1177 1279 1238 ego
1302 1158 1362 1218 sci·

185 1266 335 1327 vissemus
351 1250 473 1325 illorum
487 1252 678 1341 ingressum,
703 1261 791 1322 aliam
807 1264 923 1342 galeam
939 1265 1140 1342 elegisemus,
1164 1269 1196 1323 et
1217 1264 1244 1321 si
1266 1261 1363 1321 locas·

186 1375 255 1428 sent
277 1386 333 1428 eos
351 1367 435 1444 juxta
458 1385 533 1438 nos,
565 1368 644 1426 sicut
667 1370 926 1444 comminabantur
954 1368 1059 1441 nobis,
1090 1369 1309 1429 incrastinum
1332 1366 1363 1424 in

187 1471 274 1532 aliam
296 1472 413 1553 galeam
428 1471 682 1551 transivissemus.
715 1471 829 1551 Aperte
854 1473 954 1534 dicam
969 1491 1038 1533 cum
1053 1473 1288 1550 supportatione,
1312 1469 1365 1546 qui

186 1573 297 1634 luerint
329 1576 464 1652 hospites
495 1575 538 1634 illi
569 1581 631 1633 tam
653 1556 731 1635 male
753 1577 820 1636 visi.
859 1577 932 1638 ,Fuit
955 1576 1076 1655 quidam
1105 1577 1174 1636 leno
1198 1582 1262 1636 arte
1285 1575 1364 1634 auri-

187 1678 271 1757 faber
295 1685 326 1739 et
340 1679 538 1760 gemmarios,
563 1679 614 1755 qui
637 1696 709 1739 cum·
721 1686 823 1740 scorto
841 1664 1054 1741 delicatissimo
1078 1679 1116 1740 ad
1136 1697 1191 1740 nos
1207 1681 1364 1758 ingressus

189 1788 245 1843 est.
276 1781 341 1844 Hoc
364 1788 499 1843 scortum
522 1780 689 1842 aVeneliis
704 1781 916 1870 Alexandriam
932 1770 1093 1869 advexerat
1116 1790 1146 1845 et
1160 1785 1365 1862 prostituerat,

190 1893 220 1946 et
244 1885 352 1964 adepto
375 1886 460 1946 lucro
483 1886 564 1964 turpi
586 1882 687 1944 redire
711 1903 831 1969 cumea
847 1887 974 1949 volebat.
991 1887 1141 1970 v=llicerant
1159 1894 1260 1966 autem
1276 1886 1366 1947 ambo

190 1971 454 2065 dominos'galeae
476 1981 599 2049 nostrae
621 1980 761 2067 precibus
776 1990 905 2062 multis„
916 2008 1032 2069 eosque
1047 1992 1103 2052 sub
1118 1992 1176 2052 hac
1192 1991 1366 2052 conditione

190 2100 440 2181 acceptaverunt,
473 2099 508 2154 ut
537 2093 670 2153 foemina
699 2095 729 2153 in
759 2111 824 2157 sua
846 2095 953 2172 cumba
987 2112 1120 2173 semper.¹
1138 2089 1276 2175 maneret
1308 2107 1367 2154 nec

191 2196 390 2257 adscenderet
413 2197 590 2281 aliquando,
610 2202 646 2256 et
668 2189 799 2262 cla'rnosu
821 2216 882 2258 non
905 2205 988 2258 esset
1003 2204 1062 2258 aut
1077 2198 1194 2276 garrula
1216 2215 1273 2258 nec
1295 2215 1367 2275 pros

192 2320 258 2374 car,
288 2300 464 2379 nullumque
497 2302 670 2388 admitteret
687 2318 763 2362 nec
795 2303 854 2380 ipsi
886 2302 989 2385 lenoni
1012 2319 1045 2362 se
1070 2302 1278 2373 submitteret,
1311 2300 1369 2360 sed

190 2404 286 2486 navali
310 2392 447 2471 castitate
470 2406 599 2476 viveret,
624 2402 704 2466 elsi
726 2390 816 2466 se'cus
840 2412 994 2484 repertum
1016 2405 1115 2475 fuerit,
1139 2407 1251 2483 absque
1274 2406 1368 2464 mise··

144 2582 145 2585 ¹
191 2508 319 2570 ricordia
342 2503 428 2569 ambo
452 2508 541 2569 simul
565 2508 602 2569 ad
625 2511 794 2587 proximum
810 2510 895 2570 littus
911 2508 1052 2587 ejiciendi
1067 2516 1179 2581 essent,
1203 2511 1271 2580 sive
1282 2509 1367 2569 littus

194 2616 232 2674 sit
255 2620 336 2674 terra
358 2610 525 2672 habitabilis
551 2613 614 2678 sive
636 2613 845 2685 inhabitabilis,
863 2595 932 2684 'sive
949 2613 1185 2674 Christianorum
1209 2616 1272 2685 sive
1289 2611 1367 2673 Tur·

192 2736 313 2788 corum,
348 2722 377 2775 et
398 2714 459 2774 hoc
489 2722 577 2792 pacto
589 2754 594 2774 2
607 2717 763 2793 ingressae
795 2723 868 2777 sunt
887 2718 964 2778 istae
987 2734 1145 2795 personae.
1192 2716 1255 2778 Sed
1277 2717 1369 2794 longa

192 2821 248 2881 iuil
271 2819 370 2886 habita
393 2819 578 2877 concertatio
595 2824 633 2884 et
656 2804 849 2889 deliberatio,
879 2821 910 2879 in
934 2836 993 2897 quo
1018 2820 1086 2881 loco
1108 2819 1223 2882 vellent
1245 2837 1298 2880 eos
1320 2818 1367 2879 lo·

193 2941 278 2994 care;
311 2927 366 2982 aut
395 2920 500 2991 simul,
532 2920 582 2981 vel
611 2923 783 3009 separatim.
829 2919 943 2983 Multae
973 2931 1076 2984 autem
1106 2942 1214 3002 preces
1247 2902 1371 2984 luerunt

192 3032 350 3104 porrectae
373 3023 495 3084 domino
519 3022 633 3083 decano
656 3022 899 3102 Mogontiuensi,
924 3032 972 3096 ut,
996 3029 1104 3087 sinon
1127 3029 1246 3102 ambos,
1269 3026 1370 3087 saltim

193 3129 357 3188 foeminam
379 3129 411 3186 in
433 3142 519 3186 suam
543 3144 729 3205 suorumque
752 3129 903 3206 reciperet
926 3128 1080 3203 cellulam,
1103 3131 1159 3192 sed
1174 3127 1369 3208 virprudens

194 3232 279 3291 nullo
314 3229 403 3290 modo
434 3232 723 3297 consentirevoluit
753 3234 886 3306 sciens„
904 3251 965 3294 uon
988 3233 1054 3294 fore
1078 3241 1176 3295 tutum
1198 3209 1371 3295 cohabitare

194 3338 328 3414 serpenti
361 3340 391 3395 et
423 3333 527 3395 fovere
561 3318 753 3414 scorpionem
792 3338 859 3397 sinu
891 3338 1022 3397 incaute.
1068 3338 1198 3416 Sicque'
1218 3337 1286 3399 data
1323 3341 1371 3395 est
1430 3321 1433 3325 ’

195 3440 239 3498 eis
262 3441 370 3500 stantia
391 3440 422 3498 in
446 3440 563 3510 carina,
587 3441 664 3501 ultra
687 3439 801 3500 malum
824 3439 861 3527 ad
884 3448 1001 3519 partem
1016 3458 1142 3528 prorae,
1165 3443 1245 3513 sicut
1266 3447 1372 3503 nostra

194 3546 302 3604 stantia
335 3551 399 3604 erat
429 3542 472 3611 ad
498 3552 614 3622 partem
645 3547 764 3623 puppis.
808 3543 848 3618 Et
870 3527 1014 3622 quamvis⁴
1035 3545 1091 3605 hae
1122 3545 1197 3606 duae
1221 3561 1371 3625 personae

195 3646 592 3727 conditionis,displicebitis
617 3656 741 3720 essent,
771 3654 873 3712 tamen
899 3650 1079 3719 inveritate
1102 3649 1191 3730 dico,
1225 3649 1307 3729 quod
1329 3651 1373 3712 ita

195 3750 333 3821 silenter,
355 3753 520 3828 patienter,
544 3753 668 3831 pacifice
692 3760 723 3812 et
745 3751 935 3829 disciplinate
958 3770 992 3813 se
1018 3739 1203 3836 habuerunt,
1225 3753 1371 3833 utu-modo

195 3872 254 3912 non
277 3854 376 3914 solum
399 3873 459 3915 nou
481 3862 642 3933 suspectae
673 3861 703 3915 et
731 3855 895 3934 despectae
917 3864 1044 3929 essent,
1077 3857 1131 3918 sed
1162 3857 1308 3924 honestae
1341 3864 1373 3918 et

194 3956 291 4017 bonae
324 3958 359 4039 ab
387 3958 525 4018 omnibus
555 3943 752 4034 haberentur,
787 3958 867 4020 unde
896 3978 951 4025 sua
979 3960 1124 4040 pudicitia
1153 3968 1185 4022 et
1213 3962 1372 4023 honestate

195 4063 330 4120 omnium
352 4063 383 4120 in
406 4077 439 4120 se
459 4063 653 4126 ,concitabant
675 4062 826 4125 allectum.
872 4064 941 4143 lpse
966 4066 1219 4139 enim.aurilaber
1242 4041 1306 4130 erat
1327 4067 1375 4129 vir

192 4162 331 4250 juvenis,
371 4162 517 4238 mundus,
559 4165 687 4246 pulcher
722 4174 753 4230 et
772 4169 966 4231 rationabilis
996 4174 1149 4249 *totusque
1187 4170 1228 4259 ad
1249 4186 1375 4237 ‚omnes
