2902 4710
740 165 803 237 194

180 361 252 416 cus,
283 341 639 426 .Tbeopbilus,n‚Tbyrus
662 343 800 404 medicus
825 349 856 404 et
878 339 996 405 'caeteri
1024 344 1144 423 plures,
1174 346 1226 424 qui
1249 341 1357 409 omnes

178 445 472 526 grandiaopuscula
493 446 530 509 de
553 454 656 508 nostra
678 447 829 526 theologia
858 454 1103 526 composuerunt.

171 606 174 610 ,
283 550 387 612 Tertio
410 557 490 613 terra
505 551 634 630 Aegypti
657 551 735 613 ultra
759 570 866 612 omnes
893 550 1114 631 mundipartes
1134 552 1238 630 plures
1254 552 1357 620 habuit

79 664 82 669 ’
178 653 388 738 confessores,
406 656 585 736 'monachos
610 662 641 716 et
663 657 814 742 virginum
836 655 962 727 choros,
990 657 1099 733 partim
1129 657 1160 715 in
1185 658 1355 719 civitatibus

179 762 210 816 ct
226 757 337 819 villulis
354 765 591 830 commanentes,
608 759 765 838 partimin
780 748 865 821 vasta
881 776 985 820 eremo
1003 759 1150 837 degentes
1174 761 1253 820 inter
1267 777 1354 820 sanc-

176 862 443 940 tissimospatres.
489 862 566 923 Nam
595 863 798 942 insuperiori
829 879 931 922 eremo
954 862 1140 949 Anacharius
1172 862 1290 934 claruit,
1322 865 1354 923 in

175 963 310 1025 inferiori
338 965 413 1026 alius
441 962 631 1039 Macharius,
647 956 709 1026 in
726 965 801 1026 Sciti
833 964 992 1039 isidorus,
1015 969 1046 1026 iir
1082 966 1199 1027 cellulis
1230 965 1352 1039 Pambo‚

174 1065 298 1146 Moyses
321 1071 351 1129 in
366 1070 470 1143 Nitria,
493 1070 604 1131 Paulus
620 1072 651 1131 in
664 1069 823 1148 Apelioia,
842 1071 873 1128 in
890 1069 976 1129 Focis
994 1068 1070 1129 alius
1085 1068 1213 1141 Paulus,
1237 1068 1352 1150 losepb

178 1172 349 1250 inPispiri,
372 1154 483 1235 demtis
507 1173 581 1245 aliis,
603 1173 713 1245 Paulo,
737 1171 883 1244 Antonio,
906 1169 1003 1233 Maria
1020 1171 1221 1252 Aegyptiace,
1252 1173 1372 1251 Euge·

172 1277 224 1338 nia
257 1277 447 1354 syncletica,
477 1278 567 1350 Sara,
602 1271 801 1346 sanctissimis
834 1274 965 1356 Aegypti
993 1276 1143 1336 ioeminis.
1196 1276 1263 1336 Non
1288 1282 1352 1337 erat

170 1379 272 1441 villula
288 1367 515 1463 autoppidum
537 1383 571 1463 in,
591 1387 653 1441 toto
677 1377 833 1459 Aegypto,
859 1379 940 1458 quod
964 1386 1082 1440 careret
1104 1378 1270 1439 monachis.
1316 1376 1350 1437 ln

172 1485 292 1545 civitate
310 1483 446 1551 Oxiruito
471 1465 556 1546 crant
578 1484 705 1564 plurima
721 1487 924 1554 monasteria,
945 1492 976 1546 et
998 1487 1064 1563 ipsa
1087 1476 1191 1546 civitas
1214 1484 1296 1544 intus
1317 1487 1360 1547 et

173 1594 256 1648 extra
280 1584 373 1667 (1111
389 1586 433 1666 a)
458 1589 703 1650 monacbiscrat
725 1590 831 1668 plena,
855 1589 912 1660 iia,
945 1587 1028 1674 quod
1051 1589 1142 1648 etiam
1165 1589 1195 1652 iu
1218 1587 1368 1649 turribus.

172 1692 300 1752 civitatis
331 1693 500 1753 residerent
531 1699 689 1775 etsupcr·
707 1674 861 1772 portarum
889 1692 1040 1753 fortalitia.
1087 1690 1149 1763 Qer
1172 1707 1348 1769 quemcum-

171 1813 230 1874 que
254 1798 354 1857 vicum
385 1798 453 1874 quis
481 1797 559 1871 ibat,
592 1797 726 1875 undique
755 1814 847 1859 voces
875 1796 1069 1874 psallentium
1097 1795 1254 1868 audiebat,
1288 1812 1349 1856 uon

174 1905 277 1960 tamen
301 1899 403 1960 clerici
427 1906 528 1972 erant,
567 1900 640 1961 dicit
670 1903 751 1962 enim
776 1901 935 1965 Gratianus
963 1897 1040 1961 XVI.
1068 1917 1118 1977 qu.
1149 1897 1176 1961 1.
1201 1898 1350 1978 superiori

172 2009 274 2063 annot.
309 2004 340 2062 in
368 2003 444 2075 fine,
478 2005 643 2066 monachos
672 2022 771 2084 usquc
804 2005 841 2066 ad
869 2012 991 2084 tempus
1013 2004 1154 2074 Eusebii,
1177 2003 1289 2063 Sosimi
1319 2007 1350 2062 et
1377 2053 1383 2060 ,

172 2109 270 2169 Siricii
300 2108 464 2182 monachos
486 2091 665 2196 sirnpliciter
696 2116 726 2170 et
751 2127 813 2170 non
840 2109 967 2169 clericos
996 2108 1107 2180 luisse,
1142 2106 1350 2167 ecclesiastica

169 2212 261 2273 tradit
283 2212 415 2279 historia.
432 2210 532 2289 jUnde
557 2219 588 2274 ct
601 2213 805 2292 Hieronymus
823 2213 909 2285 dicit,
933 2211 1098 2272 monachos
1121 2213 1151 2270 in
1175 2211 1249 2271 Sciti
1273 2228 1346 2270 con-

169 2319 290 2378 venisse
313 2303 477 2388 inunum,
502 2323 540 2378 ut·
557 2317 748 2383 sacerdotem
766 2319 822 2379 sibi
837 2319 1020 2397 invenirent,
1047 2317 1096 2393 qui
1121 2317 1165 2375 eis
1188 2315 1348 2375 missarum

168 2419 314 2481 solemnia
336 2420 516 2481 celebraret.
563 2421 631 2483 Non
649 2439 727 2501 crgo
751 2427 815 2486 erat
844 2439 934 2500 grave
957 2419 1150 2497 regionibus,
1183 2417 1346 2478 monachos

169 2542 254 2595 esse,
279 2525 349 2603 quia
371 2527 587 2594 instantissime
611 2527 785 2601 laborabant
808 2543 865 2593 nec
888 2524 1115 2594 mendicabant,
1132 2520 1203 2581 'sed
1226 2520 1345 2582 mendi-

169 2631 213 2690 cis
236 2628 463 2690 subveniebant.
509 2627 596 2691 Unde
619 2629 691 2691 dicit
703 2610 926 2708 Hieronymus,
950 2626 1031 2706 quod
1047 2626 1178 2716 Aegypti
1195 2615 1346 2704 pauperes

103 2795 104 2798 ,
152 2751 228 2793 non
251 2733 440 2795 suiliciebant
463 2733 636 2806 monacbis,
660 2740 694 2794 ut
717 2735 761 2794 eis
785 2733 993 2811 providerent,
1018 2737 1049 2792 ei
1072 2729 1284 2808 eleemosynas
1308 2727 1347 2789 ad

166 2836 256 2914 longe
288 2840 402 2918 positas
436 2840 577 2917 regiones
608 2836 851 2924 transmittebant
881 2836 981 2897 ditatis
1010 2853 1066 2914 per
1098 2850 1150 2893 cos
1178 2831 1344 2920 Aegyptiis,

166 2939 241 2998 nibil
280 2943 361 3001 enim
399 2942 461 3002 sibi
499 2940 684 3008 retinebant,
725 2943 783 3001 nisi
821 2940 902 3019 quod
931 2945 992 3016 'pro
1030 2937 1225 3016 praecissimo
1263 2936 1345 2996 victu

167 3047 199 3101 et
227 3042 374 3103 vilissimo
404 3045 515 3110 vestitu
555 3048 586 3103 at
616 3043 792 3130 parvissimo
830 3042 982 3121 tuguriolo
1020 3041 1176 3102 deservire
1213 3043 1342 3117 poterat.

165 3144 199 3207 ln
230 3145 384 3223 praedicta
417 3143 489 3227 ergo
524 3140 598 3208 urbe
620 3153 707 3207 crant
728 3131 785 3207 XX
808 3147 900 3218 millia
925 3147 1074 3225 virginum
1106 3149 1137 3203 ct
1158 3141 1227 3205 XIV
1249 3142 1344 3203 millia

81 3252 86 3261 '
166 3251 394 3312 monachorum.
447 3250 480 3312 ln
517 3250 629 3325 Nitria,
666 3252 717 3312 ubi
754 3254 867 3313 nitrum
905 3250 1074 3326 colligitur,
1112 3245 1244 3308 crantC
1277 3263 1342 3305 mo·

164 3358 312 3427 nasleria;
337 3355 378 3415 ibi
401 3363 487 3417 erant
509 3357 660 3434 magistri,
684 3362 801 3434 patres,
833 3355 930 3416 abbas.
946 3350 1119 3421 lohannes,
1134 3366 1137 3371 ·
1155 3351 1246 3410 abbas
1268 3349 1341 3422 llor,

163 3457 264 3520 Abbas
279 3459 420 3532 Amman‚
445 3463 496 3539 qui
519 3458 582 3520 erat
598 3461 791 3539 patertrium
808 3458 935 3518 millium
951 3455 1184 3525 monachorum,
1209 3459 1240 3514 et
1254 3470 1341 3513 sanc·

162 3569 213 3624 tus
228 3563 416 3642 Apollonius,
432 3572 518 3644 pater
533 3561 1007 3643 quingentorum'monachorum,
1032 3564 1062 3619 et
1079 3558 1235 3636 Serapion,
1253 3562 1343 3636 pater

164 3664 273 3729 decem
296 3667 423 3728 millium
439 3669 664 3744 monachorum,
690 3673 719 3727 ct
735 3665 887 3737 Theanus,
903 3670 989 3744 pater
1012 3663 1103 3722 trium
1124 3661 1252 3721 millium
1274 3679 1340 3721 mo-

162 3771 337 3831 nachorum.
369 3769 403 3839 ln
424 3789 484 3832 una
498 3771 629 3850 Aegypti
655 3773 774 3832 civitate
798 3777 883 3832 erant
898 3767 952 3831 llll
976 3769 1158 3828 monasteria
1179 3767 1338 3845 virginum.

161 3874 196 3936 ln
219 3876 276 3935 alia
299 3875 419 3936 civitate
443 3881 507 3936 erat
529 3876 747 3935 monasterium
769 3875 868 3935 CCCC
891 3877 1039 3945 virorum,
1078 3880 1109 3934 et
1132 3869 1212 3932 aliud
1234 3884 1339 3931 mona·

161 3981 288 4041 sterium
313 3978 412 4040 CCCC
435 3979 657 4050 foeminarum,
675 3984 706 4038 et
728 3978 803 4038 baec
826 3977 885 4038 duo
909 3977 1093 4049 monasteria
1115 3994 1171 4055 per
1188 3974 1249 4035 Nili
1269 3973 1338 4034 bra-

162 4084 264 4144 chium
287 4090 372 4145 erant
400 4082 503 4145 divisa.
548 4082 586 4142 Et
609 4082 640 4142 S.
663 4078 820 4142 Macarius·
842 4080 977 4150 babebat
1000 4064 1032 4140 in
1060 4099 1121 4141 uno
1151 4079 1338 4162 monasterio

160 4185 294 4250 lllCCCC
315 4189 407 4251 viros.
436 4183 552 4249 Multa
572 4184 645 4247 talia
665 4184 812 4257 babemus
834 4185 866 4248 iu
887 4185 957 4248 vitis
980 4183 1194 4268 patrum,xubi
1206 4181 1340 4264 Aegypti
