2902 4710
723 141 789 211 408

170 332 201 388 et
223 327 249 387 si
272 312 450 386 adolescens
465 319 602 384 Venetus
625 322 708 383 visus
730 319 821 381 fuerit
843 319 874 380 in
897 315 1023 393 talibus,
1045 320 1136 381 etism
1152 319 1178 381 si
1193 317 1348 381 abundan-

168 432 303 492 tissimus
325 429 431 501 luerit,
454 427 553 490 nullus
576 426 666 487 liliam
691 441 776 486 suam
800 425 828 484 ci
847 421 955 502 junget
970 425 1176 496 matrimonio,
1199 421 1253 483 sed
1269 428 1348 506 tarn·

170 552 260 614 quarn
283 539 432 594 scortator
463 536 494 592 et
522 531 618 608 turpis
649 530 811 607 spernitur.
857 527 936 588 Suos
960 529 1052 588 etiam
1075 526 1285 588 adolescentes
1310 526 1348 588 ad

169 636 271 699 studia·
291 638 412 698 mittunt
435 634 490 696 sub
514 634 694 715 cautissimis
716 630 838 703 tutelis,
862 649 900 692 ne
923 631 1113 692 maculentur
1131 632 1212 693 vitiis
1228 629 1345 691 adoles·

169 742 303 812 centiae,
336 741 435 801 sciunt
463 739 560 810 enim,
597 736 676 815 quod
707 737 892 815 principatus
923 735 974 795 ille
1005 727 1225 813 corrumpitur,
1259 733 1345 812 cujus

167 844 283 905 nobiles
315 849 347 904 et
377 843 538 921 optimates
571 842 793 919 prostituuntur
825 840 915 901 vitiis.
971 836 1087 898 idcirco
1121 838 1299 902 inhumana'
1314 846 1345 901 et

169 948 302 1009 enormia
341 947 466 1006 crimina
500 962 559 1004 non
599 944 711 1004 habent
744 951 776 1004 et
803 961 819 1005 a
852 943 1077 1035 convicinorum
1109 944 1242 1005 moribus
1276 954 1346 1010 snut

167 1053 289 1131 penitus
312 1051 411 1111 alieni.
456 1048 529 1110 ldeo
552 1049 712 1127 imperium
734 1065 840 1108 eorum
863 1065 923 1108 non
947 1052 1008 1107 tam
1043 1046 1151 1107 robore
1184 1064 1346 1129 corporum

168 1173 256 1234 quam
279 1155 383 1232 vigore
407 1152 574 1213 animorum
595 1153 817 1213 incrementum
839 1167 875 1212 ac
898 1149 1023 1212 tutelam
1043 1151 1090 1210 sui
1116 1152 1347 1230 comprehendit

168 1260 229 1321 Sua
251 1261 378 1338 insuper
400 1257 723 1337 prudentiamagnam
745 1259 852 1335 pacem
874 1257 954 1338 inter
977 1255 1116 1315 concives
1150 1264 1347 1319 servaverunt

168 1371 198 1425 et
210 1363 405 1442 partialitates
420 1361 605 1440 perniciosas
622 1360 761 1421 omnibus
777 1359 874 1420 modis
892 1354 1040 1439 (ulus)
1063 1359 1239 1421 vitaverunt.
1270 1362 1347 1423 Cum

168 1469 248 1529 enim
272 1467 334 1528 tota
356 1465 440 1527 ltalia
464 1483 542 1526 anno
565 1464 687 1526 Domini
713 1458 797 1530 1238
819 1451 1005 1525 divideretur
1026 1463 1057 1521 in
1080 1460 1154 1523 duas
1177 1470 1288 1541 partes,
1315 1469 1348 1524 et

168 1588 274 1632 omnes
298 1572 379 1631 cives
405 1570 559 1631 civitatum
582 1575 612 1630 et
635 1571 793 1667 suppopits
817 1568 1064 1629 communitatum
1086 1568 1166 1628 inter
1181 1586 1214 1630 se
1231 1566 1347 1646 disJ'un-

167 1679 311 1752 gerentur
325 1690 380 1750 per
396 1670 551 1750 Guelphos
575 1678 606 1732 et
622 1669 803 1743 Gibellinos,
826 1670 986 1750 pestiferas
1009 1671 1214 1749 partialitates,
1237 1672 1348 1734 Veneti

167 1792 266 1855 paene
290 1775 346 1836 soli
369 1774 425 1855 hac
447 1781 535 1854 peste
558 1792 618 1835 non
649 1774 771 1839 fuerunt
802 1774 934 1835 infecti·
964 1772 1116 1867 Tempore
1148 1766 1228 1838 enim
1258 1793 1347 1857 prae·

169 1879 324 1939 nominato
342 1876 505 1956 Gregorius
520 1876 571 1938 lX.
596 1883 626 1938 et
648 1877 820 1938 Friderious
835 1876 870 1937 ll.
896 1883 1000 1938 contra
1023 1895 1057 1938 se
1081 1880 1211 1940 invicem
1233 1883 1346 1950 tumul·

166 1981 305 2053 luebant,
339 2000 408 2043 nam
432 1999 501 2041 cum
523 1979 693 2040 Fridericus
717 1971 896 2059 Gregorium
926 1982 1098 2060 pontificem
1120 1982 1222 2044 bostili
1246 1986 1346 2049 animo

166 2085 392 2163 insequeretur,
417 2092 447 2146 ct
470 2101 576 2145 omnes
592 2083 694 2144 ltaliae
711 2085 846 2144 civitates
870 2085 902 2144 in
925 2086 1056 2147 tumultu
1080 2088 1253 2161 existerent,
1277 2106 1345 2151 eas·

167 2205 226 2267 que
250 2168 402 2250 divisisset
432 2190 510 2250 scire
541 2185 664 2258 volens,
697 2187 748 2265 qui
772 2204 877 2247 secum
901 2194 931 2247 et
954 2191 1005 2266 qui
1028 2207 1097 2249 cum
1121 2190 1252 2254 ecclesia
1274 2211 1346 2255 sen·

165 2293 270 2363 tinent,
304 2292 480 2354 nonmodo
504 2293 659 2363 civitates,
690 2307 796 2351 verum
827 2292 918 2351 etiarn
942 2296 973 2351 et
996 2293 1120 2356 castella
1149 2312 1184 2355 ac
1206 2294 1346 2373 familias,

166 2401 199 2458 ut
221 2396 262 2456 ita
279 2395 405 2457 dixerim
420 2395 497 2457 lilios
522 2409 591 2457 oum
617 2400 702 2474 patre
727 2392 895 2456 etiratrem
911 2393 1106 2470 cumfratre,
1129 2406 1194 2460 tum
1214 2402 1348 2479 primurn

164 2501 196 2560 in
220 2499 293 2560 duas
316 2506 418 2579 partes
442 2500 551 2562 divisit.
583 2500 675 2560 Erant
698 2504 799 2560 autem
821 2499 852 2560 in
875 2497 959 2559 ltalia
981 2500 1011 2559 in
1034 2502 1154 2563 civitate
1169 2501 1348 2566 Pistor-lensi

165 2607 238 2663 tunc
262 2601 321 2664 duo
343 2593 451 2664 fratres
473 2603 640 2675 Alemanni,
662 2601 838 2674 Teutonici,
863 2620 993 2681 quorum
1019 2621 1097 2665 unus
1121 2603 1240 2686 Guelph
1264 2607 1347 2669 dioe-

164 2704 264 2777 batur‚
290 2707 365 2767 alter
380 2705 480 2777 dipel,
506 2713 536 2767 et
553 2705 671 2784 Guelph
688 2706 838 2768 ecclesiae
861 2705 995 2779 favebat,
1019 2702 1105 2769 Gibel
1123 2725 1192 2772 vero
1206 2713 1347 2791 imperio,

164 2809 270 2887 sicque
294 2810 329 2870 ab
352 2809 412 2869 illis
436 2808 554 2870 duobus
570 2807 713 2887 deinceps
737 2808 826 2886 hujus
849 2811 995 2890 perniciei
1018 2814 1139 2874 nomina
1154 2814 1247 2876 indita
1264 2824 1346 2879 sunt.

165 2910 251 2972 Unde
273 2912 437 2974 Florentini
466 2911 599 2991 pontifici
628 2912 764 2974 faventes
795 2914 912 2975 nobiles
936 2933 1007 2976 suos
1031 2915 1347 2999 Gibellinlspartibus

139 2997 300 3074 ’faventes
324 3014 518 3093 expulerunt,
551 3032 611 3091 quo
634 3015 715 3076 facto
737 3015 854 3089 Pisani,
889 3021 954 3096 qui¹
969 3021 1098 3098 imperio
1128 3021 1284 3096 favebant,
1317 3032 1348 3086 et

166 3119 225 3198 ipsi
256 3121 427 3196 evestigio
451 3117 604 3197 Guelphos
634 3115 688 3179 sua
719 3119 793 3180 urbe
823 3119 1009 3200 pnopellunt,
1045 3140 1173 3201 quorum
1208 3128 1347 3206 exemplo

165 3221 278 3282 multae
303 3219 444 3284 civitates.
463 3221 570 3283 itidem
592 3222 746 3296 iecerunt,
770 3231 801 3287 et
823 3225 854 3285 in
876 3227 949 3304 ipsis
972 3227 1095 3288 urbibus
1115 3234 1219 3306 partes
1242 3236 1349 3292 contra

164 3327 352 3387 seinvicem
375 3328 473 3387 turres
498 3326 582 3387 ‘altas
606 3327 801 3391 aedificavere
831 3335 861 3390 et
884 3328 991 3390 domus
1023 3347 1093 3390 suas
1125 3332 1280 3392 munivere
1313 3341 1346 3397 et

166 3431 397 3508 congressiones
420 3430 695 3508 periculosissimas
730 3434 760 3493 in
783 3435 858 3512 ipsis
892 3434 1015 3494 urbibus
1048 3433 1151 3495 iecere
1180 3451 1278 3513 usque
1309 3437 1349 3499 ad

164 3535 258 3592 totius
282 3531 384 3594 ltaliae
408 3535 581 3607 interitum,
607 3534 707 3598 demta
730 3537 804 3598 urbe
820 3537 1031 3608 venetiarum,
1055 3536 1142 3614 cujus
1166 3540 1247 3600 cives
1270 3537 1345 3600 dde-

133 3713 135 3718 .
166 3634 274 3695 lissimi
306 3643 376 3697 sunt
405 3639 588 3717 reipublicae
613 3642 702 3719 eique
726 3641 913 3703 adversantia
938 3658 1130 3721 nequaquam
1152 3642 1347 3706 introducere

165 3740 353 3817 permittunt.

252 3841 378 3921 lnsuper
403 3842 565 3919 justissimi
596 3852 684 3918 sunt,
718 3855 748 3909 et
767 3847 883 3926 justitio
917 3867 1007 3911 suum
1039 3852 1203 3930 imperium
1234 3858 1348 3927 manet,

166 3944 286 4008 dicente
318 3952 467 4027 scriptura
492 3947 630 4012 Proverb.
658 3949 726 4016 16.:
755 3953 873 4031 justitia
903 3955 1069 4016 firmabitur
1091 3955 1199 4015 solum.
1246 3952 1348 4035 Leges

167 4066 343 4111 communes
366 4070 426 4113 non
450 4046 632 4131 sequuntur,
669 4055 723 4117 sed
747 4059 914 4120 secundum
943 4065 1054 4120 statuta
1084 4062 1205 4139 propria
1233 4061 1350 4132 vivunt,

166 4146 242 4215 miro
266 4153 355 4215 modo
379 4155 502 4239 politiae
526 4160 654 4239 negotiis
678 4161 874 4224 accommoda
902 4180 960 4224 nec
983 4171 1082 4226 tamen
1107 4182 1123 4226 a
1143 4162 1212 4241 jure
1235 4162 1346 4226 aliena.
