2902 4710
702 139 768 211 ’422

146 328 192 389 rir
214 326 272 386 iste
294 323 449 385 columnas
480 321 575 383 erexit
603 325 634 381 et
655 323 781 399 pontem
802 315 932 378 lttvoatti
966 314 1133 376 construxit
1162 332 1222 377 nec
1244 314 1329 378 aliud

147 429 246 506 petiit,
270 429 329 489 nisi
352 425 433 506 quod
455 425 567 486 domini
590 423 700 483 Veneti
722 422 933 500 permitterent
955 436 1077 480 omnem
1099 417 1205 480 ludum
1227 425 1328 482 tesse-

147 548 234 602 rum,
258 532 322 592 sire
343 527 460 606 justum
483 533 535 608 aut
557 524 795 595 iraudulentum,
818 523 948 584 liberum
962 523 1041 582 inter
1056 520 1213 582 columnas
1235 524 1327 597 istas;
1421 530 1424 535 ’

148 641 271 696 etcum
294 633 380 694 multi
401 633 465 693 viro
497 634 759 710 compaterentur,
791 627 946 687 hortantes
978 643 1048 687 eum
1075 632 1182 704 petere
1214 626 1330 706 aliquid

147 738 205 799 sibi
227 738 317 807 utile,
348 736 445 797 noluit
467 734 578 796 stultus
601 733 654 794 ille
678 731 758 793 aliud
781 729 946 808 quoquam
969 729 1124 808 accipere,
1148 730 1208 789 nisi
1235 734 1270 790 ut
1291 730 1329 790 li·

147 841 250 902 bertas
272 841 324 902 illa
345 842 424 902 iuter
446 839 601 900 columnas
623 836 709 896 firma
732 836 914 894 servaretur.

211 944 214 949 ’
235 945 335 1025 Super
350 946 462 1007 ostium
477 940 665 1003 occidentale
680 939 832 999 ccclesiae
847 935 879 997 S.
895 933 990 996 Marci
1011 938 1093 995 stant
1115 940 1245 1020 quatuor
1257 935 1331 1014 equi

148 1050 264 1126 magni,
287 1066 323 1109 ex
347 1064 417 1109 aere
440 1046 553 1108 instet
575 1043 726 1114 deaurati,
761 1058 838 1120 qnos
861 1038 980 1102 cuidam
1002 1039 1193 1118 imperatori,
1225 1037 1330 1099 bride·

149 1152 211 1212 rico
235 1150 272 1222 l.,
294 1150 400 1213 urbem
423 1149 623 1211 Venetianam
645 1145 796 1207 obsidenti
817 1143 970 1214 iec'erant3
991 1139 1146 1219 juraverat
1167 1143 1249 1202 enim
1271 1141 1330 1201 im·

148 1261 284 1336 perator,
319 1251 509 1315 obsidionem
532 1269 591 1311 non
615 1249 694 1312 velle
710 1235 851 1319 solvere,
882 1247 941 1307 nisi
971 1262 1066 1325 equos
1096 1264 1169 1307 suos
1199 1246 1332 1307 locasset

148 1361 180 1420 in
213 1356 374 1418 ecclesiam
403 1357 434 1416 S.
459 1354 554 1417 Marci
586 1359 618 1414 et
638 1353 772 1431 plateam
801 1357 898 1412 aratro
928 1354 1058 1422 arceret,
1092 1355 1123 1410 et
1152 1352 1194 1410 ita
1216 1349 1332 1410 iactum

150 1461 216 1523 fuit.
260 1448 294 1522 ln
317 1459 384 1537 ejus
407 1460 451 1520 rei
484 1459 605 1535 signum
634 1471 730 1534 equos
752 1451 827 1515 illos·
845 1453 986 1514 lecerunt
1019 1458 1051 1513 et
1073 1452 1205 1532 plateam
1235 1459 1332 1513 totam

150 1582 301 1625 marmore
324 1567 494 1625 straverunt
514 1561 596 1621 vario
625 1559 827 1637 perlongum
849 1559 880 1618 in
904 1557 1024 1634 signnm
1051 1556 1205 1616 sulcorum
1227 1556 1329 1617 aratri.

151 1668 289 1731 Ecclesia
311 1666 361 1727 illa
384 1665 416 1726 S.
432 1661 529 1725 Marci
551 1669 599 1723 cst
619 1661 707 1724 ralde
729 1663 863 1740 pretiosa
880 1665 910 1738 et
924 1657 1072 1732 rotunda,
1095 1659 1229 1739 undique
1252 1675 1333 1720 mar·

152 1788 238 1833 more
262 1776 368 1832 omata
396 1774 426 1831 et
449 1766 525 1829 adeo
549 1765 709 1836 mirabilis,
741 1769 776 1824 ut
798 1763 879 1842 vulgi
901 1763 979 1825 fama
1001 1763 1064 1834 sit,
1087 1762 1169 1847 quod
1192 1781 1253 1824 non
1275 1763 1334 1825 bu·

152 1877 248 1936 manis
271 1871 327 1934 sed
349 1872 492 1949 angelicis
515 1869 652 1930 manibus
674 1867 888 1953 sitlabricata.
957 1858 960 1862 ⁴

238 1976 292 2036 Vir
314 1965 578 2054 eloquentissimus
601 1970 644 2033 Μ.
659 1969 807 2032 Antonius
824 1971 1008 2042 Sabellicus,
1032 1988 1135 2031 rerum
1148 1969 1335 2031 Venetorum
1399 2007 1406 2021 ·

153 2080 189 2143 ab
212 2079 286 2139 urbe
315 2075 436 2138 condita
467 2077 543 2139 libro
567 2121 575 2138 .
599 2120 607 2138 .
631 2079 676 2136 sic
699 2077 848 2155 templum
881 2074 1050 2156 praelatum
1083 2075 1236 2137 describit.
1279 2073 1336 2134 Est

153 2186 256 2262 itaque
279 2181 426 2260 templum
449 2184 549 2261 ipsum
573 2199 632 2242 non
657 2188 718 2242 tarn
741 2179 948 2260 magnitudine
972 2197 1063 2262 quarn
1085 2184 1245 2240 venustate
1268 2194 1335 2250 sua,

30 2330 32 2335 ν
152 2293 185 2349 ut
216 2287 360 2365 pleraque
389 2286 463 2357 alia,
498 2303 588 2364 quarn
618 2285 778 2363 opulenter
807 2286 935 2364 insigne.
982 2283 1055 2362 Ejus
1086 2282 1201 2361 efligies
1232 2282 1334 2342 crucis

152 2393 286 2452 imitatur
308 2391 457 2468 speciem,
482 2387 568 2467 cujus
591 2389 692 2468 anguli
714 2390 746 2449 in
769 2390 929 2450 altissimas
949 2389 1132 2468 consurgunt
1153 2384 1336 2457 testudines,

46 2558 49 2564 ,
153 2509 279 2571 quarum
309 2493 427 2571 fastigia
449 2498 484 2554 ut
506 2494 621 2571 reliqua
649 2493 756 2572 templi
785 2493 878 2555 iacies
906 2493 1056 2573 plumbeis
1085 2492 1196 2569 tegnlis
1227 2496 1336 2570 operta

154 2595 193 2658 ad
215 2602 338 2657 centum
360 2594 417 2658 xx
450 2595 545 2657 stadia
575 2613 611 2656 eu
643 2596 703 2656 alto
732 2595 770 2657 ad
792 2596 899 2656 urbem
921 2595 1130 2675 navigantibus
1153 2596 1233 2655 inter
1257 2595 1335 2654 emi·

155 2700 332 2759 nentissima
364 2699 445 2760 urbis
478 2699 612 2761 aedilicia
641 2701 781 2760 occurrit.
827 2699 1044 2779 Superbissimi
1075 2698 1166 2761 adid
1200 2698 1335 2765 fornices

155 2804 231 2861 mira
253 2804 333 2862 inter
354 2819 388 2862 se
412 2809 476 2862 arte
500 2810 645 2864 coeuntes
670 2808 763 2862 totam
779 2803 893 2864 molem
907 2803 1050 2874 fulciunt,
1074 2800 1219 2881 quidquid
1235 2817 1252 2861 a
1266 2802 1335 2861 rico

155 2921 275 2964 sursum
298 2910 360 2975 est,
395 2907 641 2982 pretiosisissimo
665 2923 737 2966 auro
760 2906 869 2984 fulget,
893 2905 1010 2967 recedit
1031 2912 1134 2967 tamen
1156 2921 1246 2983 quam
1267 2903 1334 2965 lon-

122 3061 125 3066 .
156 3008 280 3085 gissime
303 3010 339 3069 ab
362 3009 473 3080 oculis,
496 3011 526 3069 in
549 3011 614 3087 ipsa
638 3010 826 3072 testudinum
850 3027 1018 3081 conversura
1040 3010 1209 3088 graecanici
1231 3008 1335 3087 operis

155 3111 379 3171 vetustissimae
396 3112 551 3189 imagines,
567 3121 684 3173 moesta
700 3115 829 3192 quadam
841 3115 1062 3194 venerabilique
1070 3115 1222 3193 patientia,
1238 3111 1335 3171 bono·

155 3232 221 3277 rem
245 3231 312 3285 oum
335 3214 479 3294 religione
503 3218 628 3278 mixtum
650 3221 854 3296 spectantium
886 3220 994 3280 animis
1024 3217 1199 3279 inserentes.
1245 3205 1337 3288 Quod

156 3317 226 3379 inde
249 3319 285 3380 ab
309 3335 381 3379 auro
414 3307 451 3381 ad
482 3322 687 3400 pavimentum
717 3321 867 3399 subjacet,
900 3321 931 3385 id
952 3328 1051 3383 totum
1080 3328 1127 3382 est
1156 3319 1336 3381 marmoreis

156 3423 264 3486 tabulis
296 3431 502 3502 compactum,
539 3444 615 3506 quae
645 3426 754 3488 blanda
783 3428 862 3486 inter
895 3443 929 3487 se
958 3443 1103 3487 venarum
1137 3420 1335 3485 similitudine

157 3528 245 3602 citius
268 3526 401 3605 fatigant,
424 3545 515 3605 quam
530 3530 669 3609 expleant
690 3531 873 3603 intuentium
895 3529 1010 3590 oculos.
1057 3528 1144 3589 Circa
1166 3530 1261 3587 imum
1283 3542 1334 3585 se-

157 3628 228 3690 dilia
250 3633 403 3710 peregrini
425 3632 531 3710 lapidis
547 3632 761 3712 porphyridem
777 3633 929 3704 rubentis,
952 3633 1159 3712 pavimentum
1174 3630 1335 3709 figurarum

157 3735 300 3794 varietate
322 3734 489 3796 incredibili
505 3734 697 3809 distinctum,
720 3743 753 3825 et
774 3739 912 3797 intanta
938 3736 1074 3798 colorum
1089 3734 1262 3796 diversitate
1277 3750 1336 3794 nec

158 3837 216 3898 alia
237 3839 295 3896 nisi
309 3855 493 3899 marmorum
507 3843 630 3901 materia
648 3837 688 3920 (l)
711 3840 891 3920 praeditum,
913 3847 945 3901 et
967 3842 1007 3901 ita
1031 3839 1198 3918 composita
1215 3843 1277 3907 est,
1301 3841 1337 3897 ut

157 3943 304 4019 imagines
319 3939 506 4003 diversarum
521 3961 623 4004 rerum
638 3925 825 4006 ambulantes
841 3949 1026 4015 exterreant,
1041 3950 1075 4005 ut
1086 3942 1216 4023 quodam
1225 3941 1335 4001 timore

159 4051 190 4106 et
212 4046 382 4104 reverentia
404 4044 499 4122 pedes
522 4052 642 4124 ponant.
690 4047 855 4108 Columnae
878 4047 1013 4109 adhaec
1035 4043 1067 4108 et
1088 4044 1205 4107 tabulae
1221 4043 1336 4104 multae

159 4154 191 4210 et
213 4148 311 4210 variae
329 4145 469 4227 Thapsici
483 4150 610 4231 lapidis,
633 4150 727 4224 Parii,
750 4151 904 4232 Spartani,
927 4151 1092 4223 Numidici,
1115 4156 1259 4230 suggesta
1274 4147 1335 4210 duo
