2874 4770
735 147 798 217 162

177 347 245 391 mus
269 329 307 392 ad
329 328 477 410 capellam
499 310 658 407 pulchram
686 331 717 386 et
747 327 789 388 ibi
822 327 960 387 similiter
993 325 1192 386 adoravimus.
1222 323 1272 385 Ad
1287 323 1358 384 lon·

177 437 271 495 ticum
302 437 394 497 etiam
419 432 616 494 tennensium
647 432 785 492 venimus
826 437 857 490 et
893 429 979 491 valde
1008 430 1173 507 pretiosam
1205 433 1237 488 et
1269 446 1356 507 mag-

175 557 247 601 nam
280 537 428 616 capellam
459 537 500 597 1111
529 538 717 606 invenimus,
751 537 782 596 in
812 553 870 614 qua
901 535 999 594 lleum
1028 533 1226 595 laudavimus.
1280 531 1358 592 Post

177 643 228 705 illa
250 644 283 703 in
307 641 431 703 domum
456 648 487 701 et
508 640 656 702 1111111111
679 639 938 710 Cathulouiorum,
967 638 1018 698 ubi
1047 645 1185 699 nostrum
1209 643 1275 696 erat
1298 637 1353 696 ho-

175 748 314 824 spitium,
336 746 465 822 ingressi
488 746 579 804 etiam
604 741 752 821 capellam
775 744 975 813 visitavimus,
999 749 1030 802 et
1049 743 1140 802 finem
1161 743 1355 821 processioni

175 848 219 909 illi
239 848 368 908 fecimus
396 856 428 909 et
455 848 493 910 ad
516 846 676 926 prandium
698 845 880 907 sumendum
903 847 1099 907 accessimus.
1139 845 1238 905 Finito
1261 863 1353 923 pran-

176 948 226 1011 dio
248 952 442 1012 transivimus
466 948 504 1011 ad
527 951 612 1010 littus
634 951 726 1010 maris
750 957 832 1012 extra
854 952 975 1022 urbem,
1000 957 1031 1010 et
1052 951 1108 1010 suh
1130 957 1216 1028 porta
1239 951 1354 1011 visitati

174 1054 301 1128 luimus,
324 1074 362 1117 an
384 1053 496 1134 aliquid
518 1061 760 1133 exportaremus,
784 1056 869 1116 nobis
893 1062 995 1116 antem
1023 1056 1055 1114 in
1079 1054 1179 1115 littore
1202 1053 1351 1114 stantibus

173 1161 318 1240 applicuit
339 1179 399 1221 una
422 1161 506 1221 navis
530 1178 600 1219 cum
623 1160 745 1221 armatis
767 1157 980 1231 Mamalnccis,
1014 1177 1091 1237 quos
1114 1161 1240 1219 miserat
1262 1176 1351 1236 prae-

175 1263 274 1325 lectus
298 1265 381 1324 urbis
413 1262 450 1324 ad
472 1261 672 1324 invadendam
695 1262 847 1341 quandam
869 1280 993 1334 navem,
1028 1281 1118 1341 quam
1141 1264 1351 1342 speculatores

174 1387 192 1429 a
214 1369 304 1447 longe
323 1367 461 1430 viderant
483 1369 513 1427 in
537 1367 628 1436 mari,
652 1365 709 1426 sed
731 1366 803 1431 dum
817 1369 886 1428 navi
902 1368 1036 1428 venienti
1056 1370 1352 1446 appropinquassent

174 1475 324 1533 miserunt
347 1472 509 1533 Christiani
536 1470 580 1531 illi
613 1478 718 1531 contra
752 1490 805 1532 eos
834 1469 1013 1532 bombardae
1045 1476 1076 1530 et
1104 1473 1135 1530 iu
1157 1477 1280 1549 portum
1303 1471 1350 1530 iu-

174 1582 334 1655 gaverunt,
366 1574 446 1635 unde
477 1573 599 1652 quidam
623 1573 807 1634 Christianus
832 1575 869 1635 ad
892 1594 948 1634 nos
972 1577 1116 1647 accessit,
1148 1577 1350 1652 interrogans,

175 1697 214 1741 an
237 1681 402 1751 sciremus,
426 1695 520 1757 quare
534 1678 578 1763 illi
603 1681 710 1739 armati
725 1679 882 1740 Sarraceni
904 1682 946 1740 ita
960 1681 1063 1739 tristes
1079 1679 1117 1740 de
1133 1681 1209 1739 mari
1232 1681 1263 1738 11
1288 1685 1350 1738 111-

172 1801 238 1844 ram
270 1782 497 1844 descenderint.
544 1782 600 1842 Cui
627 1801 697 1843 curn
721 1783 909 1855 diceremus,
940 1802 1016 1855 non,
1041 1783 1113 1844 dixit
1134 1783 1222 1843 nobis
1244 1801 1352 1843 casum

172 1887 372 1968 praedictum.
416 1886 490 1947 Post
511 1886 666 1947 modicum
689 1890 821 1967 spatium
843 1889 963 1950 intravit
978 1893 1099 1966 portum
1119 1887 1169 1948 illa
1184 1889 1286 1958 navis,
1313 1887 1350 1947 de

173 2008 232 2070 qna
255 1978 413 2051 Sarraceni
441 1991 536 2069 fugati
566 1990 697 2052 luerunt.
743 1991 816 2052 Post
847 1993 925 2052 hauc
954 2009 1063 2053 navem
1091 1999 1240 2052 venerunt
1272 1991 1351 2050 aliae

173 2092 251 2155 duae
281 2113 389 2168 naves,
419 2114 478 2156 una
500 2094 702 2168 Venetorum,
734 2096 791 2156 alia
813 2093 1024 2166 Jauuensium,
1054 2093 1107 2154 sed
1131 2097 1216 2155 navis
1247 2094 1350 2156 Vene-

171 2201 251 2261 tiaua
279 2201 461 2280 spoliaverat
484 2205 516 2260 et
545 2207 668 2277 ceperat
695 2196 881 2259 lanuensem
911 2200 1034 2258 nomine
1065 2216 1242 2277 guerrarum
1267 2201 1351 2259 inter

171 2302 306 2367 Venetos
337 2312 369 2366 et
398 2304 509 2365 ducem
531 2303 774 2376 Ferrariensem,
807 2304 857 2363 cui
888 2301 1056 2364 Januenses
1080 2302 1219 2364 1111111111
1243 2310 1350 2364 contra

171 2408 322 2484 Venetos,
350 2429 421 2472 nam
447 2412 480 2470 iu
506 2410 581 2470 mari
611 2426 702 2469 nemo
734 2425 860 2468 securus
889 2415 937 2468 est
966 2409 1001 2470 ab
1025 2409 1099 2480 alio;
1135 2426 1349 2486 quaecumque

169 2515 254 2575 navis
277 2515 366 2575 aliam
388 2521 491 2594 potest
513 2514 662 2592 spoliare,
686 2512 798 2575 invadit
816 2529 894 2573 eam.
939 2511 1026 2574 Vnde
1045 2513 1202 2573 Sarraceni
1217 2510 1350 2573 Alexan-

169 2615 247 2678 drini
264 2625 424 2696 evagantes
441 2637 563 2697 semper
577 2618 690 2678 hahent
704 2636 796 2681 naves
820 2617 858 2678 ad
878 2616 1001 2677 insidias
1016 2617 1264 2688 Christianorum,
1288 2635 1349 2678 nec

169 2727 239 2782 suut
262 2723 298 2782 111
322 2724 365 2781 111
390 2724 505 2793 securi,
539 2722 599 2781 nisi
622 2719 695 2780 dum
716 2723 747 2780 in
770 2728 891 2799 portum
914 2722 1041 2783 civitatis
1063 2726 1228 2792 venerunt,
1262 2723 1349 2781 omni

169 2826 219 2887 die
247 2824 409 2887 audiuntur
430 2845 508 2888 nova
525 2824 610 2902 juxta
632 2841 714 2884 mare
744 2823 784 2884 de
807 2826 930 2904 proeliis
960 2826 1119 2887 maritimis
1147 2833 1178 2886 11
1211 2824 1249 2888 11
1274 2843 1348 2904 spo·

169 2925 341 2989 liatiouiltus
364 2931 496 2991 navium.

258 3029 312 3114 (b)
332 3032 484 3094 Vicesima
496 3048 576 3103 nona
587 3028 863 3095 Octobrisinnocte
879 3037 993 3114 incepit
1008 3036 1141 3113 graviter
1156 3033 1349 3112 dyssenteria

169 3139 270 3203 vexari
293 3136 433 3198 dominus
455 3135 589 3197 loannes
612 3153 716 3197 comes
741 3136 778 3198 de
802 3137 917 3211 Solrns,
948 3157 1006 3217 qua
1037 3145 1068 3199 et
1091 3138 1256 3199 dissolutus
1278 3136 1346 3211 init,

168 3249 203 3304 ut
225 3240 347 3319 patebit.
392 3237 487 3301 Missa
515 3246 621 3300 111111
650 3240 751 3301 111111
773 3249 805 3302 11
825 3241 953 3320 prandio
976 3248 1077 3302 sumto
1112 3242 1345 3302 deliberavimus

169 3347 297 3407 circuire
321 3362 428 3404 omnes
451 3344 580 3405 louticos
600 3353 818 3416 mercatorum,
850 3347 1023 3406 institorum
1052 3345 1100 3406 vel
1122 3346 1346 3424 negotiatorum

168 3448 273 3510 mundi
303 3447 409 3510 domos
444 3455 475 3507 et
508 3446 611 3509 videre
642 3449 683 3509 ibi
719 3450 951 3527 negotiationes.
996 3449 1049 3508 Est
1077 3455 1178 3509 111111
1211 3447 1343 3510 11111111

169 3552 293 3625 doinus,
325 3554 363 3615 de
394 3571 452 3632 qua
483 3571 603 3614 merces
633 3551 788 3631 prolluuut
810 3555 841 3613 in
871 3553 943 3614 alias
969 3554 1125 3630 regiones,
1157 3555 1236 3613 sicut
1266 3570 1346 3631 aqua

168 3675 204 3718 ex
227 3657 319 3718 fonte.
365 3657 411 3718 De
434 3659 480 3718 his
502 3657 624 3717 louticis
640 3657 726 3718 multi
741 3664 811 3717 sunt
828 3659 859 3716 in
873 3655 1068 3729 Alexandria,
1091 3658 1169 3716 sieut
1183 3655 1343 3734 aliquando

166 3763 199 3823 iu
222 3764 321 3840 aliqua
345 3767 444 3823 terrae
468 3763 549 3840 petia
564 3761 651 3820 multi
666 3761 755 3833 simul
773 3759 873 3821 tontes
890 3769 1068 3839 erumpunt;
1093 3760 1218 3839 quilibet
1241 3767 1344 3820 autern

167 3865 298 3926 louticus
321 3865 410 3926 habet
433 3872 593 3943 patronum
615 3863 654 3925 de
677 3866 727 3926 illa
753 3867 893 3944 regione,
918 3864 1061 3944 adquam
1078 3864 1246 3942 diriguntur
1260 3881 1342 3924 mer·

167 3986 218 4029 111
243 3987 279 4029 ex
307 3987 361 4040 eo,
392 3975 423 4029 et
453 3968 505 4028 ille
528 3974 672 4046 patronus
696 3968 805 4029 dicitur
828 3969 948 4040 consul,
979 3977 1010 4030 et
1042 3969 1086 4030 illi
1110 3968 1251 4028 consules
1274 3967 1341 4028 ion-

165 4074 296 4134 ticorum
329 4077 398 4133 sunt
431 4078 586 4151 potentes,
621 4071 659 4134 ad
692 4091 807 4152 eosque
841 4078 959 4152 spectat
988 4073 1164 4145 consulere,
1199 4078 1230 4132 et
1258 4079 1342 4134 taxas

163 4194 267 4240 rerum
299 4179 437 4258 mitigare
475 4184 506 4241 et
533 4196 589 4242 suo
626 4177 740 4241 toutieo
773 4175 950 4258 providere,
986 4184 1019 4241 et
1047 4195 1171 4259 pacem.
1188 4180 1268 4242 tueri
1309 4184 1343 4243 et
