2874 4770
694 165 755 241 1⁷1

134 351 212 411 nunt
240 346 272 409 in
305 360 413 407 saccos
447 348 479 406 ot
507 345 538 406 iu
564 345 670 408 barcas
699 343 873 425 deportant,
902 343 934 406 in
963 342 1075 422 quibus
1108 340 1259 407 ducemur
1279 341 1312 403 in

136 452 269 532 galeas..
295 451 432 527 Cumque
465 449 503 510 ad
526 455 647 529 tempus
670 451 710 510 ibi
732 449 939 519 stetissemus,
969 445 1169 508 conduximus
1190 446 1313 506 barcam

136 561 167 616 ct
195 556 226 615 in
250 554 380 616 classem
403 554 607 632 navigavimus
639 553 676 614 ad
699 553 863 615 videndum
885 552 1002 632 galeas,
1034 551 1197 629 inquibus
1220 547 1310 610 redu·

135 655 225 720 cendi
246 656 360 717 immas
380 657 412 717 in
434 659 571 735 patriam.
617 657 697 719 Visis
728 656 823 736 galeis
847 650 902 735 (b)
933 656 1133 716 remeavimus
1156 653 1196 715 ad
1218 653 1311 725 littus,

135 768 168 823 et
189 761 322 840 ingressi
344 760 451 837 urbem
471 761 537 822 ¹sub
566 767 654 840 perta
676 763 789 822 iterum
810 759 922 822 visitati
945 758 1074 829 luimus,
1103 765 1134 819 et
1155 758 1210 819 sub
1233 758 1310 818 inte·

134 866 207 926 riori
229 870 318 945 porta
340 863 438 925 stabat
459 881 538 925 unus
562 864 673 943 Sequi,
705 864 849 926 sacerdos
872 864 1106 934 Sarracenicus,
1138 861 1257 923 ululans
1280 865 1312 922 ct

134 970 282 1040 clamans,
315 966 357 1029 ad·
385 969 589 1048 vespertinam
619 971 787 1030 orationem
819 968 966 1047 populum
994 969 1135 1030 invitans.
1180 965 1311 1045 ingressi

134 1091 209 1152 ergo
231 1089 338 1134 sumus
361 1072 394 1132 in
415 1077 551 1133 nostram
574 1070 697 1134 domum
722 1070 759 1134 ad
781 1073 925 1150 quietem.

344 1355 537 1439 Conductie
569 1316 710 1429 navium
737 1374 800 1446 pre
828 1353 1099 1428 transductieue.

222 1602 388 1664 rricesinn
404 1601 454 1662 die
468 1602 500 1662 in
515 1618 622 1662 aurora
638 1600 806 1663 audivimus
830 1600 993 1662 tumultum
1013 1602 1045 1660 in
1067 1602 1143 1661 mari
1167 1606 1198 1662 et
1220 1602 1310 1663 intel-

133 1707 263 1767 leximus
292 1702 450 1795 advenisse
479 1706 594 1785 aliquas
623 1724 736 1775 naves,
777 1712 808 1766 et
837 1707 1048 1784 sperabamus,
1089 1705 1172 1783 quod
1205 1711 1309 1767 essent

132 1826 242 1881 nares,
265 1825 340 1889 quas
363 1808 473 1871 Veneti
496 1816 673 1890 exspectare
697 1826 731 1869 se
759 1808 914 1881 dicebant,
950 1815 1019 1870 ante
1042 1826 1170 1887 quarum
1194 1809 1306 1872 adven·
1356 1802 1363 1822 ⁸

132 1919 198 1975 tum
221 1931 282 1974 non
304 1919 444 1994 poterant
465 1914 636 1987 recredere,
649 1932 707 1976 nec
730 1932 786 1975 nes
809 1920 983 1995 poteramus
1006 1915 1239 1975 conventionem
1261 1917 1308 1976 iu·

129 2019 176 2078 irc
201 2018 350 2078 cumeis.
395 2017 505 2080 Statim
529 2037 601 2099 ergo
631 2020 724 2079 missa
746 2017 829 2078 finita
851 2016 888 2078 ad
913 2034 995 2078 mare
1029 2020 1233 2096 processimus
1267 2027 1307 2091 et,

130 2123 208 2184 sieut
223 2115 423 2202 speravimus,
439 2110 488 2184 'ita
503 2125 673 2202 reperimus
695 2120 855 2184 advenisse
879 2119 1064 2182 desideratas
1086 2139 1179 2184 naves
1202 2121 1240 2183 de
1254 2122 1307 2184 lli·

129 2229 240 2288 ricauis
262 2227 351 2289 loeis
398 2226 544 2306 Regressi
567 2244 640 2306 ergo
661 2229 694 2288 in
717 2224 842 2287 demum
864 2224 941 2285 inira
972 2224 1074 2304 (inter)
1097 2226 1222 2305 prandia
1244 2226 1307 2287 eol·

130 2329 271 2407 loquium
303 2329 466 2395 babuimus
497 2344 568 2391 cum
582 2329 729 2402 consule,
761 2329 890 2407 qualiter
912 2345 968 2388 uos
991 2326 1103 2389 babere
1126 2327 1307 2391 deberemus

132 2434 165 2493 in
188 2432 392 2493 conventione
423 2450 493 2492 cum
514 2422 649 2512 patronis
672 2434 804 2504 navium,
838 2438 869 2493 et
892 2449 930 2493 an
953 2433 1044 2493 simul
1066 2451 1172 2494 omues
1196 2435 1226 2493 in
1248 2452 1308 2497 una

131 2537 203 2597 navi
224 2533 407 2595 deberemus
429 2552 576 2609 manere,
592 2536 640 2599 vel
662 2538 692 2597 in
714 2539 809 2599 tribus
831 2536 955 2598 navibus
971 2543 1109 2619 per-tres
1134 2538 1306 2599 societates.

131 2637 180 2701 Ad
210 2636 292 2716 quod
319 2639 478 2718 respondit
509 2641 631 2713 consul,
662 2639 744 2720 quod
778 2657 971 2719 nequaquam
1003 2659 1165 2722 possemus
1200 2660 1307 2704 omnes

132 2744 223 2806 simul
246 2760 315 2804 esse
337 2744 368 2804 in
400 2762 459 2807 una
494 2745 597 2825 galea,
627 2751 753 2827 propter
779 2764 872 2808 onera
898 2746 994 2807 multa
1022 2748 1105 2833 navis
1137 2744 1306 2823 cujuslibet,

130 2854 161 2908 et
184 2846 344 2908 difficulter
367 2866 527 2928 possemus
556 2851 588 2911 in
610 2851 704 2912 tribus
721 2853 824 2931 ,recipi
845 2850 958 2929 galeis,
982 2851 1154 2929 suasitque,
1185 2855 1217 2910 ut
1240 2851 1305 2927 qui·

127 2952 202 3013 libet
224 2952 281 3013 sibi
302 2946 536 3032 provideret-de
558 2956 627 3017 navi
659 2961 691 3016 et
713 2952 947 3016 conductionem
974 2953 1132 3015 meliorem
1151 2971 1211 3032 quo
1233 2973 1305 3034 pos·

129 3056 329 3129 satiauerat,
353 3060 423 3136 quia
445 3065 591 3137 patrones
615 3056 708 3119 dures
730 3076 869 3120 essemus
892 3058 1021 3119 babituri
1043 3059 1074 3118 in
1095 3059 1304 3122 conventione.
1343 3130 1353 3146 „

127 3159 224 3221 Finito
254 3176 326 3238 ergo
355 3158 482 3238 prandio
504 3154 681 3226 intravimus
705 3161 852 3224 lenticum
875 3161 1061 3224 Venetemm
1095 3168 1126 3223 et
1158 3180 1227 3222 cum
1250 3161 1305 3223 de-

130 3263 219 3323 minis
251 3262 405 3341 galearum
435 3267 571 3344 patronis
603 3266 785 3327 contulimus
816 3264 854 3328 de
887 3267 1111 3328 transvectione
1139 3270 1243 3327 nostra
1275 3271 1306 3327 et

130 3364 169 3427 de
183 3368 290 3445 ¹pra-tio
313 3372 344 3427 et
365 3368 473 3439 naulo,
505 3366 562 3428 sed
583 3367 722 3430 duriores
748 3371 920 3432 invenimus
948 3387 1001 3429 ees
1025 3376 1057 3430 et
1078 3369 1304 3434 indiscretieres

127 3471 160 3531 in
182 3467 363 3548 postulando
386 3471 509 3532 naulum
532 3470 706 3534 Sarracenis
734 3479 765 3534 et
786 3471 907 3544 Arabis,
936 3471 1016 3535 unde
1050 3474 1140 3553 aliqui
1171 3474 1303 3553 postula-

128 3574 204 3634 bant
221 3571 264 3634 de
287 3576 448 3652 peregrino
463 3593 525 3636 une
544 3577 764 3656 quinquaginta
787 3575 930 3649 ducatos,
954 3577 991 3638 ad
1015 3596 1090 3656 ques
1108 3577 1305 3658 praestandos

127 3675 202 3737 dum
224 3670 362 3749 difficiles
386 3693 543 3750 essemus,
567 3678 689 3757 quidam
712 3680 788 3741 alius
811 3678 959 3758 superbus
982 3687 1128 3759 patrenus
1149 3680 1239 3753 dixit,
1270 3700 1304 3742 se

126 3798 188 3840 nen
211 3781 311 3840 minus
334 3797 425 3859 quam
449 3788 572 3843 centum
596 3781 720 3845 ducatos
744 3783 782 3845 de
804 3784 1157 3863 bomineaecepturum.
1194 3783 1231 3844 Et
1253 3785 1305 3845 illo
1328 3845 1330 3850 .

126 3883 219 3944 modo
243 3876 399 3946 deridebat
422 3891 454 3947 et
475 3885 600 3948 vorabat
623 3905 689 3948 nos.
720 3886 833 3949 Varum
848 3889 905 3950 ista
921 3888 1085 3950 indiscreta
1100 3886 1304 3968 postulatione

104 4004 190 4061 ⁵non
212 3986 350 4050 obstante
372 3987 486 4050 domini
508 3992 624 4071 primae
648 3991 803 4067 societatis
826 3987 1059 4058 conventionem
1079 3993 1219 4055 leoemnt
1234 4011 1304 4053 cum

128 4086 252 4149 domino
270 4089 446 4153 Sebastiano
461 4092 637 4164 Gentes-ini,
662 4100 787 4180 patrono
811 4098 915 4177 galeae
938 4095 1112 4179 principalis
1135 4096 1249 4168 elassis,
1273 4100 1303 4158 iu

127 4208 192 4271 qua
220 4193 327 4285 consul
342 4194 541 4270 Alexandriae
564 4214 634 4258 cum
655 4197 716 4259 illie
739 4216 795 4262 sue
824 4192 856 4262 et
878 4203 1054 4280 capitaneus
1074 4200 1182 4261 classis
1202 4205 1299 4262 traus-
