2874 4770
685 165 752 237 ete

125 339 163 402 de
175 341 272 420 Syria,
289 339 376 417 cujus
393 346 459 401 erat
475 341 742 411 conviviumcum
756 340 819 401 suis
829 339 970 402 tubicinis
986 347 1050 404 erat
1064 343 1114 416 ibi,
1129 343 1186 406 sub
1201 361 1236 405 se
1250 346 1302 408 ba·

125 444 202 505 bens
227 450 356 522 quatuor
388 442 504 521 galeas,
539 448 570 502 et
593 444 766 520 capitaneus
797 445 937 528 narium,
972 462 1047 522 quas
1080 449 1237 510 nominant
1264 448 1303 510 de

126 545 273 618 Trastico,
297 564 374 625 quae
398 565 516 606 merces
541 547 675 607 tulerunt
698 547 736 607 de
751 546 907 619 Barbaria,
930 547 968 609 dc
991 551 1125 628 partibus
1138 550 1249 632 Libyae
1272 555 1303 615 in

126 649 245 722 Africa,
270 669 339 711 curn
363 652 426 710 suis
450 651 601 722 tubicinis,
626 657 658 710 et
680 649 753 712 duas
777 653 915 730 ingentes
937 654 992 715 sub
1015 671 1049 715 se
1072 655 1175 718 babuit
1193 658 1302 736 galeas,

125 757 166 816 ibi
188 758 286 828 venit3
321 753 521 816 ascenderunt
551 756 643 815 etiam
678 773 747 815 cum
776 755 824 818 his
855 756 887 816 in
916 761 1029 817 terram
1056 757 1165 820 decem
1186 762 1304 839 patroni

127 878 197 921 cum
220 877 342 920 suarum
365 857 517 937 galearum
541 859 733 931 officialibus;
769 861 893 938 insuper
916 860 965 921 alii
987 879 1047 923 non
1069 862 1186 925 invitati
1208 865 1305 926 secuti

125 970 195 1024 sunt
220 981 273 1023 eos
297 969 328 1023 et
350 961 407 1022 luit
430 963 535 1022 classis
560 962 702 1023 exhausta
725 962 905 1023 homiuibus.
952 963 1014 1024 Nos
1038 965 1129 1026 etiam
1152 967 1305 1046 peregrini

125 1069 156 1127 in
180 1074 291 1128 terram
314 1065 537 1136 descendimus,
561 1071 591 1125 et
616 1067 796 1145 comparatis
812 1067 952 1127 carnibus
976 1073 1007 1128 et
1028 1067 1094 1128 aliis
1116 1072 1305 1144 necessariis,

124 1172 195 1233 vino
219 1177 250 1231 et
264 1151 351 1249 pane,
375 1168 413 1229 de
429 1168 555 1230 navibus
571 1168 679 1240 allatis,
703 1170 734 1229 in
750 1171 827 1230 clivo
846 1173 967 1242 montis,
991 1173 1043 1249 qui
1067 1173 1142 1232 mari
1165 1174 1304 1235 immine·

125 1276 192 1348 bat,
224 1277 325 1355 ignem
348 1275 476 1335 fecimus
508 1275 540 1333 in
563 1290 657 1352 specu
681 1272 812 1353 desuper
834 1274 986 1353 pendente
1016 1276 1127 1336 minaci
1150 1277 1241 1349 rude,
1275 1283 1306 1338 et

126 1381 167 1441 ibi
189 1381 279 1440 simul
301 1379 497 1449 laetabamur.
528 1376 704 1438 Poteramus
728 1385 829 1438 autem
852 1376 890 1438 de
913 1395 1008 1456 specu
1031 1378 1174 1440 deorsum
1197 1383 1228 1442 in
1250 1383 1305 1443 bo·

127 1486 242 1542 minum
264 1482 530 1561 congregationem
554 1481 706 1558 aspicere,
739 1486 771 1540 et
793 1481 904 1540 mirum
936 1481 992 1541 fuit
1014 1481 1116 1543 videre
1141 1484 1306 1562 gloriosum

128 1591 302 1664 apparatum
336 1584 526 1644 dominorum
557 1578 680 1643 illorum
720 1584 751 1642 in
789 1601 937 1644 consessu
972 1590 1002 1644 et
1034 1585 1238 1665 epulationem
1275 1593 1306 1649 et

128 1696 243 1751 tantam
265 1689 420 1749 hominum
436 1686 669 1758 multitudinem,
694 1693 725 1747 et
747 1688 1026 1760 tumultuationem,
1051 1696 1136 1750 erant
1158 1694 1248 1764 enim,
1272 1697 1306 1753 ut

129 1797 255 1875 opinor,
278 1794 318 1854 ibi
341 1793 418 1853 ultra
442 1808 495 1852 sex
517 1790 611 1852 millia
633 1791 800 1851 hominurn.
846 1789 918 1851 Post
941 1791 1044 1871 epulas
1069 1790 1194 1856 diversis
1218 1812 1304 1858 exera

129 1901 208 1960 cittis
232 1904 262 1959 et
287 1895 401 1957 solatiis
424 1896 513 1957 variis
535 1897 567 1954 in
587 1893 687 1955 littore
698 1893 827 1972 juvenes
851 1894 1039 1957 colludentes
1054 1897 1213 1976 pulchrum
1237 1916 1304 1960 cer·

129 2003 271 2064 uentibus
295 2000 505 2079 spectaculum
528 1998 702 2077 praebuere,
725 2016 816 2059 senes
839 2017 910 2060 vero
933 2006 964 2060 et
979 2006 1118 2078 potentes
1133 2003 1304 2081 spatiaban-

126 2116 176 2168 tur
197 2124 289 2186 super
310 2106 412 2175 littus;
438 2109 502 2163 erat
525 2103 605 2162 enim
628 2100 713 2163 locus
730 2102 915 2164 delectabilis
930 2104 1009 2164 inter
1023 2107 1108 2165 mare
1131 2111 1162 2165 et
1177 2112 1304 2178 montes,

128 2212 280 2290 spatiosus
304 2215 335 2269 et
357 2210 558 2287 graminosus.
603 2208 666 2268 Nos
689 2211 779 2268 etiam
802 2209 953 2287 peregrini
968 2215 1039 2288 post
1055 2212 1306 2272 commestionem

127 2318 276 2377 curiosius
300 2332 355 2394 per
372 2316 537 2375 circuitum
561 2313 804 2385 deambulantes,
829 2330 907 2391 quae
930 2314 1103 2385 viderimus,
1128 2313 1306 2382 describam,

128 2426 162 2480 ut
190 2417 250 2479 loci
274 2416 431 2496 dispositio
455 2415 551 2498 (183
574 2415 617 2495 a)
650 2423 796 2496 patescat.
844 2415 944 2476 Primo
977 2434 1070 2496 super
1100 2416 1184 2477 littus
1216 2414 1307 2499 maris

130 2527 191 2583 stat
213 2539 270 2582 una
294 2522 427 2601 capella,
461 2524 491 2583 in
514 2539 604 2599 quam
628 2522 819 2582 transivimus
842 2519 879 2581 ad
903 2522 1079 2581 orationem.
1124 2519 1202 2581 Ante
1226 2521 1306 2582 tores

129 2626 263 2706 capellae
294 2627 391 2687 stabat
422 2643 500 2686 unus
526 2624 646 2702 juvenis
680 2623 718 2683 de
750 2623 854 2683 ordine
877 2621 1048 2694 Minorum,
1081 2625 1307 2706 eleemosynam

129 2731 298 2812 postulans,
322 2731 373 2808 qni
396 2731 509 2790 missus
533 2746 550 2790 a
573 2729 698 2790 castello
720 2727 829 2790 Milum
851 2727 958 2789 fuerat.
989 2726 1058 2789 Hoc
1080 2729 1237 2790 castellum
1260 2734 1310 2790 est

128 2838 221 2898 situm
243 2837 331 2914 longe
354 2852 475 2895 sursum
507 2836 538 2894 in
562 2835 725 2906 montanis,
759 2835 790 2893 in
818 2850 879 2910 quo
902 2832 1011 2894 iratres
1032 2831 1167 2896 Minores
1195 2834 1308 2896 habent

129 2947 329 3013 conuentum,
353 2946 384 3000 et
405 2943 561 3018 tempore,
585 2956 655 3027 quo
668 2955 760 2999 naves
783 2939 812 2997 tn
830 2943 918 3016 portu
935 2944 1014 3010 sunt,
1038 2940 1161 3000 mittunt
1182 2938 1308 3000 fratrem

129 3046 166 3106 ad
189 3042 431 3105 mendicandum.
477 3040 601 3104 Praeter
630 3041 709 3102 hanc
739 3042 888 3122 cupellam
920 3041 1000 3102 nulla
1029 3040 1173 3104 habitatio
1204 3049 1251 3104 est
1275 3044 1307 3104 in

128 3147 180 3208 illo
210 3148 321 3207 littore.
368 3145 414 3205 De
447 3145 562 3224 capella
585 3145 797 3206 descendimus
830 3143 973 3206 adoram
996 3148 1104 3219 maris,
1136 3144 1173 3207 ad
1205 3145 1307 3207 locum

130 3249 282 3329 quendam
298 3250 510 3329 scopulosum,
535 3257 568 3312 ut
583 3250 756 3313 videremus
771 3253 986 3329 impactionem
1001 3253 1092 3312 maris
1108 3252 1138 3311 in
1154 3251 1306 3330 scopulos.

129 3354 309 3432 deperimus
339 3359 440 3413 autem
464 3355 504 3415 ibi
527 3357 648 3432 antiqua
679 3355 814 3415 aedilicia
848 3353 886 3413 de
917 3354 1068 3431 quadratis
1096 3353 1244 3433 lapidibus
1277 3360 1309 3414 et

130 3461 232 3520 ruinas
255 3457 385 3521 vidimus
409 3476 564 3519 murorum
587 3461 679 3538 etiam
702 3477 799 3538 usque
822 3460 853 3518 in
877 3475 959 3518 mare
983 3465 1159 3534 protensas,
1183 3459 1233 3519 ubi
1258 3475 1307 3518 ca-

131 3561 254 3622 stellum
277 3564 398 3624 stetisse
421 3565 544 3625 minime
567 3563 767 3625 dubitavimus
784 3581 838 3643 pro
863 3561 997 3623 custodia
1020 3562 1099 3623 illius
1122 3570 1237 3642 portus.
1265 3561 1308 3626 Ex

131 3671 271 3753 opposito
295 3688 367 3732 vero
391 3671 422 3730 in
445 3669 501 3730 alia
524 3676 609 3747 parte
632 3677 692 3730 stat
715 3687 774 3729 una
798 3675 916 3728 vetusta
932 3670 1039 3740 turris,
1063 3685 1140 3745 quae
1155 3667 1226 3729 olim
1243 3672 1309 3728 erat

131 3774 283 3854 retugium
305 3777 483 3854 piratarum,
507 3791 584 3852 quae
608 3776 700 3836 etiam
724 3772 845 3835 deserta
862 3779 909 3834 est
924 3779 955 3833 et
970 3775 1109 3846 ruinosa;
1133 3774 1202 3836 lites
1226 3773 1309 3834 enim

132 3879 338 3941 Genuensium
367 3885 399 3941 et
420 3879 607 3941 Venetorum
635 3877 745 3941 decem
777 3895 924 3939 annorum
951 3885 981 3940 et
1013 3877 1182 3941 lurcorum
1214 3876 1308 3940 multa

133 3988 268 4052 desolata
289 3989 486 4052 reddiderunt
507 3989 583 4050 loca.

217 4094 251 4155 ln
275 4095 384 4156 eodem
407 4094 476 4155 loco
499 4092 611 4153 multos
634 4093 802 4171 reperimus
818 4092 955 4171 pumices
972 4090 1088 4171 lapides
1111 4096 1309 4171 supemutan-

134 4204 197 4272 tes,
219 4201 327 4280 quibus
350 4205 476 4262 utuntur
496 4197 682 4262 balneantes.
712 4197 791 4259 Sunt
813 4203 915 4259 autem
930 4194 1046 4275 lapides
1061 4194 1145 4257 leues
1159 4200 1192 4255 et
1207 4209 1308 4257 caver·
