2902 4710
742 152 807 232 366

185 341 293 420 potuit.
338 338 464 402 Peracto
486 338 612 418 prandio
636 355 706 399 cum
729 338 855 417 galeotis
885 335 926 398 ad·
944 337 1029 399 littus
1057 337 1203 401 descendi
1232 357 1288 419 pro
1313 338 1368 403 dc·

187 442 328 505 ductione
352 442 425 517 diei,
458 445 641 506 habebamus
664 444 746 503 enim
769 442 899 504 1616616
932 449 1067 504 montem
1096 451 1270 522 petrosum,
1304 462 1368 506 nou

185 546 313 608 multum
329 547 436 620 altum,
460 553 491 608 et
506 546 608 610 ridere
624 544 805 619 desideravi,
829 546 902 625 quid
917 551 1018 608 tamen
1033 549 1063 607 in
1080 547 1136 608 alia
1152 553 1236 628 parte
1252 549 1368 608 rnontis

104 632 106 637 ¹
186 656 278 712 esset.
322 649 454 713 Ascendi
478 670 549 731 ergo
582 667 638 731 per
660 667 752 731 mpes
783 667 904 712 sursum
940 656 971 711 et
993 651 1050 712 alia
1072 658 1158 730 parte
1188 651 1251 713 ridi
1273 653 1368 713 maris

184 755 339 816 brachium
360 757 439 816 inter
460 763 613 827 montem,
634 755 666 814 in
689 770 748 833 quo
773 771 870 826 eram,
902 760 933 815 et
955 756 1127 834 oppositam
1148 760 1261 816 terram
1283 755 1366 816 61166

183 854 352 943 brachium,
376 859 408 918 16
430 874 466 919 66
489 866 591 920 autem
614 865 699 937 parte
723 857 782 920 vidi
805 858 1001 930 Sibenicum,
1025 860 1178 921 civitatem
1195 857 1366 921 Dalmatiae

184 961 355 1041 pulchram,
386 964 417 1022 in
440 979 499 1041 qua
521 949 705 1025 'conventum
726 962 839 1023 habent
860 950 1227 1025 iratres'l'raedicatores.
1272 960 1366 1024 Mons

186 1073 297 1138 autem,
321 1068 351 1126 16
375 1082 435 1145 quo
458 1067 583 1138 stabam,
607 1067 643 1127 ab
666 1079 703 1126 ea
725 1073 819 1146 parte,
843 1083 934 1143 quam
949 1065 1128 1128 Sibenicum
1141 1067 1275 1146 respicit,
1298 1072 1368 1127 erat

184 1176 265 1231 totus
288 1169 408 1243 16611116,
443 1171 539 1232 vineis
567 1170 675 1249 plenus
706 1175 737 1230 et
766 1169 876 1241 bortis,
909 1169 942 1230 in
969 1171 1077 1248 quibus
1106 1170 1225 1232 stabant
1254 1168 1366 1231 domus

186 1280 337 1343 muratae,
361 1275 448 1353 quasi
471 1251 594 1335 castella
618 1280 649 1335 et
672 1273 815 1353 capellae,
840 1279 871 1333 et
893 1274 1069 1352 suspicabar
1092 1291 1161 1335 esse
1184 1275 1215 1334 16
1230 1260 1283 1335 'eis
1306 1274 1365 1335 ho-

183 1380 298 1440 minum
320 1378 552 1451 habitationem
577 1376 722 1439 descendi
745 1394 817 1455 ergo
840 1394 895 1455 per
916 1377 1021 1437 hortos
1043 1377 1129 1450 illos,
1157 1384 1188 1441 et
1210 1377 1249 1441 ad
1271 1395 1366 1439 unam

184 1480 307 1546 domum
323 1482 453 1555 6666661,
477 1483 533 1546 sed
554 1486 708 1545 neminem
730 1484 771 1544 ibi
794 1483 903 1562 reperi,
925 1482 956 1544 in
980 1499 1016 1543 ea
1038 1479 1223 1544 ridi'tamen
1245 1483 1287 1545 ibi
1310 1483 1364 1544 ha·

183 1588 295 1650 bitasse
317 1587 465 1648 homines.
510 1587 558 1649 Ad
581 1588 669 1649 aliam
701 1587 818 1648 accessi
848 1591 880 1646 61
901 1568 1040 1646 omuibus
1063 1584 1192 1648 cilicinis
1226 1585 1364 1649 lustratis

183 1708 309 1753 vacuam
332 1692 447 1771 reperi,
481 1693 525 1752 sic
548 1693 639 1753 etiam
662 1691 699 1752 de
724 1691 789 1751 aliis
820 1688 960 1751 domibus
984 1697 1064 1762 erat;
1099 1707 1169 1751 nam
1190 1688 1309 1771 nobiles
1333 1696 1365 1751 et
1402 1676 1408 1689 ’

183 1793 290 1856 divites
314 1793 352 1855 de
375 1795 516 1856 Sibenico
540 1795 657 1858 aestivo
678 1801 816 1874 tempore
851 1806 922 1854 ¹cum
952 1793 1064 1855 familia
1095 1796 1311 1873 transmigrant
1333 1795 1364 1855 in

183 1899 313 1959 insillam
335 1899 432 1972 illam,
463 1907 493 1961 61
516 1907 641 1980 propter
662 1901 829 1986 recentiam
854 1897 932 1958 abris
957 1897 1069 1958 611661
1092 1898 1308 1958 amoenitatem
1331 1899 1364 1959 in

184 2002 231 2060 eis
254 2000 391 2063 domibus
414 2001 668 2082 habitantesque
691 2007 762 2082 post
783 1992 938 2064 fructuum
960 2000 1181 2062 collectionem.
1226 1998 1363 2063 Ulterius

183 2103 327 2166 descendi
350 2108 435 2185 quasi
458 2123 554 2186 usque
578 2107 615 2168 ad
637 2124 720 2168 mare
744 2112 775 2166 et
798 2123 888 2167 unam
912 2105 1075 2184 capellam,
1108 2121 1199 2183 quam
1225 2105 1267 2166 ibi
1289 2104 1364 2178 ridi,

183 2216 214 2269 61
231 2207 316 2287 juxta
339 2209 486 2288 capellam
510 2218 574 2272 erat
596 2227 673 2290 aqua
702 2209 799 2271 drrlcis
829 2208 948 2281 fluens,
979 2207 1063 2287 juxta
1094 2225 1183 2287 quam
1213 2207 1364 2271 sedebant

181 2313 324 2375 mulieres
347 2315 524 2399 peregrinae
547 2313 585 2376 de
609 2315 706 2376 classe
728 2320 831 2375 nostra
840 2338 855 2385 ,·
884 2331 961 2393 quae
984 2310 1126 2374 Metonae
1141 2313 1282 2374 classem
1305 2332 1363 2375 no-

183 2425 276 2479 stram
299 2418 498 2492 intraverant,
534 2426 566 2480 et
587 2418 674 2480 molti
695 2417 832 2497 galeotae
861 2418 902 2479 ibi
925 2434 1033 2495 aquam
1060 2417 1247 2496 accipiebant
1272 2422 1304 2476 et
1328 2417 1362 2478 in

180 2536 273 2585 naves
296 2521 464 2601 portabant.
508 2521 665 2601 Ingressus
699 2529 800 2584 cutem
830 2521 977 2601 capellam
1008 2523 1112 2600 reperi
1133 2521 1237 2582 altaria
1260 2520 1362 2599 prola·

182 2633 267 2698 nata,
290 2626 370 2689 nuda
393 2633 424 2687 et
447 2628 532 2706 quasi
555 2626 727 2699 destructa,
750 2632 781 2687 et
805 2643 864 2686 una
885 2642 1030 2704 campana
1050 2615 1210 2704 ¹p'endebat
1230 2626 1263 2685 iu
1279 2642 1363 2685 cam-

182 2730 275 2810 panili
300 2731 365 2790 sine
388 2727 480 2802 lune}
502 2747 518 2790 6
540 2731 632 2808 longe
654 2725 745 2808 supra
767 2729 849 2790 illam
873 2729 1020 2809 capellam
1033 2728 1095 2791 vidi
1109 2728 1198 2790 aliam
1213 2727 1365 2806 majorem

183 2839 214 2895 et
237 2839 373 2893 ornatam
407 2839 438 2893 et
456 2831 541 2910 juxta
576 2850 643 2894 eam
673 2834 896 2896 habitationem.
941 2831 1075 2893 Ascendi
1104 2849 1175 2911 ergo
1198 2848 1256 2911 per
1276 2832 1364 2893 littus

184 2937 276 2996 maris
310 2935 347 2996 ad
386 2952 453 2996 eam
489 2943 520 2997 et
549 2938 705 3017 ingressus
743 2939 845 3000 altaria
881 2937 990 2999 1661166
1024 2937 1165 2999 decorata
1196 2939 1298 2999 166661
1331 2945 1365 2999 61

181 3037 336 3116 lampades
361 3037 501 3101 ardentes
533 3046 564 3101 61
587 3041 799 3103 eucharistiam
821 3043 929 3123 parieti
952 3043 1073 3104 sinistro
1096 3041 1254 3104 inclusam.
1300 3041 1362 3103 Ga·

179 3148 263 3209 risus
287 3151 388 3206 autem
411 3145 543 3225 procidi,
576 3147 620 3206 uti
643 3145 766 3224 dignum
789 3153 869 3234 6661,
904 3153 934 3208 61
956 3144 1039 3207 finita
1069 3147 1205 3207 oratione
1234 3142 1363 3205 domum

180 3262 327 3311 annexam
351 3251 500 3311 ecclesiae
523 3250 653 3328 pulsari;
688 3252 778 3312 exivit
800 3257 901 3311 autem
930 3251 968 3311 ad
991 3268 1040 3312 mc
1062 3268 1140 3311 unus
1162 3249 1256 3310 irater
1278 3251 1365 3310 tertii

180 3354 293 3417 ordinis
317 3354 492 3433 stragulae
521 3355 628 3414 tertiae
658 3356 753 3416 sancti
783 3350 951 3426 Francisci‚
987 3360 1018 3415 et
1048 3354 1148 3416 verbis
1170 3351 1361 3416 Sclaronicis

179 3477 230 3521 me
252 3461 367 3539 recepit
390 3467 420 3520 61
442 3459 742 3532 introducendam
757 3465 868 3546 autem,
891 3457 971 3537 quod
987 3475 1057 3519 eum
1073 3476 1133 3519 non
1147 3456 1361 3535 intelligerem,

178 3566 296 3627 vocavit
319 3563 355 3626 ad
386 3581 435 3625 me
468 3565 659 3626 sacerdotem
684 3582 798 3636 eorum,
823 3563 873 3641 qui
897 3563 999 3623 verbis⁴
1018 3568 1135 3623 tautum
1157 3561 1266 3621 italicis
1285 3561 1362 3620 mibi

178 3666 371 3746 loquebatur,
394 3685 452 3729 nec
474 3668 600 3730 latinum
624 3670 712 3731 scivit
734 3674 765 3728 et
780 3668 968 3728 teutonicum
984 3667 1140 3745 ignoravit.
1171 3663 1361 3724 Dixi-autem

179 3771 218 3841 ei,
242 3769 393 3846 quomodo
416 3772 446 3830 in
469 3771 572 3832 multis
596 3771 701 3832 diebus
717 3789 777 3832 non
794 3771 976 3833 audivissem
991 3787 1050 3830 nec
1063 3769 1204 3848 legissem
1221 3763 1361 3838 Missam,

179 3873 259 3932 etsi
282 3873 486 3949 contingeret,
521 3876 552 3933 in
576 3876 740 3935 crastinum
764 3892 825 3935 non
849 3873 993 3936 recedere
1017 3868 1168 3943 classem,
1197 3887 1287 3930 manc
1308 3887 1360 3930 rc·

177 3981 298 4037 vertere
323 3991 392 4034 cum
415 3976 505 4035 sociis
528 3975 638 4036 vellem
670 3983 700 4037 61
724 3977 823 4040 divina
846 3978 1018 4048 celebrare,
1055 3975 1082 4035 si
1110 3973 1255 4053 placeret.
1301 3972 1360 4034 Sa·

178 4077 287 4141 cerdos
309 4078 368 4138 boc
391 4077 492 4139 audito
516 4079 632 4151 annuit,
657 4077 729 4141 dixit
752 4087 870 4154 tamen,
895 4098 930 4144 se
952 4081 1044 4142 latina
1067 4079 1198 4139 missalia
1220 4094 1282 4139 666
1303 4077 1365 4139 ba·¹

176 4182 265 4256 bere,
295 4187 327 4245 et
349 4180 465 4256 audito,
498 4179 581 4263 quod
602 4199 697 4247 unum
717 4183 899 4246 haberemus
921 4185 953 4247 in
974 4186 1044 4248 nari
1066 4189 1188 4256 666166,
1219 4183 1362 4246 unone
