2874 4770
689 185 753 253 429

127 364 181 443 qui
207 363 282 434 sint,
321 378 393 422 cum
423 359 501 421 iacis
531 360 630 422 velata
661 357 814 421 incedant.
867 339 955 420 Unde
988 357 1047 419 vidi
1074 358 1240 431 ,nonnullos
1272 375 1306 419 se

130 467 175 529 sic
200 464 274 527 dure
296 465 507 535 uerberantes,
539 469 572 525 ut
594 463 768 525 vulneribus
791 464 913 541 sanguis
937 460 1084 522 efflueret.
1129 458 1227 523 Multa
1248 462 1307 564 alia

128 587 254 650 possem
276 568 380 630 dicere
402 568 441 631 de
464 569 610 664 religione
633 568 835 639 Venetorum,
859 585 936 646 quae
959 567 1075 628 omitto.

621 867 819 960 Reliquiae.

217 1089 358 1163 Sextum,
383 1085 465 1167 quod
486 1069 573 1150 ualde
595 1087 767 1166 magnificat
789 1086 896 1147 urbem
910 1084 1110 1148 Venetianam
1133 1093 1181 1149 est
1205 1087 1307 1149 multi·

128 1192 203 1255 tudo
235 1201 409 1256 sanctarum
439 1192 644 1271 reliquiarum.
689 1190 731 1252 Er
760 1208 820 1270 qno
852 1193 933 1251 enim
964 1190 1036 1250 lacti
1067 1197 1137 1251 sunt
1168 1197 1307 1269 potentes

127 1304 209 1358 terra
233 1303 264 1358 et
286 1280 379 1369 mari,
413 1297 513 1356 omnia
537 1296 718 1356 Sanctorum
747 1312 888 1374 corpora,
922 1312 1000 1372 quae
1023 1293 1135 1357 habere
1160 1300 1308 1373 poterant,

130 1401 162 1461 in
186 1417 272 1461 suam
296 1399 514 1461 transtulerunt
535 1399 658 1469 urbem,
690 1400 769 1459 sicut
793 1416 902 1476 eorpus
925 1397 957 1457 S.
981 1396 1076 1459 Marci
1105 1400 1308 1477 evangelistae

131 1503 171 1564 (le
192 1503 373 1566 Alexandria
402 1503 549 1575 tulerunt,
586 1509 616 1563 et
639 1504 669 1562 in
696 1519 783 1562 suam
813 1502 975 1562 ecclesiam
1007 1502 1196 1574 locaverunt,
1229 1505 1309 1564 sient

133 1625 225 1686 supra
257 1607 370 1670 dietum
393 1614 441 1669 est
461 1606 524 1669 Fol.
549 1604 622 1671 206.
667 1604 700 1665 ln
730 1606 860 1666 eeclesia
889 1605 920 1664 S.
945 1602 1065 1677 Georii,
1098 1625 1134 1668 er
1167 1610 1307 1689 opposito

116 1710 167 1770 S.
199 1708 312 1783 Marci,
345 1718 392 1773 est
422 1711 579 1773 brachium
609 1711 765 1770 sinistrum
795 1706 933 1786 ejusdem
967 1711 1121 1788 martyris,
1157 1719 1189 1772 et
1211 1714 1309 1790 capita

134 1803 308 1874 sanctorum
323 1814 450 1876 Cosmae
474 1820 505 1874 et
519 1813 670 1900 Damiani,
696 1820 726 1874 et
749 1818 840 1891 caput
861 1812 941 1873 beati
963 1810 1066 1873 Jacohi
1090 1813 1214 1891 majoris
1235 1832 1307 1893 apo·

133 1917 220 1989 stoli,
244 1925 275 1979 et
295 1920 391 1980 sancti
413 1917 521 1979 Felicis
543 1919 574 1978 in
598 1919 738 1996 punicis,
762 1923 793 1976 et
814 1916 902 1994 plura
924 1915 981 1976 aba
1006 1924 1064 1977 etc.

199 2021 250 2088 ,ln
273 2024 403 2084 eeclesia
425 2023 604 2083 Sanctorum
627 2020 757 2082 Simonis
781 2027 813 2080 et
831 2019 926 2081 Judae
949 2025 997 2080 est
1021 2027 1111 2099 eaput
1125 2021 1157 2081 S.
1176 2021 1309 2082 Simonis

133 2134 165 2188 et
185 2127 340 2188 brachium
364 2127 395 2188 S.
419 2126 514 2189 tudae
545 2129 758 2208 apostolorum.
804 2126 837 2188 ln
869 2127 998 2188 ecclesia
1021 2127 1053 2187 S.
1076 2127 1188 2188 Luciae
1218 2131 1309 2208 virgi·

132 2233 179 2292 nis
203 2238 251 2292 est
273 2222 383 2310 corpus
408 2231 546 2309 ejusdem
568 2233 689 2310 virginis
712 2233 873 2309 integrum.
917 2230 951 2290 ln
974 2231 1104 2292 ecclesia
1126 2231 1159 2293 S.
1174 2230 1312 2294 Iulianae

134 2341 183 2394 est
209 2345 324 2413 corpus
351 2335 382 2395 S.
407 2333 490 2397 Pauli
520 2336 609 2415 primi
639 2337 791 2396 cremitae.
845 2333 878 2395 ln
911 2334 1007 2395 insula
1037 2334 1069 2395 S.
1100 2335 1233 2395 Helenae
1264 2341 1312 2396 est

136 2455 246 2515 corpus
267 2441 418 2518 integrum
441 2438 577 2516 ejusdem
601 2441 737 2516 reginae,
769 2445 800 2498 et
822 2456 892 2516 pars
914 2439 946 2498 S.
971 2440 1085 2508 crucis,
1110 2438 1209 2518 pollex
1233 2439 1310 2499 Con·

134 2542 257 2601 stantini
287 2542 475 2620 imperatoris
510 2551 541 2605 et
570 2526 725 2622 pectorale
757 2560 791 2603 os
824 2541 857 2601 S.
876 2540 995 2611 ⁴Mariae
1025 2540 1232 2621 Magdalenae.
1277 2543 1311 2605 ln

136 2647 320 2705 monasterio
335 2645 552 2727 ⁵hornseeherii
574 2646 654 2707 dicto
678 2652 726 2707 est
748 2663 857 2723 corpus
881 2646 912 2705 S.
928 2643 1076 2707 Barbarae
1099 2654 1129 2707 et
1152 2665 1186 2707 os
1213 2648 1312 2708 crucis

136 2751 169 2811 S.
194 2743 400 2829 christophori
422 2751 509 2813 valde
532 2768 693 2829 magnum,
725 2756 755 2809 et
779 2755 870 2827 caput
893 2749 1029 2827 Gregorii
1051 2750 1248 2822 Nazianzeni‚
1282 2756 1313 2810 ct

136 2855 207 2917 tibia
230 2873 298 2915 curn
321 2854 400 2932 pede
422 2855 454 2916 S.
477 2854 609 2917 Martini.
654 2853 687 2913 ln
702 2852 829 2915 Murano
853 2860 923 2914 sunt
944 2855 978 2913 in
998 2855 1128 2915 ecelesia
1150 2853 1315 2933 parochiali

136 2959 256 3019 circiter
290 2965 413 3020 centum
436 2958 616 3038 corpuscula
638 2963 812 3019 sanctornm
845 2959 1050 3020 innocentum.
1082 2956 1114 3018 ln
1138 2956 1314 3018 Torreeetlo

135 3066 183 3122 est
211 3080 323 3140 corpus
355 3068 478 3123 sanetae
510 3061 678 3122 christinae
707 3063 841 3140 virginis.
885 3061 933 3123 Ad
966 3069 1104 3124 sanctum
1136 3063 1312 3124 Zachariam

137 3171 184 3226 est
216 3184 326 3244 eorpus
355 3166 386 3226 S.
410 3165 589 3237 Zachariae,
623 3167 716 3245 patris
749 3165 780 3226 S.
803 3164 948 3227 lobannis
969 3165 1122 3245 baptistae
1152 3168 1312 3245 integrum,

136 3273 242 3346 aperto
265 3286 317 3329 ore
337 3268 462 3346 jacens,
494 3275 525 3329 et
548 3287 657 3349 corpus
679 3271 760 3331 beati
784 3269 920 3349 Gregorii
942 3269 1122 3331 Nazianzeni
1150 3274 1181 3330 et
1203 3287 1314 3350 corpus

136 3371 169 3431 S.
199 3371 355 3434 Theodori
387 3372 570 3434 eoniessoris
605 3382 637 3434 et
666 3391 792 3451 corpora
820 3380 994 3434 sanctorum
1023 3380 1187 3453 martyrum
1219 3371 1315 3434 Marci

134 3474 267 3536 Achillei
291 3484 321 3535 et
344 3474 491 3538 Pancratii
514 3485 677 3556 martyrum
695 3471 768 3556 (b),
791 3482 823 3536 et
845 3493 956 3553 eorpus
979 3473 1010 3535 S.
1027 3474 1156 3535 Sabinae
1178 3477 1312 3553 virginis.

135 3578 202 3639 lloc
226 3569 442 3641 monasterium
464 3599 534 3643 cum
557 3582 688 3643 ecelesia
711 3579 879 3641 aedificavit
893 3577 1044 3654 Angelus,
1067 3577 1108 3638 lll
1132 3579 1190 3640 dur
1214 3579 1313 3641 Vene-

133 3691 249 3757 torum,
274 3690 305 3745 et
327 3687 417 3746 tantis
439 3687 574 3765 reliquiis
597 3685 709 3746 dotavit
732 3701 811 3744 anno
827 3682 948 3742 Domini
965 3678 1036 3744 792.
1066 3680 1113 3743 Ad
1136 3682 1168 3743 S.
1186 3682 1315 3744 Crucem

135 3792 184 3847 est
208 3806 319 3868 eorpus
343 3790 374 3850 S.
397 3790 540 3869 Episcopi
562 3787 773 3858 Alexandrini,
797 3788 849 3864 qui
872 3785 1021 3864 psalmum
1042 3786 1131 3847 iecit:
1167 3786 1320 3860 Quicum·

135 3909 197 3969 qne
219 3893 283 3954 vult
306 3899 365 3954 etc.
408 3893 455 3955 Ad
479 3893 570 3955 alium
593 3892 624 3952 S.
649 3891 794 3952 Georinm
817 3895 864 3950 est
892 3907 960 3968 pars
993 3894 1152 3970 spongiae,
1186 3890 1224 3952 de
1255 3910 1316 3970 qua

137 3998 275 4060 Christus
298 3998 339 4058 iel
362 4002 393 4059 et
416 4003 536 4059 acetum
560 3997 694 4073 accepit,
729 4001 760 4056 et
782 4012 891 4073 corpus
915 3993 1071 4071 eujusdam
1104 3994 1190 4056 ducis
1212 3996 1314 4057 Vene-

136 4108 253 4175 torum,
287 4101 370 4181 quod
392 4108 531 4164 sanctum
553 4099 667 4160 dicunt.
711 4097 759 4160 Aa
781 4097 813 4159 S.
836 4097 993 4159 Nicolaum
1014 4097 1095 4160 Alliu
1124 4104 1171 4160 est
1193 4117 1253 4161 una
1271 4097 1316 4167 do

137 4221 194 4265 ser
215 4203 329 4283 hydriis
359 4204 398 4268 de
420 4205 503 4271 Cana
525 4202 697 4274 Galilaeae,
730 4209 760 4264 at
782 4218 893 4280 eorpus
916 4201 949 4264 S.
971 4198 1101 4274 Nicoloi,
1129 4218 1196 4263 non
1223 4201 1316 4274 illius,
