2902 4710
733 134 739 182 Γ
743 132 808 201 404

180 307 348 373 secundum
383 305 487 370 mundi
519 306 670 387 duplicem
702 307 984 370 considerationem.
1031 310 1246 375 Consideratur
1278 315 1360 376 enim

181 414 311 476 mundus
326 413 423 492 primo
439 412 493 472 snb
510 411 638 488 quadam
662 410 851 484 confusione,
875 413 1009 475 secundo
1025 415 1080 475 sub
1095 415 1226 495 quodam
1241 418 1358 480 ordine.

179 517 280 578 Primo
305 515 395 577 modo
417 514 478 578 vidi
501 513 646 575 mundum
662 513 768 592 Cayri,
792 514 926 576 secundo
943 516 1033 578 modo
1049 518 1108 580 vidi
1125 536 1195 580 eum
1212 521 1359 596 Venetiis,

179 623 210 682 in
234 638 292 700 qua
315 619 536 725 ordinatissime
559 618 720 680 convivunt
741 618 880 681 homines
905 627 935 681 et
959 621 1155 686 mundissime
1177 626 1359 700 cohabitant,

179 745 345 807 puramque
369 732 400 787 et
423 727 488 787 sine
511 724 629 786 foetore
652 724 757 785 urbem
777 731 908 798 servant,
932 744 989 788 nec
1005 729 1190 790 stereoribus
1214 736 1264 790 aut
1287 749 1358 811 pur·

179 833 328 912 gementis
350 831 433 891 vicos
456 829 595 901 foedant,
627 828 682 890 sed
705 846 787 889 mare
811 831 911 890 omnia
941 830 1088 909 deportat.
1134 831 1213 892 Nam
1235 851 1360 913 semper

179 938 210 996 in
233 953 285 995 seu
301 935 394 1007 horis,
417 927 578 1013 postquam
594 931 763 1005 influxerit,
787 950 842 1019 per
857 933 930 995 alies
947 952 998 995 sex
1014 936 1104 996 horas
1120 933 1228 1008 refluit,
1252 939 1358 1016 sicque

180 1040 320 1103 continue
353 1035 451 1099 iniluit
482 1046 513 1100 et
537 1035 633 1099 effluit
661 1037 795 1115 nihilque
818 1037 942 1099 foedum
966 1045 997 1098 et
1018 1038 1207 1101 immundum
1230 1042 1260 1100 in
1283 1042 1357 1103 urbe

178 1143 329 1221 relinquit.
375 1128 461 1203 Unde
485 1143 599 1220 experti
623 1140 766 1213 credunt,
800 1142 831 1201 in
854 1143 930 1203 mari
952 1141 1148 1210 Venetiarnm
1178 1162 1246 1206 esse
1269 1162 1356 1207 vora·

178 1249 280 1327 ginem
303 1246 467 1325 quandam,
499 1264 575 1324 quae
600 1262 693 1324 aquas
716 1245 818 1306 sorbet
842 1252 872 1306 et
894 1264 1014 1308 rursum
1039 1249 1195 1310 absorbtus
1219 1252 1357 1322 revomit,

182 1350 357 1412 admodum
375 1351 491 1430 abyssi;
516 1368 624 1429 magna
648 1349 714 1426 ejus
730 1353 775 1412 rei
800 1368 890 1412 causa
913 1349 1011 1414 fluxus
1027 1358 1058 1412 et
1074 1349 1208 1415 refluxus
1223 1356 1358 1416 vicissim

178 1461 326 1535 perpetua
349 1456 544 1518 successione
567 1456 607 1516 ibi
631 1445 688 1516 est.

420 1757 472 1833 De
499 1757 664 1832 diuturno
690 1757 900 1832 Venetorum
926 1762 1106 1849 regimine.

191 2059 194 2065 1
266 1973 402 2040 Tertium
433 1977 677 2040 commendabile
705 1977 787 2040 urbis
809 1978 1006 2042 Venetiarum
1040 1987 1086 2043 est
1109 1978 1282 2042 diuturnum
1305 1994 1354 2040 re·

177 2085 297 2164 gimen,
332 2082 413 2160 quod
435 2083 551 2144 idcirco
586 2083 642 2145 alia
665 2085 811 2164 regimina
835 2084 992 2147 duratione
1016 2085 1249 2165 transgreditur,
1285 2085 1356 2162 quia

177 2189 363 2252 ordinatione
385 2189 464 2251 bona
487 2176 721 2250 'administratur
766 2188 843 2250 Nem
866 2190 943 2250 haec
965 2191 1036 2251 urbs
1061 2208 1078 2251 a
1100 2189 1248 2268 principio
1279 2204 1355 2248 suae

176 2295 399 2364 constitutionis
422 2294 528 2372 graves
552 2297 583 2353 et
605 2299 737 2354 maturos
753 2295 833 2355 viros
849 2293 968 2364 habuit,
993 2281 1032 2354 et¹
1047 2294 1082 2354 ab
1099 2291 1165 2370 ejus
1181 2291 1353 2353 conditione

123 2462 128 2476 ,
175 2418 271 2479 usque
305 2398 342 2460 ud
373 2405 511 2476 tempora
535 2395 657 2456 Sisinnii
689 2388 784 2475 papae
817 2402 848 2455 et
871 2394 1030 2456 iustiniani
1058 2391 1266 2474 imperatoris,
1302 2396 1354 2474 qui

174 2505 297 2566 inerunt
318 2519 395 2563 anno
420 2501 539 2561 Domini
563 2479 823 2579 septingintesimo
848 2505 952 2569 sexto,
975 2499 1031 2559 sub
1054 2497 1181 2560 triburiis
1205 2499 1353 2579 guberua-

174 2609 274 2678 batnr,
298 2606 354 2667 sed
376 2611 509 2685 propter·
522 2604 698 2683 trequentes
723 2603 963 2666 adversariorum
985 2605 1127 2665 incursus
1143 2602 1353 2682 reprimendos

176 2713 212 2773 ab
237 2712 319 2772 ornni
342 2709 455 2788 populo
487 2715 605 2770 creatus
631 2714 678 2769 est
710 2710 825 2787 primus
847 2707 1035 2769 Venetorum
1069 2707 1128 2768 dur
1159 2706 1269 2769 Paulus
1292 2702 1353 2768 Lu·

176 2816 255 2885 cius,
280 2814 353 2873 civis
369 2811 590 2884 Heracleunus‚
614 2813 669 2872 sub
693 2829 752 2889 quo
768 2812 938 2891 respublica
952 2811 1140 2874 Venetorum
1162 2813 1238 2872 miro
1262 2811 1354 2872 modo

175 2915 319 2996 proiecit,
356 2920 387 2975 et
410 2915 445 2974 ab
476 2932 513 2975 eo
544 2920 680 2993 tempore
712 2926 808 2993 usque
840 2914 883 2998 ad
907 2916 965 2976 hoc
988 2922 1109 2994 tempus
1134 2914 1354 2976 duceshaboit

176 3019 232 3080 sibi
256 3017 470 3089 succedentes,
493 3017 573 3078 unde
596 3017 758 3078 modernus
782 3016 840 3080 dur
865 3025 912 3080 est
934 3015 987 3082 76.
1033 3020 1084 3080 Sic
1108 3037 1181 3098 ergo
1204 3023 1354 3079 steterunt

176 3121 230 3181 sub
254 3119 379 3182 ducibus
403 3122 487 3182 annis
510 3121 710 3211 septingentis
725 3117 871 3184 Lllllllll.
916 3121 983 3183 Non
1007 3128 1107 3183 tamen
1132 3120 1222 3181 sedes
1237 3119 1353 3180 ducalis

176 3241 297 3303 semper
319 3224 374 3285 init
395 3226 427 3285 in
449 3223 605 3296 venetiis,
629 3223 684 3284 sed
707 3226 805 3302 primo
828 3224 885 3286 init
908 3227 938 3286 in
962 3225 1108 3287 Heraclea
1132 3232 1163 3286 et
1184 3226 1214 3285 in
1230 3222 1350 3296 Alaroa,

176 3327 285 3389 deinde
315 3330 345 3388 in
367 3326 574 3399 Metemacho,
607 3333 677 3406 post
709 3326 767 3387 boc
799 3328 942 3390 translata
972 3329 1029 3391 init
1062 3330 1092 3389 in
1115 3328 1283 3390 Rivoaltum
1321 3332 1353 3388 et

174 3439 329 3514 postremo
354 3439 401 3494 est
424 3431 461 3493 ad
484 3431 519 3492 S.
539 3429 676 3493 Marcum
700 3431 854 3506 devoluta,
887 3437 918 3493 et
941 3430 1036 3513 (213
1053 3428 1096 3510 a)
1120 3431 1160 3492 ibi
1192 3430 1281 3492 hodie
1304 3436 1353 3492 est

172 3536 204 3595 in
226 3537 336 3615 insigni
359 3537 486 3615 palatio,
509 3536 587 3596 sicut
610 3552 701 3613 supra
724 3536 830 3613 patuit.
875 3534 940 3600 Nec
958 3534 1106 3615 legimus,
1137 3536 1273 3615 regimen
1296 3535 1351 3595 ali·

174 3638 260 3716 cujus
284 3639 483 3700 multitudinis
506 3645 623 3699 tantum
645 3641 789 3718 temporis
814 3637 958 3712 durasse,
982 3641 1061 3703 sicut
1081 3640 1278 3702 Venetorum.
1308 3639 1351 3703 Ea

173 3759 303 3820 namque
327 3745 485 3822 regimina,
521 3761 598 3822 quae
622 3743 801 3806 videbantur
823 3761 893 3805 esse
916 3750 1081 3824 perpetua,
1098 3745 1194 3804 *sicut
1216 3743 1349 3823 Hebrae-

172 3863 274 3915 orum,
306 3842 481 3916 Persarum,
504 3844 678 3918 Medorum,
703 3848 902 3920 Greecorum‚
932 3848 1151 3920 Romanorum,
1184 3845 1236 3906 illo
1260 3847 1350 3906 citius

173 3947 358 4009 deiecerunt.
403 3949 480 4010 Nam
501 3952 532 4010 in
555 3950 724 4015 Jerusalem
746 3971 807 4015 nou
829 3953 959 4032 amplius
981 3956 1227 4031 regnatum'est,
1258 3966 1350 4028 quam

172 4044 237 4114 483
261 4052 402 4124 annis,'a
423 4052 521 4115 David
543 4073 639 4134 usque
663 4056 700 4118 ad
723 4057 915 4120 Sedecbiam.
960 4055 1075 4119 ldoiroo
1090 4057 1277 4119 Venetorum
1299 4070 1349 4115 re·

173 4154 274 4234 gimen
297 4173 315 4217 a
331 4156 451 4220 Sanctis
467 4157 630 4238 plurimum
645 4160 890 4227 commendatum
911 4163 1093 4227 invenimus.
1123 4161 1253 4223 Sanctus
1267 4158 1351 4223 enim
