2874 4770
672 157 743 227 423

127 342 208 402 cirea
230 354 313 401 aram
333 337 496 398 mmimam
523 335 684 406 muniunt;
718 331 802 395 idem
823 334 920 395 terme
941 341 1063 395 ornatus
1086 339 1134 394 est
1155 341 1187 396 et
1207 337 1300 398 resti·

117 442 205 524 liuh,
228 438 311 520 quod
333 458 351 501 a
372 438 471 501 lmnte
493 437 597 498 derha
618 438 765 515 laevaque
788 439 903 516 templo
926 436 1057 513 adjacet,
1080 436 1167 514 cujus
1191 456 1300 500 aureae

127 546 260 608 fornices
283 545 431 604 exteriore
453 547 538 620 parte
561 537 635 601 CCC
657 547 688 601 et
711 541 839 618 amplius
861 540 1026 602 fulciuntur
1047 542 1215 612 columnis,
1239 560 1300 602 non

128 659 190 713 tam
205 649 410 728 magnitudine
430 664 484 708 sua
498 663 588 724 quam
605 646 739 707 colorum
750 647 893 706 varietate
909 646 1090 722 conspicuis,
1105 646 1300 707 intercolum-

128 758 177 816 nia
194 760 225 815 et
247 750 391 831 quidquid
413 751 547 810 omnium
560 755 624 821 est,
645 750 822 809 marmoreis
837 747 946 809 tabulis
961 766 1016 827 pro
1032 751 1158 810 tectorio
1181 753 1297 811 renitet

127 859 161 919 ln
192 855 333 919 vestibuli
364 853 484 931 fastigio
507 869 526 912 a
553 851 652 912 fronte
682 856 823 949 quotuorx
839 853 925 913 aenei
957 854 1028 930 equi
1058 870 1131 914 auro
1153 854 1300 913 micantes

126 960 216 1021 alacri
238 963 319 1019 statu
341 957 528 1035 prominent,
552 972 629 1033 opus
652 957 809 1026 eximium,
832 973 890 1017 nec
912 957 1037 1036 quidem
1058 958 1155 1017 nostri
1176 956 1299 1017 saeculi.

125 1063 178 1126 llis
206 1079 369 1142 operosum
400 1058 507 1138 templi
535 1059 732 1138 supercilium
762 1060 901 1131 incubat,
934 1063 1017 1122 senis
1048 1077 1119 1121 sese
1150 1060 1301 1138 explicans

125 1165 310 1248 pinnaeuiis,
333 1182 464 1243 quorum
486 1165 604 1242 singula
624 1167 657 1226 in
680 1164 866 1226 tahemucuti
890 1168 1027 1245 speeiem
1049 1172 1185 1226 surrecta
1200 1167 1302 1241 singu-

123 1272 168 1333 las
190 1269 301 1330 hahent
323 1287 359 1329 er
382 1267 511 1329 candido
533 1267 632 1347 lapide
655 1274 787 1340 statuas,
810 1268 884 1330 nudi
898 1270 978 1348 genii
999 1269 1116 1347 aliaque
1132 1269 1303 1329 suavissimi

124 1379 266 1453 aspectus
295 1372 471 1443 simulacra,
506 1389 562 1431 suo
593 1388 732 1449 quaeque
765 1378 845 1432 statu
877 1374 1021 1450 operibns
1052 1374 1178 1433 inserta.
1223 1369 1303 1432 Miro

126 1476 257 1556 quodam
287 1474 378 1536 modo
409 1477 508 1552 ipsam
542 1476 702 1553 pinnarum
737 1481 884 1536 exornant
914 1476 1190 1554 intercapedinem,
1221 1472 1304 1536 idem

128 1598 219 1659 opus,
251 1578 378 1641 eandem
408 1579 565 1639 materiam
592 1583 654 1639 tam
681 1577 820 1639 dextrum
843 1579 921 1640 latus
943 1595 1034 1656 quam
1062 1579 1182 1639 laernm
1204 1579 1303 1650 hahet,

128 1692 160 1746 et
181 1681 225 1755 id,
249 1680 331 1762 quod
354 1681 409 1744 suh
430 1681 477 1743 his
501 1683 629 1743 conveni
651 1688 714 1752 est,
744 1680 775 1742 id
797 1681 871 1741 nihil
894 1688 941 1743 est
962 1684 1021 1743 nisi
1044 1700 1160 1744 aurum.
1205 1682 1302 1754 Brevi,

128 1787 227 1850 nudus
250 1790 298 1847 est
320 1788 399 1848 inter
420 1783 527 1846 aedem
549 1783 651 1857 loeus,
674 1784 775 1846 nullus
799 1783 921 1862 quidem
944 1792 1041 1857 extra,
1073 1789 1124 1864 qui
1146 1805 1207 1847 non
1230 1803 1303 1847 auro

129 1894 168 1953 sit
190 1897 241 1953 aut
263 1906 413 1951 marmore
435 1888 531 1951 aliove
554 1890 688 1969 pretioso
710 1888 811 1968 lapide
827 1891 1022 1968 conspicuus,
1045 1892 1088 1952 ita
1108 1899 1142 1952 nt
1164 1893 1304 1970 geminae

128 2015 164 2057 er
187 1997 340 2057 alabastro
363 1993 523 2055 columnae
542 1999 707 2072 poetaram
721 1996 881 2055 maximam
895 2001 1018 2067 stantes,
1041 2003 1073 2057 et
1094 2013 1147 2056 ser
1167 2003 1302 2073 septem-

127 2100 252 2180 pedales
269 2097 484 2166 Chalcedonii,
508 2101 559 2177 qui
581 2100 752 2177 pavimento
774 2101 882 2160 inserti
894 2101 1048 2172 risumnr,
1070 2099 1144 2160 nihil
1166 2101 1197 2159 in
1220 2105 1303 2159 tanta

126 2204 280 2284 opulentia
301 2203 431 2264 habeant
454 2200 668 2264 admirationis.
715 2203 778 2265 Sed
802 2203 883 2282 quod
905 2203 953 2264 his
976 2204 1159 2274 mirabilius,
1189 2205 1219 2262 in
1243 2202 1303 2261 alto

127 2307 287 2370 testudinis
310 2297 513 2374 'simulacrum
536 2307 780 2386 evangelicorum
801 2310 952 2378 virorum,
985 2306 1136 2367 Dominici
1158 2311 1190 2364 et
1211 2304 1303 2364 Fran-

128 2413 216 2483 eisct,
250 2411 401 2484 relucent,
434 2414 578 2490 quiante
610 2430 717 2474 eorum
747 2414 877 2491 primum
908 2419 1011 2473 ortum
1038 2410 1171 2489 quodam
1202 2408 1303 2470 divino

128 2514 346 2593 praesagioihi
369 2513 508 2577 dicuntur
522 2515 651 2577 formata
665 2516 768 2578 hohitu
792 2523 823 2576 et
844 2518 954 2593 signis,
977 2514 1085 2592 quihus
1106 2518 1177 2591 post
1199 2530 1305 2573 eorum

130 2620 385 2681 canonisationem
406 2620 437 2680 in
460 2619 599 2680 ecclesiis
623 2619 835 2699 depinguntur.
882 2619 1069 2697 Caeteraque
1091 2618 1186 2678 multa
1208 2616 1303 2677 admi-

128 2723 242 2783 ratione
265 2720 354 2801 digna
373 2722 416 2784 ihi
437 2728 611 2785 cernuntur.
655 2721 739 2783 llane
761 2722 830 2784 ideo
862 2731 998 2784 oratores
1021 2723 1158 2783 historici
1181 2738 1304 2781 auream

127 2827 296 2899 nominant,
326 2826 364 2889 oh
383 2827 433 2899 id,
462 2827 543 2907 qnod
565 2845 664 2907 paene
686 2833 749 2889 tota
773 2845 846 2889 auro
868 2829 983 2889 munita
1015 2831 1072 2888 est.
1117 2827 1155 2888 Et
1187 2831 1304 2886 tantum

126 2929 165 2990 de
188 2929 250 2991 illo.

212 3086 336 3150 Praeter
366 3051 445 3151 hanc
479 3093 550 3150 sunt
571 3086 708 3150 Venetiis
730 3086 839 3151 LXXII
868 3089 1058 3170 parochiales
1088 3088 1237 3150 ecclesiae
1272 3095 1304 3149 et

125 3193 309 3253 monasteria
343 3193 481 3253 omnium
512 3191 661 3253 ordinum.
706 3191 828 3254 Ordinis
859 3199 891 3253 et
922 3192 1045 3271 regulae
1080 3191 1113 3254 S.
1145 3190 1303 3252 Benedicti

126 3301 197 3358 sunt
218 3297 260 3356 ihi
283 3297 468 3356 monasterio
490 3295 584 3357 multu
606 3297 741 3358 omnium
764 3295 1016 3367 differentiarum,
1049 3295 1225 3374 degentium
1247 3294 1304 3354 soh

127 3398 236 3462 eadem
258 3399 373 3476 regula.

211 3553 247 3616 ln
269 3561 358 3633 portu
380 3554 514 3629 Veneto,
537 3559 615 3620 inter
638 3576 721 3620 mare
745 3565 777 3618 et
798 3558 971 3629 civitatem,
994 3562 1043 3616 est
1065 3551 1178 3631 grande
1200 3551 1232 3611 S.
1248 3549 1302 3610 Ni·

126 3658 203 3720 colai
226 3661 459 3733 monasterium,
494 3662 574 3741 quod
597 3659 649 3726 33.
674 3662 734 3722 dur
755 3661 963 3731 Venetorum,
986 3659 1178 3724 Dominicns,
1203 3653 1304 3715 aedid-

126 3765 204 3825 cavit
227 3780 307 3824 anno
329 3763 451 3824 Domini
477 3761 570 3828 1042.
602 3766 801 3846 singulariter
823 3770 925 3825 tamen
947 3762 1056 3823 iratres
1078 3757 1304 3821 Praedicatores

125 3873 157 3929 et
178 3865 315 3930 Minores
338 3868 379 3929 ihi
401 3870 513 3931 hahent
535 3871 674 3950 egregios
698 3865 754 3949 (ln)
778 3874 965 3930 conventus:
989 3883 1059 3926 nam
1082 3863 1191 3923 tratres
1205 3858 1303 3920 lilino-

124 3990 175 4033 res
198 3978 261 4033 tres
283 3971 395 4033 hahent
416 3972 457 4033 ihi
480 3978 666 4042 conventus,
700 3973 819 4034 seilicet
849 3978 1031 4033 conventum
1060 3965 1207 4043 majorem
1235 3981 1304 4024 cnm

126 4076 234 4155 insigni
258 4075 389 4138 ecclesia
412 4083 444 4138 et
465 4078 541 4138 turri
564 4074 669 4154 grandi
690 4083 722 4137 et
744 4076 898 4146 altissima,
921 4092 991 4135 cum
1014 4072 1117 4133 multis
1136 4071 1303 4149 campanis3

127 4195 188 4238 nou
208 4185 311 4241 tamen
333 4185 381 4242 est
403 4186 572 4243 concentus
594 4178 783 4242 reformatum.
827 4178 986 4241 Secundus
1009 4181 1175 4238 conventus
1197 4181 1244 4237 est
1266 4172 1305 4236 od
