2902 4710
714 114 780 186 tls

159 311 266 358 aarum
281 293 503 373 provinciarum
526 292 666 355 homines
683 292 839 372 expulistis
862 297 894 355 et
908 290 1145 374 hospitalitatem
1160 294 1343 372 abnegastis,

161 416 255 468 ecce,
289 414 346 477 ego
378 400 445 478 ipse
479 395 515 458 ad
545 402 667 476 tempus
696 395 866 476 hospitatus
899 396 979 478 apud
1007 413 1062 463 vos
1093 398 1274 477 transmigro
1305 396 1345 458 ad

161 498 313 581 quendam
345 502 447 562 lucum
475 506 753 573 transmontauum,
786 518 878 580 quem
909 501 998 581 elegi.
1041 499 1079 562 Et
1100 500 1148 562 his
1176 499 1264 563 dictis
1286 495 1344 582 (b)

161 604 307 684 disparuit
334 607 523 685 peregrinus.
580 604 740 666 Barcarius
771 623 845 667 vero
883 606 1060 684 renavigans
1088 604 1233 667 Venetiae
1265 602 1345 667 haec

160 707 230 771 duci
261 714 292 769 et
323 709 442 770 senatui
463 709 631 782 nuntiavit,
659 706 874 788 perordinem
897 710 1010 770 seriem
1034 714 1137 788 gestae
1159 709 1204 769 rei
1226 707 1342 776 dicens.

161 811 220 886 Qui
240 820 398 874 currentes
421 811 459 876 ad
480 813 700 892 sarcophagum
724 813 927 891 evangelistae
959 828 1029 874 eum
1058 828 1188 875 vacuum
1216 813 1343 876 invene·

158 921 229 979 runt
262 923 293 979 et
314 922 475 995 patronum
509 934 582 979 ase
618 916 785 977 recessisse
819 915 1031 978 intellexamnt
1059 921 1124 976 turn
1146 922 1271 996 propter
1292 917 1342 978 in·

159 1019 397 1099 hospitalitatem
428 1026 492 1081 tum
527 1003 617 1081 etiam
646 1024 772 1098 propter
804 1018 891 1080 ducis
921 1019 1162 1092 inhonestatem,
1197 1020 1343 1099 quicum

32 1194 36 1201 ,
159 1141 284 1186 uxorem
318 1141 403 1185 suam
427 1121 596 1191 iohannem
628 1136 751 1183 exosam
773 1122 898 1195 haberet
928 1128 960 1184 et
982 1122 1070 1184 aliam
1093 1129 1224 1196 amaret,
1254 1138 1342 1186 suam

160 1228 260 1306 codgit
292 1226 465 1290 monachari
498 1242 628 1304 eamque
657 1226 689 1287 in
712 1225 745 1287 S.
769 1224 933 1288 Zachariae
955 1226 1139 1287 monasterio
1162 1225 1342 1288 monialium

160 1330 257 1392 ordini
280 1330 312 1391 S.
335 1330 492 1393 Benedicti
524 1329 645 1393 iotmsit
679 1333 803 1391 etcum
833 1329 890 1392 alia
922 1335 1021 1390 amata
1051 1331 1216 1402 contraxit,
1250 1347 1342 1408 quam

160 1435 198 1498 oh
220 1453 286 1497 rem
307 1435 453 1516 indignati
473 1435 578 1498 altinas
602 1432 746 1496 adversus
770 1451 842 1498 eum
864 1433 1085 1513 conspiratione
1101 1432 1180 1496 iacta
1194 1434 1226 1495 in
1239 1436 1341 1517 ipsum

159 1541 289 1622 populos
313 1543 553 1614 concitaverunt,
587 1540 638 1618 qui
661 1537 793 1600 eundem
824 1537 956 1616 dejicere
988 1539 1163 1616 cupientes,
1196 1540 1341 1602 camille

158 1661 193 1707 se
215 1647 247 1707 in
268 1644 379 1723 palatio
394 1651 544 1718 tueretur,
567 1644 680 1723 iniecto
703 1645 782 1722 igne,
806 1644 874 1722 pice
894 1650 926 1705 et
940 1642 1084 1721 sulphure
1107 1646 1215 1716 mixto,
1237 1646 1341 1723 ipsum

160 1755 192 1810 et
213 1765 338 1810 uxorem
361 1766 431 1810 cum
453 1745 529 1826 liliol,
553 1766 645 1826 quem
661 1748 751 1808 simul
766 1746 948 1820 hahuerunt,
973 1752 1004 1807 et
1019 1748 1162 1824 palatium
1186 1754 1217 1809 et
1240 1746 1342 1809 eccle·

160 1855 237 1914 siam
260 1853 291 1913 S.
315 1849 428 1923 Marci,
451 1851 482 1911 S.
507 1850 676 1924 Theodori,
700 1851 732 1912 S.
758 1848 873 1913 Mariae
895 1853 925 1912 in
948 1850 1103 1911 huhinaso
1127 1857 1159 1913 et
1180 1853 1342 1933 plusquam

160 1955 235 2018 CCC
269 1957 380 2018 civium
414 1954 521 2016 domos
555 1955 802 2027 combusserunt,
833 1961 864 2015 et
887 1955 917 2015 si
932 1953 968 2014 S.
990 1951 1086 2015 Marci
1108 1972 1219 2035 corpus
1241 1955 1342 2017 adhuc

157 2060 188 2121 in
211 2058 344 2120 ecclesia
367 2059 492 2130 luisset,
514 2059 768 2119 incineratumet
790 2063 982 2119 consumtum
1003 2059 1128 2130 luisset,
1151 2058 1245 2137 'cujus
1267 2059 1342 2121 mali

158 2164 314 2243 praescius
337 2168 460 2224 sanctus
483 2163 640 2241 praevenit
662 2167 782 2240 tempus
807 2169 838 2223 et
861 2163 893 2222 in
908 2160 1117 2224 Alemanuiam
1145 2161 1182 2224 ad
1196 2162 1341 2225 Sueviaun

158 2267 376 2345 transmigrans
400 2267 437 2328 ad
451 2264 581 2329 insulam
596 2264 710 2337 Rheni,
734 2263 865 2337 Ouium,
888 2282 966 2344 quae
990 2271 1037 2326 est
1051 2247 1137 2327 'inter
1153 2260 1229 2328 duos
1244 2265 1340 2340 lacus,

161 2387 195 2431 se
218 2372 351 2448 recepit,
374 2370 425 2431 uhi
447 2369 538 2431 hodie
560 2371 591 2430 in
612 2371 806 2434 veneratione
829 2368 957 2430 hahetur
979 2370 1011 2430 iu
1034 2372 1218 2432 monasterio
1241 2374 1339 2449 quon-

15 2508 36 2521 --
160 2471 229 2537 dam
252 2474 450 2541 celeberrimo
474 2474 586 2536 ordinis
611 2473 642 2534 S.
657 2472 824 2534 Benedicti.
867 2471 929 2533 Alii
951 2470 1056 2534 dicunt
1077 2472 1116 2534 de
1139 2474 1340 2537 translatione

160 2567 294 2656 corporis
317 2577 349 2639 S.
372 2577 467 2641 Marci
490 2579 521 2638 in
544 2574 675 2647 Ouium,
710 2574 790 2655 quod
814 2574 935 2654 quidam
964 2576 1130 2638 monachus
1160 2576 1198 2639 de
1229 2576 1339 2642 eodem

158 2682 343 2742 monasterio
372 2682 515 2761 fugitivus
548 2681 632 2742 venit
653 2678 797 2742 Venetiae
828 2684 858 2739 et
880 2680 1105 2757 opportunitate
1127 2668 1248 2745 inventa
1271 2700 1339 2745 cor-

159 2799 217 2862 pus
240 2801 360 2846 sacrum
389 2784 504 2846 iuratus
537 2785 605 2846 tulit
641 2788 671 2844 et
694 2783 733 2844 ad
764 2784 983 2845 monasterium
1013 2801 1101 2845 suum
1124 2784 1241 2849 Ouium
1262 2787 1341 2850 iilud

158 2889 305 2965 portavit,
336 2889 487 2966 placatum
518 2889 656 2949 ahhatem
687 2887 790 2948 hahuit
822 2894 853 2948 et
876 2888 1092 2948 monasterium
1114 2889 1192 2950 ultra
1214 2890 1340 2953 modum

159 2982 295 3049 dotatum
305 2989 371 3061 luit,
387 2997 418 3051 st
425 2989 560 3068 jamnon
572 2989 671 3061 Ouia,
681 2990 737 3050 sed
749 2989 833 3054 dives
845 2989 931 3053 Ouia
941 2991 1105 3054 dicehatur.
1139 2993 1222 3056 ilaec
1238 2998 1341 3058 omnia

160 3088 199 3152 de
209 3091 402 3153 translatione
416 3091 614 3155 illaS.Marci
637 3111 698 3155 uon
710 3094 770 3173 legi
786 3096 815 3155 in
832 3094 1016 3172 aliquolihro
1038 3113 1095 3157 nec
1107 3099 1253 3177 scriptum
1267 3097 1339 3172 uidi,

159 3192 215 3256 sed
225 3198 468 3259 amercaturihus
485 3202 517 3258 et
525 3196 697 3275 vulgaribus
706 3196 809 3259 auditu
821 3196 923 3259 didici.
955 3197 1018 3260 Sed
1033 3200 1155 3262 tandem
1170 3202 1201 3262 in
1219 3199 1341 3264 libraria

158 3306 333 3363 nostrorum
355 3301 481 3364 fratrum
503 3302 534 3362 in
556 3300 700 3380 Esliugan
723 3303 823 3380 reperi
846 3303 998 3382 antiquam
1022 3303 1193 3364 chronicam
1215 3306 1246 3366 in
1268 3321 1340 3384 per·

160 3422 289 3485 gameno
312 3405 485 3482 scriptam‚'
503 3406 535 3466 in
558 3421 617 3483 qua
639 3405 685 3466 sic
707 3405 836 3466 hahetur
866 3404 904 3467 da
927 3408 1122 3468 translatione
1146 3409 1283 3486 corporis
1306 3407 1339 3469 S.

157 3507 268 3571 Marci:
292 3527 405 3589 corpus
428 3509 460 3571 S.
476 3508 574 3571 Marci
598 3508 801 3589 evangelistae
824 3510 880 3570 suh
903 3511 1025 3572 nomine
1041 3510 1176 3572 Valentis
1198 3512 1340 3590 martyris

158 3611 326 3691 Ratolphus
353 3611 540 3674 Veronensis
571 3615 732 3692 episcopus
764 3631 781 3674 a
811 3613 888 3677 duca
922 3613 1067 3677 Venetiae
1104 3615 1274 3695 impetravit
1307 3622 1341 3677 et

159 3729 229 3776 cum
251 3730 379 3793 corpore
404 3714 527 3777 Genesii
559 3718 699 3795 martyris
733 3719 764 3778 in
787 3717 916 3797 Augiam
944 3719 1073 3781 insulam
1104 3719 1211 3781 attulit.
1255 3717 1340 3782 llaec

157 3816 208 3879 ibi.
254 3815 286 3876 iu
310 3819 444 3896 margine
475 3820 598 3897 ponitur
625 3837 721 3881 annus
753 3821 789 3881 ah
812 3806 1017 3884 incarnatione
1039 3823 1161 3885 Domini
1183 3818 1339 3884 M.XXX⁰.

158 3917 334 3980 Secundum
363 3919 440 3981 haec
469 3921 567 3993 dicta,
601 3924 628 3982 si
650 3924 780 4002 scriptor
810 3942 872 3986 non
902 3932 983 3987 errat
1003 3927 1035 3986 in
1057 3944 1204 3990 annorum
1226 3925 1341 3988 Christi

157 4038 307 4096 numero,
339 4041 450 4104 corpus
473 4025 505 4086 S.
528 4023 625 4087 Marci
647 4045 709 4088 non
732 4030 843 4090 mansit
869 4028 1005 4092 Venetits
1032 4031 1092 4092 nisi
1114 4028 1171 4093 xil
1192 4030 1279 4093 annis
1302 4029 1340 4093 ah

152 4140 201 4187 so,
219 4132 376 4208 tempore,
400 4145 460 4209 quo
484 4128 618 4192 delatum
640 4129 696 4193 luit
719 4130 755 4194 ah
777 4130 959 4197 Alexandria
980 4133 1134 4198 venetias.
1168 4133 1262 4199 Porro
1277 4134 1339 4201 Ve-
