2902 4710
731 138 799 213 tlt

175 325 264 400 aptas
293 322 379 379 erant
401 317 432 377 in
456 316 535 377 ostio
558 314 616 378 Nili
640 315 866 389 lleracleotioo,
891 334 983 396 aquo
999 317 1157 398 portabant
1170 332 1288 379 merces
1303 314 1352 377 ln·

175 423 280 485 dianas
296 419 519 503 ¹Alexandriam
554 439 571 483 a
604 422 822 484 mercatoribus
856 420 982 483 Cairinis
1016 421 1201 493 conductae,
1235 436 1292 482 nec
1322 420 1353 480 in

175 525 275 588 triduo
300 531 386 587 erant
408 542 593 587 reversurae.
641 525 717 586 Cum
743 532 843 587 autem
870 524 1089 590 audivissemus
1112 527 1279 587 absentiam
1300 525 1353 587 be·

176 633 303 693 1111111
324 635 355 692 11
377 628 459 709 quod
482 628 576 691 tribus
591 627 697 691 diebus
714 646 854 692 essemus
869 629 910 691 ibi
925 630 1077 701 mansuri,
1100 628 1229 692 multum
1243 629 1354 691 turbati

177 752 284 797 sumus
308 742 339 795 et
360 731 494 795 sedimus
517 734 620 794 tristes
643 732 848 795 conterentes.

264 836 357 910 Porro
390 837 495 921 alveus
523 831 713 915 navigabilis,
746 853 802 916 per
824 852 923 916 quem
937 835 1023 899 Nilus
1046 853 1101 916 per
1123 838 1237 898 ostium
1259 833 1353 897 llere·

178 944 339 1005 cleoticum
373 936 428 1022 (b)
463 957 546 1003 mare
575 942 681 1012 intrat,
717 959 779 1002 non
812 946 876 1001 erat
906 939 999 1019 louge
1028 958 1046 1003 a
1077 940 1182 1012 nobis,
1213 938 1269 1002 sed
1300 957 1356 1020 per

178 1066 268 1110 unam
291 1045 421 1109 insillem
444 1043 675 1123 interiacentem
697 1040 826 1106 distabat
848 1049 880 1105 et
894 1045 1086 1108 summitates
1099 1043 1237 1109 velorum
1250 1043 1355 1107 videre

178 1155 352 1231 poteramus
385 1150 507 1212 navium
547 1149 690 1211 continue
721 1145 974 1210 descendentium
1006 1155 1037 1210 et
1068 1147 1297 1213 ascendentium
1325 1154 1357 1211 11
1430 1219 1433 1222 ⁴

178 1256 348 1335 optavimus
372 1251 495 1332 quidem
518 1269 574 1313 nos
596 1253 628 1312 in
650 1269 709 1313 une
730 1251 850 1313 illarum
872 1254 993 1317 navium
1017 1273 1106 1328 esse,
1123 1254 1184 1318 sed
1206 1274 1267 1318 non
1292 1260 1357 1317 erat

178 1360 264 1421 nobis
288 1375 377 1436 spes;
414 1374 483 1418 oum
516 1355 632 1433 ingenti
660 1360 763 1416 autem
793 1353 894 1418 taedio
926 1356 967 1420 ibi
1001 1356 1136 1420 sedimus
1166 1364 1197 1420 11
1226 1357 1356 1419 vidimus

178 1479 271 1523 naves
295 1463 386 1522 etiam
409 1458 447 1519 de
470 1465 558 1538 portu
582 1458 687 1520 lloseti
709 1477 830 1521 sursum
863 1458 932 1523 duci
955 1461 987 1522 iu
1010 1461 1129 1524 alveum
1159 1459 1359 1540 navigabilem

180 1572 211 1627 et
233 1562 420 1627 descendere
443 1561 482 1624 ud
496 1580 589 1624 mare.
635 1561 857 1630 Advooaviuaus
872 1582 945 1645 ergo
961 1564 1061 1628 llelliu
1076 1565 1188 1638 malum
1204 1563 1359 1625 bemineru

180 1668 338 1731 ductorem
353 1672 492 1728 nostrum
513 1674 544 1727 et
565 1669 832 1757 interrogavimus,
855 1686 893 1730 an
908 1669 1053 1747 possibile
1068 1673 1152 1730 esset
1166 1686 1223 1730 uos
1239 1668 1358 1746 navigio

181 1770 252 1834 duoi
273 1790 329 1851 per
352 1770 453 1831 Nilum
477 1770 514 1831 ed
537 1769 643 1832 merel
668 1771 720 1848 qui
736 1770 822 1843 dixit,
845 1771 988 1852 possibile
1004 1770 1128 1851 quidem
1144 1778 1206 1844 est,
1229 1771 1360 1833 sednon

183 1879 381 1945 consuetum,
404 1872 475 1934 ideo
499 1891 558 1934 uon
583 1874 746 1944 attentetis,
771 1873 826 1935 sed
848 1893 904 1954 per
926 1873 1059 1937 triduum
1079 1874 1222 1937 habetote
1243 1875 1358 1953 petlen-

182 1981 255 2041 tiem
277 1979 308 2039 in
331 1979 398 2038 loco
422 1976 484 2038 illo.
532 1976 608 2065 Cum
631 1993 733 2039 amaro
757 1995 830 2055 ergo
854 1979 953 2039 animo
977 1995 1032 2057 per
1049 1977 1150 2040 locum
1166 1980 1360 2059 spatiavimns

182 2088 214 2144 et
236 2084 315 2143 inter
337 2081 491 2153 homines,
516 2081 567 2158 qui
590 2083 706 2159 egressi
729 2080 849 2143 luerent
872 2079 910 2143 de
926 2082 1046 2144 civitate
1063 2080 1101 2144 ed
1116 2100 1172 2143 nos
1188 2081 1360 2153 videndum,

183 2183 440 2247 deambulavimus
472 2171 647 2246 anhelantes
680 2182 718 2245 ad
747 2192 914 2246 recessum.
962 2182 1091 2258 Quidam
1125 2192 1227 2249 autem
1257 2187 1360 2248 Serra·

184 2307 277 2352 11111
300 2287 339 2350 de
363 2289 482 2352 civitate
507 2306 649 2369 egressus
678 2287 811 2367 adjunxit
840 2308 875 2351 se
909 2288 995 2351 nobis
1027 2295 1059 2350 et
1089 2290 1273 2370 colloquium
1307 2308 1361 2352 no-

182 2395 301 2457 biseum
323 2393 425 2457 hebuit
448 2391 550 2456 ltalice
573 2394 691 2476 lingua,
715 2412 806 2475 quam
828 2398 920 2458 novit.
965 2393 1047 2457 lntcr
1070 2395 1220 2476 colloquia
1235 2395 1363 2456 diximus

185 2499 258 2570 sibi,
292 2496 444 2576 quomodo
475 2496 612 2560 triduana
647 2501 705 2561 iste
737 2501 922 2580 exspectatio
952 2505 1036 2561 esset
1057 2500 1144 2561 nobis
1167 2495 1362 2561 intolerabilis

186 2608 216 2663 et
247 2603 272 2662 si
306 2608 411 2679 posset
433 2603 519 2664 nobis
551 2620 659 2665 navem
690 2603 862 2667 conducere
896 2621 950 2684 pro
980 2604 1076 2675 bono,
1110 2605 1172 2664 ineo
1203 2599 1364 2662 abundanti

186 2706 300 2783 pretio,
325 2704 440 2776 laceret
461 2703 547 2767 nobis
562 2722 628 2768 rem
651 2686 862 2785 gratissimam.
909 2706 1073 2767 Concurrit
1091 2721 1165 2783 crgo
1180 2704 1364 2766 sarracenus

184 2807 235 2867 ille
259 2814 290 2868 et
313 2809 413 2869 statim
436 2807 614 2871 nauclerum
637 2807 758 2885 adduxit
793 2816 824 2888 et
856 2809 1090 2871 couventionem
1122 2809 1202 2870 inter
1234 2826 1305 2871 eum
1334 2815 1365 2870 et

186 2926 241 2970 111
271 2909 352 2969 lecit.
398 2908 503 2971 Stabat
535 2917 638 2973 autem
669 2909 768 2973 Helliu
797 2911 848 2974 ille
876 2911 970 2973 luleus
1003 2919 1033 2974 ct
1064 2910 1278 2976 contendebat
1295 2931 1364 2974 cum

188 3011 353 3073 Sarraceno
378 3012 447 3085 illo,
469 3014 548 3076 iorte
570 3015 677 3077 dicens
700 3018 737 3088 ei,
762 3016 843 3096 quod
866 3017 925 3078 sibi
947 3016 984 3078 de
1008 3019 1175 3097 peregrinis
1197 3036 1270 3080 suae
1294 3036 1363 3099 pro·

188 3113 339 3178 videntiae
362 3118 551 3191 commissis,
585 3117 658 3181 nihil
690 3137 763 3182 1111
792 3119 873 3183 aliud
903 3120 991 3184 nobis
1013 3120 1149 3194 dicebat,
1181 3124 1240 3184 nisi
1261 3125 1288 3184 si
1311 3123 1363 3184 ali·

189 3217 270 3298 quod
293 3219 462 3298 perieulum
484 3220 570 3283 nobis
583 3221 747 3295 accideret,
771 3223 851 3302 quod
873 3241 945 3287 eum
960 3224 1115 3306 inculpare
1130 3243 1191 3288 non
1205 3243 1365 3307 possemus

189 3341 247 3384 neo
269 3323 361 3386 vellet
377 3325 528 3404 particeps
545 3343 614 3387 esse
630 3326 837 3407 periculorum
852 3334 1034 3392 nostrorum.
1077 3329 1138 3392 Res
1157 3348 1230 3410 ergo
1246 3339 1366 3393 1111111

191 3446 309 3490 rursum
341 3431 559 3509 reportavimus
588 3433 619 3492 in
648 3449 756 3496 navem
788 3433 968 3498 conductam
1000 3441 1031 3498 et
1062 3432 1100 3496 ed
1129 3452 1287 3499 recessum
1310 3453 1366 3498 nos

191 3531 404 3611 disposuimus.
451 3536 526 3597 Cum
549 3554 622 3617 ergo
643 3535 707 3615 jem
728 3540 812 3601 nevis
834 3539 977 3602 solvenda
997 3548 1081 3603 esset
1104 3557 1121 3602 a
1143 3548 1249 3621 portu,
1272 3557 1365 3603 vene·

191 3643 258 3698 runt
282 3636 404 3716 quidem
426 3641 481 3702 viri
504 3638 685 3705 decivitate
709 3649 740 3705 et
763 3650 986 3708 arrestaverunt
1001 3663 1109 3708 navem
1133 3652 1164 3708 et
1187 3646 1365 3708 nauclerum

191 3741 426 3821 impediverunt,
457 3746 562 3805 nescio
594 3752 718 3824 propter
751 3765 842 3827 quam
874 3750 1043 3822 actionem3
1079 3749 1231 3828 perterriti
1264 3755 1367 3809 eutem

192 3844 303 3907 luimus
332 3848 540 3920 aestimantes,
565 3847 646 3927 quod
668 3858 793 3931 propter
813 3870 868 3914 nos
891 3852 1003 3915 iactum
1026 3857 1118 3924 esset,
1139 3851 1196 3914 sed
1219 3869 1281 3912 non
1301 3849 1367 3912 luit.

193 3946 296 4027 ltaque
312 3951 421 4013 1111111
444 3969 494 4013 111
517 3959 635 4014 1111111
660 3954 697 4015 ad
719 3954 802 4017 littus
826 3956 1046 4035 reportavimus
1070 3972 1140 4017 cum
1162 3954 1274 4029 labore,
1298 3956 1369 4033 quia

194 4055 267 4113 setis
290 4072 411 4133 gravem
433 4055 657 4134 supellectilem
680 4058 848 4123 babuimus.
893 4058 967 4122 Post
994 4058 1152 4138 paululum
1181 4061 1264 4122 venit
1292 4059 1368 4122 alius

194 4156 353 4222 nauclerus
386 4163 494 4241 petens
524 4177 599 4235 uos,
632 4167 667 4226 11
688 4162 918 4245 ingrederemur
932 4165 935 4175 '
949 4162 1121 4229 aevlculem
1141 4179 1229 4229 suasu
1250 4169 1283 4229 11
1307 4181 1367 4248 quo
