2874 4770
699 176 765 246 317

137 353 268 431 grandes
291 351 408 430 galeas,
438 352 470 412 iu
492 367 618 428 quarum
639 351 739 429 primo
762 355 887 430 aspectu
909 349 1139 430 obstupuimus,
1170 353 1315 412 timentes

139 473 191 516 eas
214 473 291 515 -esse
313 454 482 515 Turcorum
510 460 562 514 aut
585 453 807 513 Cataloniorum
836 458 888 514 aut
914 452 1086 515 Siculorum
1108 462 1161 518 aut
1186 457 1315 517 aliorum

137 560 343 629 inimicorum,
368 557 423 618 sed
447 576 516 618 curn
539 558 663 637 propius
688 558 939 628 accessissemus,
968 556 1099 618 vidimus
1121 576 1174 620 eas
1196 561 1314 638 insigne

138 661 248 723 Leonis
272 663 431 732 hahentes,
456 670 487 721 et
512 679 621 738 magno
646 660 753 739 gaudio
777 660 974 722 exultavimus
996 664 1145 734 scientes,
1168 682 1220 724 eas
1243 681 1313 725 esse

137 767 239 845 galeas
262 765 294 825 S:
309 763 405 826 Marci
428 763 466 823 de
489 764 641 834 Veneliis;
666 770 812 825 venerant
835 766 915 824 enirn
939 763 977 825 de
1000 765 1087 843 Syria
1108 784 1126 827 a
1148 774 1237 845 portu
1255 766 1313 829 ua·

136 872 235 931 rutino
260 875 291 930 et
313 859 498 947 Tripolitana
522 887 591 928 curn
615 870 765 928 mercibus
789 868 943 940 Damasci,
970 875 1002 929 et
1029 876 1099 930 ante
1121 871 1223 949 plures
1246 871 1314 934 dics

135 979 166 1037 iu
189 994 289 1055 pugna
304 974 423 1036 Maleae
447 972 683 1041 desudaverant.
706 973 760 1034 sed
776 977 872 1035 victae
896 973 1028 1052 rejectae
1052 973 1169 1035 inerant
1186 976 1217 1035 iu
1232 975 1314 1037 hunc

135 1086 273 1158 portum,
298 1080 376 1138 sicut
400 1084 431 1138 et
453 1097 518 1138 nos.
564 1076 602 1137 Hi
627 1084 742 1149 autem,
766 1079 817 1155 qui
839 1080 870 1136 in
892 1079 1017 1138 naribus
1040 1079 1099 1138 illis
1124 1087 1218 1149 erant,
1244 1097 1314 1141 cum

135 1182 281 1243 vidissent
314 1200 370 1242 nos
404 1179 544 1241 advenire
575 1187 606 1241 et
629 1183 860 1258 cognovissent,
896 1183 1013 1242 stabant
1045 1184 1077 1241 in
1107 1183 1313 1262 superioribus

135 1289 255 1347 navium
283 1293 313 1346 et
339 1286 537 1346 buccinabant
562 1286 659 1354 tubis,
682 1285 806 1344 roeihus
831 1284 997 1345 clamabant
1020 1291 1051 1345 et
1072 1286 1244 1346 bombardis
1267 1289 1313 1348 iu·

135 1392 235 1450 censis
267 1389 384 1466 fragore
420 1390 521 1449 omnia
552 1389 796 1458 commovebant,
831 1395 861 1448 et
892 1387 943 1448 illo
976 1388 1067 1448 modo
1089 1389 1312 1451 beneveneritis

134 1495 220 1554 nohis
244 1494 399 1563 dicebant,
422 1498 453 1552 ct
476 1497 576 1552 tantus
600 1491 656 1552 luit
677 1491 791 1569 fragor,
815 1493 932 1551 sonitus
956 1499 986 1551 et
1003 1493 1117 1553 elamor
1138 1494 1312 1572 inutraque

135 1597 250 1667 classe,
287 1596 367 1675 quod
397 1596 536 1656 horribile
565 1595 621 1656 tuit
643 1594 760 1667 audire,
794 1602 899 1673 totque
928 1596 1106 1657 borchardus
1135 1600 1312 1669 emiserunt,

135 1700 217 1783 quod
240 1701 294 1760 aiir
315 1699 372 1760 fuit
394 1700 502 1776 plenus
525 1698 624 1766 sumo,
647 1701 703 1764 ita,
727 1697 806 1775 quod
831 1697 868 1757 de
892 1716 949 1758 una
974 1699 1060 1776 galea
1074 1703 1122 1761 rix
1137 1709 1311 1779 poteramus

133 1803 223 1862 aliam
248 1800 451 1862 collateralem
473 1799 593 1872 viderc;
625 1801 676 1859 tali
699 1803 780 1860 enim
802 1799 893 1860 modo
917 1819 1009 1860 naves
1033 1805 1180 1864 coeuntes
1204 1822 1237 1864 se
1260 1822 1309 1866 sa·

132 1906 239 1966 lutant.
286 1905 434 1982 Cogitavi,
458 1905 485 1963 si
509 1906 667 1965 consentio
690 1905 811 1964 narium
834 1905 865 1963 in
888 1906 1018 1964 amicitia
1042 1912 1071 1965 et
1086 1924 1161 1985 pace
1183 1908 1225 1967 ita
1247 1914 1309 1969 ter·

131 2009 226 2069 ribilis
258 2015 319 2080 est,
355 2007 452 2086 qualis
482 2015 583 2087 potest
615 2026 685 2068 esse
715 2010 892 2086 congressio
919 2011 1038 2069 uarium
1062 2017 1094 2072 et
1115 2013 1257 2073 classium
1277 2016 1309 2075 in

130 2113 278 2193 proeliis?
302 2113 440 2175 Proiecto
458 2113 608 2174 horribilis
623 2115 723 2174 nimis.
754 2113 858 2191 ltaque
876 2132 944 2174 cum
960 2115 1100 2175 salutatio
1116 2117 1199 2176 linita
1215 2123 1308 2189 esset,

130 2219 327 2296 alligaverunt
349 2224 483 2278 nostram
506 2217 635 2277 classem
659 2218 788 2296 ploresis
811 2225 901 2295 atquc
916 2216 1094 2278 mdentibus
1119 2221 1253 2298 scopulis
1276 2225 1310 2278 et

131 2324 270 2384 anchoris
285 2326 315 2383 in
331 2324 514 2402 protundum
529 2324 694 2394 demersis,
717 2341 756 2383 ne
779 2324 815 2383 ab
838 2322 925 2384 undis
948 2340 982 2382 se
1005 2322 1226 2383 retrahentibus
1250 2340 1309 2382 una

130 2446 201 2487 curn
223 2427 282 2487 illis
306 2426 530 2488 retraherentur
552 2429 582 2486 in
606 2428 741 2506 pelagus.
788 2426 933 2487 stabilitis
964 2445 1038 2504 ergo
1060 2427 1185 2487 naribus
1216 2444 1308 2487 reuc-

129 2540 201 2593 runt
223 2535 254 2593 in
277 2532 397 2611 scaphis
420 2532 457 2594 ad
480 2540 615 2594 nostram
645 2534 764 2612 galeam
792 2533 957 2610 capitanei,
991 2531 1146 2603 eonsules,
1180 2533 1308 2610 patroni,

129 2634 243 2697 domini
274 2644 305 2698 et
327 2637 636 2716 singuligentilhomi
666 2639 841 2697 classium
873 2636 1017 2714 praelecti
1046 2644 1079 2696 et
1102 2637 1309 2697 salutaverunt

129 2742 321 2818 capitaneum
356 2740 461 2801 classis
495 2747 618 2802 nostrae
652 2747 682 2801 ct
705 2741 799 2801 hlium
823 2740 956 2800 consulis
979 2758 1071 2818 super
1091 2750 1191 2802 morte
1213 2743 1308 2820 patris

128 2845 174 2904 sui
199 2845 345 2904 consolati
368 2853 447 2906 suut.
493 2844 527 2905 ln
550 2853 648 2906 artum
670 2853 773 2906 autem
806 2845 966 2906 consilium
1002 2845 1195 2907 considentes
1226 2853 1306 2907 trac·

126 2952 266 3008 taverunt
296 2947 334 3008 dc
367 2951 430 3010 suis
453 2950 601 3027 negotiis,
637 2957 668 3009 et
699 2950 789 3010 simul
821 2949 963 3010 Venetiae
997 2949 1221 3012 descendentes
1251 2950 1305 3012 de·

126 3049 327 3112 liberaverunt
349 3055 380 3114 in
402 3052 455 3114 illo
478 3060 568 3132 portu
589 3070 727 3124 manere,
752 3072 911 3134 quousque
940 3058 1020 3117 scuti
1050 3058 1155 3118 mutati
1183 3055 1304 3118 tuerint.

126 3152 215 3215 Multi
240 3162 341 3216 antem
364 3158 508 3236 putabant
531 3165 561 3219 et
583 3159 746 3231 timebant,
781 3159 862 3238 qnod
884 3168 946 3221 tota
978 3161 1079 3221 hieme
1102 3178 1241 3222 essemus
1263 3162 1305 3222 ibi

127 3261 260 3319 mansuri
293 3278 390 3338 usque
420 3263 452 3321 in
478 3260 636 3334 Martium,
666 3265 743 3325 sicut
766 3282 858 3344 saepe
881 3267 965 3343 prius
986 3266 1100 3326 tactum
1123 3266 1189 3326 luit,
1234 3266 1304 3326 llis·

125 3364 284 3440 posuimus
318 3381 391 3442 ergo
425 3381 482 3425 nos
505 3360 561 3445 (1))
591 3373 745 3445 tamquam
773 3367 887 3428 diutius
919 3371 949 3428 iu
979 3368 1048 3429 loco
1078 3368 1131 3429 illo
1160 3369 1304 3429 mansuri,

126 3464 232 3538 Qualis
256 3473 358 3528 autem
379 3468 465 3528 locus
489 3471 544 3541 sit,
567 3474 726 3551 sequeutia
749 3471 952 3533 declarabunt.

526 3572 548 3634 1³
549 3575 605 3634 luit
618 3593 717 3636 nonus
733 3573 902 3636 Tractatns.
