2902 4710
750 139 815 210 aet

195 320 242 382 bis
266 318 390 390 dicitur,
412 315 494 394 quod
515 317 671 378 nocturnis
686 318 874 395 temporibus
888 316 991 377 littora
1015 322 1123 395 petunt
1145 333 1241 399 seque
1268 324 1379 382 contra

196 424 317 486 coelum
349 423 488 503 gperiunt
521 421 615 481 etita
646 436 682 481 er
705 419 833 481 coelesti
863 437 931 481 rore
961 421 1150 499 concipiunt,
1183 420 1263 484 undo
1290 429 1378 486 certo

196 526 428 612 temporcquni
459 525 609 603 recipiunt
632 530 664 589 at
687 529 833 604 appetunt
856 542 975 597 rorem,
1009 526 1088 586 sicut
1110 524 1242 587 foemina
1266 528 1376 600 virum,

197 639 228 694 et
250 622 501 721 rorisgdesiderio
532 629 615 690 hiant
645 635 675 690 et
698 628 838 690 hauriunt
866 629 1026 689 bumorem
1049 629 1198 708 cupitum,
1232 632 1376 710 quotiens

197 718 549 845 autem·ad'rigmatutini
565 749 672 793 semen
688 731 852 810 excipitur,
875 731 908 792 fit
923 733 1081 810 margarita
1097 733 1222 805 clarior,
1245 750 1377 813 uespere

196 816 321 921 acceffla
341 820 382 909 d't‘
397 837 562 943 obscuri*⁴
608 834 641 896 ln
664 835 812 914 aliquibus
835 836 945 897 ostreis
968 837 1192 915 pretiosissima
1214 838 1377 917 margarita

195 924 371 1019 naturaliter
393 947 440 1003 est
462 926 677 1039 Qquae
700 940 791 1001 maris
815 955 892 1017 aqua
923 940 955 999 in
985 955 1021 1001 ea
1043 939 1203 1013 solidatur,
1236 948 1268 1002 et
1298 942 1377 1003 baec

195 1046 355 1129 difficulter
378 1045 457 1125 apud
479 1040 573 1124 rm
590 1045 752 1105 invenitur.
789 1042 900 1105 Testae
923 1051 985 1106 tam
1007 1046 1138 1124 ingentis
1160 1044 1376 1125 magnitudinis

194 1155 225 1214 in
250 1136 396 1230 aliqudma
420 1151 510 1227 maris
532 1148 683 1209 littoribus
706 1149 915 1226 reperiuntur,
949 1155 984 1210 ut
1006 1148 1130 1211 domum
1159 1168 1221 1211 non
1249 1166 1375 1230 parvam

195 1232 357 1335 multqqum
381 1270 567 1316 camerarum
591 1257 733 1328 contegat
777 1267 832 1323 oa,
857 1258 888 1312 et
909 1252 940 1312 in
963 1250 1110 1331 aliquibus
1125 1253 1298 1333 regionibus
1322 1270 1375 1315 na·

194 1361 265 1439 vigil
288 1338 355 1420 loco
386 1359 433 1420 his
463 1364 589 1418 utuntur
619 1269 909 1467 cysfflecitat
942 1356 1034 1418 irater
1057 1356 1224 1431 Odoricus,
1258 1358 1375 1421 ordinis

194 1461 355 1543 Minorem,
379 1460 461 1540 quod
483 1460 598 1522 viderit.
612 1461 642 1520 in
658 1434 828 1545 pmvi'fi'cioa
845 1461 984 1531 orientis,
1009 1460 1137 1540 Campra
1160 1460 1257 1534 dicta,
1280 1480 1375 1525 unam

194 1550 395 1637 confflem,
418 1563 563 1642 majorem
586 1560 690 1635 trullo,
714 1552 768 1624 seu
786 1552 881 1643 cappa
896 1566 1045 1626 ecclesiae
1060 1565 1091 1626 S.
1104 1563 1227 1627 Antonii
1241 1565 1373 1628 Paduae.

195 1636 276 1775 Sag
290 1688 363 1749 ergo
389 1668 571 1748 aliquamdiu
595 1673 626 1728 et
648 1668 800 1729 venationi
822 1668 866 1728 illi
889 1669 1079 1747 respiciendo
1094 1676 1215 1748 tempus
1238 1668 1318 1741 dedi,
1342 1675 1374 1731 et

193 1770 324 1839 indeed
347 1773 404 1835 alia
427 1774 491 1834 looa
514 1777 656 1851 evagatus
679 1789 762 1843 sum,
785 1777 819 1832 ut
841 1777 924 1852 patet
937 1773 968 1833 in
983 1771 1187 1852 descriptione
1202 1772 1372 1835 Parentiae.

280 1877 419 1939 Parentia
439 1875 605 1937 Dalmatiae
640 1882 670 1937 et
691 1873 822 1936 Histriae
857 1877 962 1937 civitas
985 1878 1188 1938 vetustissima
1221 1876 1295 2040 qim
1317 1875 1374 1938 Pa·

195 1981 297 2045 radina
320 1980 376 2041 luit
399 1978 482 2040 dicta
502 1997 519 2040 a
541 1978 647 2040 Paride
670 1976 810 2054 Trojano.
840 1978 897 2041 llic
921 1982 1001 2041 enim
1023 1978 1105 2041 Paris
1136 1998 1206 2040 cum
1255 1980 1375 2041 elenam

196 2087 341 2148 Graeciae
365 2087 499 2162 reginam
521 2090 640 2162 raptum
663 2089 821 2161 pergeret,
856 2101 978 2146 omnem
1001 2102 1087 2147 suam
1111 2084 1240 2145 classem
1262 2085 1295 2144 in
1317 2084 1375 2145 bac

194 2191 316 2257 civitate
340 2189 436 2267 aptari
456 2186 546 2258 iecit,
580 2191 703 2246 etcum
735 2186 800 2263 ipsa
822 2184 937 2248 Helena
969 2194 1055 2268 rapta
1082 2187 1154 2248 illuo
1182 2186 1220 2248 de
1245 2184 1375 2249 Graecia

193 2270 332 2359 affiersua
371 2298 502 2369 votoque
536 2291 649 2369 potitus
681 2295 803 2368 portum
838 2288 1005 2375 aediilcavit
1040 2298 1071 2353 et
1103 2290 1248 2371 oppidum
1282 2294 1374 2389 eique

194 2417 305 2460 nomen
328 2414 416 2458 suum
439 2394 537 2467 dedit,
560 2392 641 2455 unde
664 2392 753 2455 hodie
776 2391 908 2455 Parenna
929 2393 1054 2469 dicitur,
1078 2403 1109 2458 et
1131 2403 1178 2458 est
1200 2397 1256 2459 sub
1272 2396 1373 2460 Vene-

194 2511 294 2566 torum
316 2501 444 2572 ditione,
468 2500 547 2560 sicut
570 2497 646 2558 aliae
670 2499 805 2561 civitates
828 2497 977 2570 Histriae,
1000 2505 1035 2562 ut
1057 2498 1254 2580 Justinopolis
1278 2517 1297 2562 a
1320 2499 1372 2563 Ju-

193 2609 273 2668 stino
289 2602 423 2667 secundo
440 2602 593 2674 condicta,
618 2622 708 2683 quarn
723 2604 831 2666 Veneti
847 2609 1027 2683 receperunt
1044 2621 1121 2666 anuo
1137 2603 1260 2667 Domini
1278 2602 1371 2671 1129.

194 2711 245 2772 Est
270 2717 371 2773 autem
394 2708 532 2770 Parentis
554 2726 660 2787 parva,
683 2712 756 2770 satis
780 2711 912 2782 munita,
935 2711 1050 2788 optimo
1072 2709 1138 2769 solo
1161 2711 1277 2789 posita,
1300 2728 1373 2773 nam

195 2831 212 2876 a
235 2821 320 2894 parte
335 2815 426 2874 maris
449 2813 574 2891 rupibus
597 2818 629 2872 et
651 2813 784 2892 scopulis
808 2814 976 2891 protegitur
995 2812 1231 2892 aprocellarum
1245 2815 1373 2894 impetu,

194 2935 213 2978 a
241 2925 325 2997 parte
350 2924 531 2979 veroterrae
561 2915 754 2978 fertilissimis
779 2916 906 2979 collibus
937 2925 985 2980 est
1019 2916 1204 2983 circumdata
1226 2924 1258 2980 et
1287 2917 1372 2981 silvis

195 3022 342 3083 olivarum
365 3023 463 3083 cincta
485 3039 540 3100 per
562 3016 669 3100 gyrum
702 3023 816 3082 amari
846 3039 944 3101 usque
974 3021 1011 3084 ad
1042 3040 1133 3084 mare.
1179 3021 1212 3083 ln
1233 3026 1301 3101 ipsa
1325 3029 1373 3083 est

195 3124 325 3185 ecclesia
348 3124 529 3203 episcopalis
553 3142 623 3184 cum
645 3126 798 3185 canonicis
822 3132 852 3186 et
875 3126 1009 3200 clericis,
1031 3129 1062 3189 in
1087 3145 1145 3206 qua
1158 3128 1276 3208 positae
1300 3131 1372 3186 sunt

194 3228 306 3291 multae
328 3229 474 3306 reliquiae
499 3234 528 3289 et
544 3227 725 3290 Sanctorum
752 3246 888 3309 corpora.
918 3229 952 3292 ln
974 3230 1081 3309 majori
1103 3231 1188 3293 altari
1210 3229 1374 3311 quieseunt

194 3335 290 3396 saneti
310 3339 457 3410 martyres
473 3332 644 3395 Demetrius
667 3342 699 3394 et
721 3333 866 3396 Julianus.
907 3333 940 3396 ln
963 3333 1021 3396 alio
1044 3334 1129 3396 altari
1151 3340 1220 3395 ante
1243 3331 1373 3393 chorum

194 3445 366 3501 sanctarum
389 3438 537 3517 virginum
560 3436 668 3498 Bartae
702 3445 734 3499 et
755 3436 902 3501 Acolitao.
946 3436 980 3499 ln
1013 3436 1120 3499 eadem
1147 3436 1278 3498 ecclesia
1299 3441 1372 3497 ante

193 3560 289 3622 pauca
311 3547 448 3621 lempora
470 3547 645 3602 sanctorum
677 3547 842 3620 martyrum
864 3538 964 3602 Mauri
998 3547 1029 3602 et
1050 3541 1215 3603 Eleutherii
1242 3556 1372 3618 corpora

195 3648 389 3724 quieveruut,
423 3645 476 3708 aed
508 3662 563 3723 par
587 3644 766 3707 Genuenses
794 3643 865 3705 inde
895 3651 1046 3723 asportata
1069 3643 1206 3707 Genuum
1227 3642 1372 3706 translata

193 3747 323 3810 fuerunt.
368 3749 527 3810 Narratum
550 3766 670 3827 quoque
692 3748 780 3810 nobis
802 3749 859 3810 fuit
880 3766 935 3827 pro
959 3756 1061 3822 certo,
1084 3749 1255 3831 quodcum
1277 3745 1371 3809 iidem

195 3852 374 3914 Genuenses
398 3851 477 3913 aliud
499 3851 650 3930 quoddam
666 3853 759 3913 altare
775 3858 945 3914 tentassent
967 3851 1138 3932 effringere,
1161 3854 1261 3914 animo
1276 3868 1371 3930 quae·

92 4008 97 4017 ,
194 3956 265 4018 dam
287 3960 457 4014 sanctorum
481 3971 608 4032 corpora
629 3954 700 4017 inde
723 3957 909 4035 recipiendi,
945 3975 1014 4020 mox
1042 3959 1166 4038 sanguis
1188 3959 1373 4022 miraculose

194 4077 232 4122 er
255 4075 292 4120 eo
316 4058 401 4120 altari
423 4056 578 4139 proilurit,
602 4056 689 4135 cujm
711 4059 802 4122 bodie
825 4066 898 4122 aunt
912 4061 954 4123 ibi
968 4062 1097 4141 vestigia
1112 4059 1265 4134 derelicta,
1287 4061 1372 4126 uude

194 4164 450 4245 territiraptores
472 4161 662 4243 aufugerunt
691 4162 813 4229 Fratres
827 4166 962 4239 minoren
984 4166 1078 4229 etiam
1099 4166 1212 4230 babent
1231 4165 1275 4233 tbi
1296 4184 1372 4231 oon·
