<?xml version="1.0" encoding="UTF-8"?>
<!DOCTYPE html PUBLIC "-//W3C//DTD XHTML 1.0 Transitional//EN"
    "http://www.w3.org/TR/xhtml1/DTD/xhtml1-transitional.dtd">
<html xmlns="http://www.w3.org/1999/xhtml" xml:lang="en" lang="en">
 <head>
  <title>
</title>
<meta http-equiv="Content-Type" content="text/html;charset=utf-8" />
  <meta name='ocr-system' content='tesseract 3.04.00' />
  <meta name='ocr-capabilities' content='ocr_page ocr_carea ocr_par ocr_line ocrx_word'/>
</head>
<body>
  <div class='ocr_page' id='page_1' title='image "./fratrisfelicisf00fabrgoog_0037.png"; bbox 0 0 2874 4770; ppageno 0'>
   <div class='ocr_carea' id='block_1_1' title="bbox 687 160 732 231">
    <p class='ocr_par' dir='ltr' id='par_1_1' title="bbox 687 160 732 231">
     <span class='ocr_line' id='line_1_1' title="bbox 687 160 732 231; baseline 0 0"><span class='ocrx_word' id='word_1_1' title='bbox 687 160 732 231; x_wconf 71' lang='grc'><strong>32</strong></span> 
     </span>
    </p>
   </div>
   <div class='ocr_carea' id='block_1_2' title="bbox 118 333 1309 2795">
    <p class='ocr_par' dir='ltr' id='par_1_2' title="bbox 122 333 1303 832">
     <span class='ocr_line' id='line_1_2' title="bbox 122 333 1301 417; baseline -0.003 -14"><span class='ocrx_word' id='word_1_2' title='bbox 122 342 202 404; x_wconf 88' lang='lat' dir='ltr'><strong>sicut</strong></span> <span class='ocrx_word' id='word_1_3' title='bbox 223 339 330 409; x_wconf 88' lang='lat' dir='ltr'><strong>bomo,</strong></span> <span class='ocrx_word' id='word_1_4' title='bbox 353 343 385 398; x_wconf 89' lang='lat' dir='ltr'><strong>et</strong></span> <span class='ocrx_word' id='word_1_5' title='bbox 407 336 445 399; x_wconf 91' lang='lat' dir='ltr'><strong>ad</strong></span> <span class='ocrx_word' id='word_1_6' title='bbox 466 335 633 417; x_wconf 79' lang='lat' dir='ltr'>quemlibet</span> <span class='ocrx_word' id='word_1_7' title='bbox 662 333 701 396; x_wconf 94' lang='lat' dir='ltr'><strong>de</strong></span> <span class='ocrx_word' id='word_1_8' title='bbox 730 334 992 398; x_wconf 72' lang='lat' dir='ltr'>circumstantibus</span> <span class='ocrx_word' id='word_1_9' title='bbox 1020 336 1178 408; x_wconf 76' lang='lat' dir='ltr'><strong>transivit,</strong></span> <span class='ocrx_word' id='word_1_10' title='bbox 1202 343 1301 400; x_wconf 85' lang='lat' dir='ltr'><strong>exten·</strong></span> 
     </span>
     <span class='ocr_line' id='line_1_3' title="bbox 122 436 1303 520; baseline -0.002 -15"><span class='ocrx_word' id='word_1_11' title='bbox 122 440 200 506; x_wconf 88' lang='lat' dir='ltr'><strong>dens</strong></span> <span class='ocrx_word' id='word_1_12' title='bbox 222 459 363 512; x_wconf 91' lang='lat' dir='ltr'><strong>manum,</strong></span> <span class='ocrx_word' id='word_1_13' title='bbox 397 440 553 520; x_wconf 91' lang='lat' dir='ltr'><strong>postulans</strong></span> <span class='ocrx_word' id='word_1_14' title='bbox 586 436 743 510; x_wconf 87' lang='lat' dir='ltr'><strong>denarios,</strong></span> <span class='ocrx_word' id='word_1_15' title='bbox 775 444 807 500; x_wconf 88' lang='lat' dir='ltr'><strong>et</strong></span> <span class='ocrx_word' id='word_1_16' title='bbox 836 445 979 518; x_wconf 88' lang='lat' dir='ltr'><strong>acceptos</strong></span> <span class='ocrx_word' id='word_1_17' title='bbox 1007 439 1053 499; x_wconf 92' lang='lat' dir='ltr'><strong>ori</strong></span> <span class='ocrx_word' id='word_1_18' title='bbox 1077 440 1242 518; x_wconf 81' lang='lat' dir='ltr'><strong>imposuit,</strong></span> <span class='ocrx_word' id='word_1_19' title='bbox 1276 449 1303 503; x_wconf 92' lang='lat' dir='ltr'><strong>et</strong></span> 
     </span>
     <span class='ocr_line' id='line_1_4' title="bbox 124 541 1303 622; baseline 0 -15"><span class='ocrx_word' id='word_1_20' title='bbox 124 545 261 607; x_wconf 75' lang='lat' dir='ltr'><strong>collectis</strong></span> <span class='ocrx_word' id='word_1_21' title='bbox 285 543 416 606; x_wconf 90' lang='lat' dir='ltr'><strong>denariis</strong></span> <span class='ocrx_word' id='word_1_22' title='bbox 440 541 478 604; x_wconf 95' lang='lat' dir='ltr'><strong>ad</strong></span> <span class='ocrx_word' id='word_1_23' title='bbox 500 542 677 621; x_wconf 89' lang='lat' dir='ltr'><strong>magistrum</strong></span> <span class='ocrx_word' id='word_1_24' title='bbox 700 560 789 603; x_wconf 90' lang='lat' dir='ltr'><strong>auum</strong></span> <span class='ocrx_word' id='word_1_25' title='bbox 812 560 866 604; x_wconf 91' lang='lat' dir='ltr'><strong>ecs</strong></span> <span class='ocrx_word' id='word_1_26' title='bbox 886 541 1006 606; x_wconf 85' lang='lat' dir='ltr'><strong>detulit.</strong></span> <span class='ocrx_word' id='word_1_27' title='bbox 1051 542 1218 622; x_wconf 85' lang='lat' dir='ltr'><strong>Nunquam</strong></span> <span class='ocrx_word' id='word_1_28' title='bbox 1247 546 1303 608; x_wconf 91' lang='lat' dir='ltr'><strong>vidi</strong></span> 
     </span>
     <span class='ocr_line' id='line_1_5' title="bbox 123 643 1302 722; baseline 0 -11"><span class='ocrx_word' id='word_1_29' title='bbox 123 649 252 711; x_wconf 81' lang='lat' dir='ltr'><strong>bostiam</strong></span> <span class='ocrx_word' id='word_1_30' title='bbox 274 649 316 709; x_wconf 91' lang='lat' dir='ltr'><strong>ita</strong></span> <span class='ocrx_word' id='word_1_31' title='bbox 347 643 565 709; x_wconf 75' lang='lat' dir='ltr'><strong>rationabiliter</strong></span> <span class='ocrx_word' id='word_1_32' title='bbox 596 649 746 722; x_wconf 88' lang='lat' dir='ltr'><strong>agentem.</strong></span> <span class='ocrx_word' id='word_1_33' title='bbox 791 643 879 705; x_wconf 85' lang='lat' dir='ltr'><strong>Plura</strong></span> <span class='ocrx_word' id='word_1_34' title='bbox 911 644 968 706; x_wconf 92' lang='lat' dir='ltr'><strong>alia</strong></span> <span class='ocrx_word' id='word_1_35' title='bbox 996 644 1128 707; x_wconf 88' lang='lat' dir='ltr'><strong>vidimus</strong></span> <span class='ocrx_word' id='word_1_36' title='bbox 1162 648 1220 710; x_wconf 84' lang='lat' dir='ltr'><strong>hac</strong></span> <span class='ocrx_word' id='word_1_37' title='bbox 1248 649 1302 722; x_wconf 87' lang='lat' dir='ltr'><strong>die,</strong></span> 
     </span>
     <span class='ocr_line' id='line_1_6' title="bbox 123 745 1053 832; baseline -0.005 -19"><span class='ocrx_word' id='word_1_38' title='bbox 123 768 203 832; x_wconf 87' lang='lat' dir='ltr'><strong>qnae</strong></span> <span class='ocrx_word' id='word_1_39' title='bbox 225 756 406 831; x_wconf 78' lang='lat' dir='ltr'><strong>procurante</strong></span> <span class='ocrx_word' id='word_1_40' title='bbox 429 746 639 826; x_wconf 83' lang='lat' dir='ltr'><strong>Tanguardino</strong></span> <span class='ocrx_word' id='word_1_41' title='bbox 661 746 784 810; x_wconf 88' lang='lat' dir='ltr'><strong>inerunt</strong></span> <span class='ocrx_word' id='word_1_42' title='bbox 805 748 891 810; x_wconf 91' lang='lat' dir='ltr'><strong>nobis</strong></span> <span class='ocrx_word' id='word_1_43' title='bbox 914 745 1053 809; x_wconf 87' lang='lat' dir='ltr'><strong>adducta.</strong></span> 
     </span>
    </p>

    <p class='ocr_par' dir='ltr' id='par_1_3' title="bbox 118 849 1309 2795">
     <span class='ocr_line' id='line_1_7' title="bbox 118 849 1302 938; baseline 0.002 -21"><span class='ocrx_word' id='word_1_44' title='bbox 118 930 123 938; x_wconf 17' lang='grc' dir='ltr'>ὴ</span> <span class='ocrx_word' id='word_1_45' title='bbox 211 855 336 917; x_wconf 88' lang='lat' dir='ltr'><strong>Decima</strong></span> <span class='ocrx_word' id='word_1_46' title='bbox 358 852 425 925; x_wconf 91' lang='lat' dir='ltr'><strong>die,</strong></span> <span class='ocrx_word' id='word_1_47' title='bbox 449 850 528 913; x_wconf 87' lang='lat' dir='ltr'><strong>dicta</strong></span> <span class='ocrx_word' id='word_1_48' title='bbox 550 852 658 921; x_wconf 89' lang='lat' dir='ltr'><strong>missa,</strong></span> <span class='ocrx_word' id='word_1_49' title='bbox 680 852 764 911; x_wconf 89' lang='lat' dir='ltr'><strong>venit</strong></span> <span class='ocrx_word' id='word_1_50' title='bbox 786 849 824 912; x_wconf 90' lang='lat' dir='ltr'><strong>ad</strong></span> <span class='ocrx_word' id='word_1_51' title='bbox 848 868 904 912; x_wconf 92' lang='lat' dir='ltr'><strong>nos</strong></span> <span class='ocrx_word' id='word_1_52' title='bbox 925 856 1030 912; x_wconf 90' lang='lat' dir='ltr'><strong>noster</strong></span> <span class='ocrx_word' id='word_1_53' title='bbox 1056 851 1198 927; x_wconf 80' lang='lat' dir='ltr'><strong>culinus,</strong></span> <span class='ocrx_word' id='word_1_54' title='bbox 1233 856 1302 919; x_wconf 91' lang='lat' dir='ltr'><strong>duc·</strong></span> 
     </span>
     <span class='ocr_line' id='line_1_8' title="bbox 124 951 1301 1033; baseline -0.001 -11"><span class='ocrx_word' id='word_1_55' title='bbox 124 964 173 1022; x_wconf 88' lang='lat' dir='ltr'><strong>tor</strong></span> <span class='ocrx_word' id='word_1_56' title='bbox 195 958 233 1020; x_wconf 88' lang='lat' dir='ltr'><strong>de</strong></span> <span class='ocrx_word' id='word_1_57' title='bbox 255 957 439 1030; x_wconf 83' lang='lat' dir='ltr'><strong>Jerusalem,</strong></span> <span class='ocrx_word' id='word_1_58' title='bbox 469 962 501 1017; x_wconf 90' lang='lat' dir='ltr'><strong>et</strong></span> <span class='ocrx_word' id='word_1_59' title='bbox 530 954 647 1033; x_wconf 86' lang='lat' dir='ltr'><strong>recepit</strong></span> <span class='ocrx_word' id='word_1_60' title='bbox 679 953 833 1015; x_wconf 76' lang='lat' dir='ltr'><strong>licentiam</strong></span> <span class='ocrx_word' id='word_1_61' title='bbox 861 951 1025 1016; x_wconf 84' lang='lat' dir='ltr'><strong>recedendi</strong></span> <span class='ocrx_word' id='word_1_62' title='bbox 1048 973 1065 1016; x_wconf 91' lang='lat' dir='ltr'><strong>a</strong></span> <span class='ocrx_word' id='word_1_63' title='bbox 1087 957 1178 1019; x_wconf 89' lang='lat' dir='ltr'><strong>nubis</strong></span> <span class='ocrx_word' id='word_1_64' title='bbox 1202 966 1235 1020; x_wconf 89' lang='lat' dir='ltr'><strong>et</strong></span> <span class='ocrx_word' id='word_1_65' title='bbox 1258 978 1301 1021; x_wconf 92' lang='lat' dir='ltr'><strong>re·</strong></span> 
     </span>
     <span class='ocr_line' id='line_1_9' title="bbox 123 1057 1302 1136; baseline -0.002 -10"><span class='ocrx_word' id='word_1_66' title='bbox 123 1061 244 1126; x_wconf 90' lang='lat' dir='ltr'><strong>meandi</strong></span> <span class='ocrx_word' id='word_1_67' title='bbox 266 1064 298 1124; x_wconf 90' lang='lat' dir='ltr'><strong>in</strong></span> <span class='ocrx_word' id='word_1_68' title='bbox 319 1069 431 1122; x_wconf 86' lang='lat' dir='ltr'><strong>terram</strong></span> <span class='ocrx_word' id='word_1_69' title='bbox 450 1057 613 1128; x_wconf 61' lang='lat' dir='ltr'><strong>‘sanctam3</strong></span> <span class='ocrx_word' id='word_1_70' title='bbox 645 1064 789 1118; x_wconf 87' lang='lat' dir='ltr'><strong>venerant</strong></span> <span class='ocrx_word' id='word_1_71' title='bbox 818 1059 898 1118; x_wconf 91' lang='lat' dir='ltr'><strong>enim</strong></span> <span class='ocrx_word' id='word_1_72' title='bbox 926 1057 1048 1136; x_wconf 87' lang='lat' dir='ltr'><strong>quidam</strong></span> <span class='ocrx_word' id='word_1_73' title='bbox 1077 1059 1241 1122; x_wconf 89' lang='lat' dir='ltr'><strong>Sarraceni</strong></span> <span class='ocrx_word' id='word_1_74' title='bbox 1268 1061 1302 1124; x_wconf 84' lang='lat' dir='ltr'><strong>de</strong></span> 
     </span>
     <span class='ocr_line' id='line_1_10' title="bbox 122 1157 1302 1242; baseline -0.002 -14"><span class='ocrx_word' id='word_1_75' title='bbox 122 1163 243 1239; x_wconf 77' lang='lat' dir='ltr'><strong>Africa,</strong></span> <span class='ocrx_word' id='word_1_76' title='bbox 265 1158 593 1227; x_wconf 79' lang='lat' dir='ltr'><strong>volentesasccndere</strong></span> <span class='ocrx_word' id='word_1_77' title='bbox 608 1157 778 1222; x_wconf 83' lang='lat' dir='ltr'><strong>Jerusalem</strong></span> <span class='ocrx_word' id='word_1_78' title='bbox 799 1161 830 1222; x_wconf 93' lang='lat' dir='ltr'><strong>in</strong></span> <span class='ocrx_word' id='word_1_79' title='bbox 853 1161 1014 1242; x_wconf 87' lang='lat' dir='ltr'><strong>templum,</strong></span> <span class='ocrx_word' id='word_1_80' title='bbox 1037 1178 1115 1240; x_wconf 86' lang='lat' dir='ltr'><strong>quos</strong></span> <span class='ocrx_word' id='word_1_81' title='bbox 1131 1165 1302 1228; x_wconf 85' lang='lat' dir='ltr'><strong>conducere</strong></span> 
     </span>
     <span class='ocr_line' id='line_1_11' title="bbox 124 1264 1302 1341; baseline -0.002 -8"><span class='ocrx_word' id='word_1_82' title='bbox 124 1267 253 1334; x_wconf 88' lang='lat' dir='ltr'><strong>volebat.</strong></span> <span class='ocrx_word' id='word_1_83' title='bbox 298 1266 533 1328; x_wconf 89' lang='lat' dir='ltr'><strong>Licentiavimus</strong></span> <span class='ocrx_word' id='word_1_84' title='bbox 556 1280 629 1341; x_wconf 91' lang='lat' dir='ltr'><strong>ergo</strong></span> <span class='ocrx_word' id='word_1_85' title='bbox 658 1264 771 1334; x_wconf 91' lang='lat' dir='ltr'><strong>virum,</strong></span> <span class='ocrx_word' id='word_1_86' title='bbox 807 1270 840 1325; x_wconf 90' lang='lat' dir='ltr'><strong>et</strong></span> <span class='ocrx_word' id='word_1_87' title='bbox 861 1282 922 1325; x_wconf 91' lang='lat' dir='ltr'><strong>non</strong></span> <span class='ocrx_word' id='word_1_88' title='bbox 943 1266 1009 1326; x_wconf 87' lang='lat' dir='ltr'><strong>sine</strong></span> <span class='ocrx_word' id='word_1_89' title='bbox 1032 1264 1143 1327; x_wconf 89' lang='lat' dir='ltr'><strong>dolore</strong></span> <span class='ocrx_word' id='word_1_90' title='bbox 1165 1275 1198 1329; x_wconf 93' lang='lat' dir='ltr'><strong>et</strong></span> <span class='ocrx_word' id='word_1_91' title='bbox 1222 1288 1302 1332; x_wconf 90' lang='lat' dir='ltr'><strong>moe·</strong></span> 
     </span>
     <span class='ocr_line' id='line_1_12' title="bbox 124 1366 1304 1440; baseline -0.001 -4"><span class='ocrx_word' id='word_1_92' title='bbox 124 1392 194 1436; x_wconf 89' lang='lat' dir='ltr'><strong>rore</strong></span> <span class='ocrx_word' id='word_1_93' title='bbox 225 1389 296 1434; x_wconf 89' lang='lat' dir='ltr'><strong>eum</strong></span> <span class='ocrx_word' id='word_1_94' title='bbox 326 1387 343 1431; x_wconf 90' lang='lat' dir='ltr'><strong>a</strong></span> <span class='ocrx_word' id='word_1_95' title='bbox 373 1369 461 1431; x_wconf 92' lang='lat' dir='ltr'><strong>nobis</strong></span> <span class='ocrx_word' id='word_1_96' title='bbox 490 1368 638 1428; x_wconf 90' lang='lat' dir='ltr'><strong>misimus.</strong></span> <span class='ocrx_word' id='word_1_97' title='bbox 693 1366 836 1440; x_wconf 88' lang='lat' dir='ltr'><strong>Quamvis</strong></span> <span class='ocrx_word' id='word_1_98' title='bbox 877 1369 958 1429; x_wconf 89' lang='lat' dir='ltr'><strong>enim</strong></span> <span class='ocrx_word' id='word_1_99' title='bbox 986 1374 1070 1429; x_wconf 90' lang='lat' dir='ltr'><strong>esset</strong></span> <span class='ocrx_word' id='word_1_100' title='bbox 1103 1372 1247 1435; x_wconf 90' lang='lat' dir='ltr'><strong>ethnicus</strong></span> <span class='ocrx_word' id='word_1_101' title='bbox 1276 1381 1304 1434; x_wconf 88' lang='lat' dir='ltr'><strong>et</strong></span> 
     </span>
     <span class='ocr_line' id='line_1_13' title="bbox 124 1470 1303 1564; baseline 0 -26"><span class='ocrx_word' id='word_1_102' title='bbox 124 1477 262 1556; x_wconf 86' lang='lat' dir='ltr'><strong>gentilis,</strong></span> <span class='ocrx_word' id='word_1_103' title='bbox 295 1475 463 1535; x_wconf 91' lang='lat' dir='ltr'><strong>obstinatus</strong></span> <span class='ocrx_word' id='word_1_104' title='bbox 484 1472 685 1542; x_wconf 87' lang='lat' dir='ltr'><strong>Sarracenus,</strong></span> <span class='ocrx_word' id='word_1_105' title='bbox 718 1471 774 1533; x_wconf 89' lang='lat' dir='ltr'><strong>init</strong></span> <span class='ocrx_word' id='word_1_106' title='bbox 796 1478 898 1534; x_wconf 89' lang='lat' dir='ltr'><strong>tamen</strong></span> <span class='ocrx_word' id='word_1_107' title='bbox 920 1470 1033 1564; x_wconf 84' lang='lat' dir='ltr'><strong>probus</strong></span> <span class='ocrx_word' id='word_1_108' title='bbox 1056 1479 1088 1533; x_wconf 89' lang='lat' dir='ltr'><strong>at</strong></span> <span class='ocrx_word' id='word_1_109' title='bbox 1108 1473 1303 1538; x_wconf 89' lang='lat' dir='ltr'><strong>fidelissimus</strong></span> 
     </span>
     <span class='ocr_line' id='line_1_14' title="bbox 127 1575 1303 1658; baseline 0.001 -18"><span class='ocrx_word' id='word_1_110' title='bbox 127 1578 302 1640; x_wconf 84' lang='lat' dir='ltr'><strong>Christianis</strong></span> <span class='ocrx_word' id='word_1_111' title='bbox 325 1584 355 1637; x_wconf 93' lang='lat' dir='ltr'><strong>et</strong></span> <span class='ocrx_word' id='word_1_112' title='bbox 378 1577 434 1637; x_wconf 92' lang='lat' dir='ltr'><strong>sibi</strong></span> <span class='ocrx_word' id='word_1_113' title='bbox 457 1577 627 1637; x_wconf 90' lang='lat' dir='ltr'><strong>commissis</strong></span> <span class='ocrx_word' id='word_1_114' title='bbox 651 1577 828 1655; x_wconf 90' lang='lat' dir='ltr'><strong>peregrinis.</strong></span> <span class='ocrx_word' id='word_1_115' title='bbox 874 1575 919 1636; x_wconf 88' lang='lat' dir='ltr'><strong>De</strong></span> <span class='ocrx_word' id='word_1_116' title='bbox 953 1575 1013 1637; x_wconf 87' lang='lat' dir='ltr'><strong>hoc</strong></span> <span class='ocrx_word' id='word_1_117' title='bbox 1034 1578 1099 1637; x_wconf 90' lang='lat' dir='ltr'><strong>viro</strong></span> <span class='ocrx_word' id='word_1_118' title='bbox 1122 1583 1303 1658; x_wconf 81' lang='lat' dir='ltr'><strong>saepissime</strong></span> 
     </span>
     <span class='ocr_line' id='line_1_15' title="bbox 125 1678 1302 1758; baseline 0.002 -16"><span class='ocrx_word' id='word_1_119' title='bbox 125 1680 204 1744; x_wconf 86' lang='lat' dir='ltr'><strong>lacta</strong></span> <span class='ocrx_word' id='word_1_120' title='bbox 234 1687 281 1742; x_wconf 89' lang='lat' dir='ltr'><strong>est</strong></span> <span class='ocrx_word' id='word_1_121' title='bbox 310 1681 422 1741; x_wconf 89' lang='lat' dir='ltr'><strong>mentio</strong></span> <span class='ocrx_word' id='word_1_122' title='bbox 451 1695 508 1757; x_wconf 85' lang='lat' dir='ltr'><strong>per</strong></span> <span class='ocrx_word' id='word_1_123' title='bbox 539 1685 634 1740; x_wconf 91' lang='lat' dir='ltr'><strong>totam</strong></span> <span class='ocrx_word' id='word_1_124' title='bbox 665 1679 948 1758; x_wconf 84' lang='lat' dir='ltr'><strong>peregrinationem.</strong></span> <span class='ocrx_word' id='word_1_125' title='bbox 993 1678 1068 1740; x_wconf 90' lang='lat' dir='ltr'><strong>Vide</strong></span> <span class='ocrx_word' id='word_1_126' title='bbox 1091 1679 1131 1741; x_wconf 90' lang='lat' dir='ltr'><strong>de</strong></span> <span class='ocrx_word' id='word_1_127' title='bbox 1155 1700 1193 1743; x_wconf 93' lang='lat' dir='ltr'><strong>eo</strong></span> <span class='ocrx_word' id='word_1_128' title='bbox 1219 1683 1251 1745; x_wconf 91' lang='lat' dir='ltr'><strong>P.</strong></span> <span class='ocrx_word' id='word_1_129' title='bbox 1277 1680 1302 1746; x_wconf 90' lang='lat'><strong>1.</strong></span> 
     </span>
     <span class='ocr_line' id='line_1_16' title="bbox 126 1781 1302 1864; baseline 0.002 -18"><span class='ocrx_word' id='word_1_130' title='bbox 126 1783 178 1846; x_wconf 85' lang='lat' dir='ltr'><strong>iol.</strong></span> <span class='ocrx_word' id='word_1_131' title='bbox 203 1781 268 1847; x_wconf 93' lang='grc'><strong>222</strong></span> <span class='ocrx_word' id='word_1_132' title='bbox 289 1781 325 1843; x_wconf 82' lang='grc' dir='ltr'><strong>Α.</strong></span> <span class='ocrx_word' id='word_1_133' title='bbox 370 1782 553 1862; x_wconf 89' lang='lat' dir='ltr'><strong>Diligentem</strong></span> <span class='ocrx_word' id='word_1_134' title='bbox 576 1782 657 1842; x_wconf 90' lang='lat' dir='ltr'><strong>enim</strong></span> <span class='ocrx_word' id='word_1_135' title='bbox 680 1798 784 1843; x_wconf 90' lang='lat' dir='ltr'><strong>curam</strong></span> <span class='ocrx_word' id='word_1_136' title='bbox 808 1781 846 1843; x_wconf 94' lang='lat' dir='ltr'><strong>de</strong></span> <span class='ocrx_word' id='word_1_137' title='bbox 869 1783 956 1844; x_wconf 92' lang='lat' dir='ltr'><strong>nobis</strong></span> <span class='ocrx_word' id='word_1_138' title='bbox 978 1782 1082 1844; x_wconf 89' lang='lat' dir='ltr'><strong>habuit</strong></span> <span class='ocrx_word' id='word_1_139' title='bbox 1096 1801 1234 1864; x_wconf 86' lang='lat' dir='ltr'><strong>semper,</strong></span> <span class='ocrx_word' id='word_1_140' title='bbox 1257 1807 1302 1848; x_wconf 92' lang='lat' dir='ltr'><strong>us-</strong></span> 
     </span>
     <span class='ocr_line' id='line_1_17' title="bbox 122 1883 1303 1968; baseline 0.001 -19"><span class='ocrx_word' id='word_1_141' title='bbox 122 1904 187 1968; x_wconf 79' lang='lat' dir='ltr'><strong>que</strong></span> <span class='ocrx_word' id='word_1_142' title='bbox 210 1889 240 1947; x_wconf 92' lang='lat' dir='ltr'><strong>in</strong></span> <span class='ocrx_word' id='word_1_143' title='bbox 272 1888 377 1948; x_wconf 91' lang='lat' dir='ltr'><strong>horam</strong></span> <span class='ocrx_word' id='word_1_144' title='bbox 410 1886 457 1946; x_wconf 91' lang='lat' dir='ltr'><strong>sui</strong></span> <span class='ocrx_word' id='word_1_145' title='bbox 488 1902 639 1947; x_wconf 81' lang='lat' dir='ltr'><strong>recessus.</strong></span> <span class='ocrx_word' id='word_1_146' title='bbox 685 1883 779 1947; x_wconf 88' lang='lat' dir='ltr'><strong>Valde</strong></span> <span class='ocrx_word' id='word_1_147' title='bbox 813 1892 915 1948; x_wconf 89' lang='lat' dir='ltr'><strong>autem</strong></span> <span class='ocrx_word' id='word_1_148' title='bbox 946 1889 1117 1966; x_wconf 81' lang='lat' dir='ltr'><strong>rogavimus</strong></span> <span class='ocrx_word' id='word_1_149' title='bbox 1151 1906 1241 1963; x_wconf 89' lang='lat' dir='ltr'><strong>eum,</strong></span> <span class='ocrx_word' id='word_1_150' title='bbox 1274 1898 1303 1952; x_wconf 89' lang='lat' dir='ltr'><strong>ut</strong></span> 
     </span>
     <span class='ocr_line' id='line_1_18' title="bbox 126 1987 1309 2069; baseline 0.002 -16"><span class='ocrx_word' id='word_1_151' title='bbox 126 1989 316 2069; x_wconf 84' lang='lat' dir='ltr'><strong>dignaretur,</strong></span> <span class='ocrx_word' id='word_1_152' title='bbox 338 1988 496 2050; x_wconf 90' lang='lat' dir='ltr'><strong>nobiscum</strong></span> <span class='ocrx_word' id='word_1_153' title='bbox 519 1987 706 2049; x_wconf 86' lang='lat' dir='ltr'><strong>descendere</strong></span> <span class='ocrx_word' id='word_1_154' title='bbox 728 1991 760 2049; x_wconf 91' lang='lat' dir='ltr'><strong>in</strong></span> <span class='ocrx_word' id='word_1_155' title='bbox 780 1987 1009 2062; x_wconf 79' lang='lat' dir='ltr'><strong>Alexandriam,</strong></span> <span class='ocrx_word' id='word_1_156' title='bbox 1040 1996 1071 2050; x_wconf 89' lang='lat' dir='ltr'><strong>et</strong></span> <span class='ocrx_word' id='word_1_157' title='bbox 1099 2009 1229 2055; x_wconf 91' lang='lat' dir='ltr'><strong>munera</strong></span> <span class='ocrx_word' id='word_1_158' title='bbox 1251 1994 1309 2055; x_wconf 65' lang='lat' dir='ltr'><strong>sibi&gt;</strong></span> 
     </span>
     <span class='ocr_line' id='line_1_19' title="bbox 125 2082 1302 2175; baseline 0.001 -20"><span class='ocrx_word' id='word_1_159' title='bbox 125 2095 337 2175; x_wconf 89' lang='lat' dir='ltr'><strong>promisimus,</strong></span> <span class='ocrx_word' id='word_1_160' title='bbox 361 2090 499 2152; x_wconf 93' lang='lat' dir='ltr'><strong>sednon</strong></span> <span class='ocrx_word' id='word_1_161' title='bbox 522 2089 715 2170; x_wconf 89' lang='lat' dir='ltr'><strong>proiecimus.</strong></span> <span class='ocrx_word' id='word_1_162' title='bbox 760 2090 858 2153; x_wconf 85' lang='lat' dir='ltr'><strong>Pudet</strong></span> <span class='ocrx_word' id='word_1_163' title='bbox 879 2110 928 2153; x_wconf 91' lang='lat' dir='ltr'><strong>me</strong></span> <span class='ocrx_word' id='word_1_164' title='bbox 952 2092 1070 2160; x_wconf 87' lang='lat' dir='ltr'><strong>dicere,</strong></span> <span class='ocrx_word' id='word_1_165' title='bbox 1093 2093 1176 2175; x_wconf 91' lang='lat' dir='ltr'><strong>quod</strong></span> <span class='ocrx_word' id='word_1_166' title='bbox 1193 2098 1226 2156; x_wconf 92' lang='lat' dir='ltr'><strong>in</strong></span> <span class='ocrx_word' id='word_1_167' title='bbox 1241 2082 1302 2172; x_wconf 88' lang='lat' dir='ltr'><strong>ejus</strong></span> 
     </span>
     <span class='ocr_line' id='line_1_20' title="bbox 127 2195 1303 2278; baseline -0.002 -18"><span class='ocrx_word' id='word_1_168' title='bbox 127 2214 252 2259; x_wconf 89' lang='lat' dir='ltr'><strong>recessu</strong></span> <span class='ocrx_word' id='word_1_169' title='bbox 275 2202 398 2277; x_wconf 88' lang='lat' dir='ltr'><strong>propter</strong></span> <span class='ocrx_word' id='word_1_170' title='bbox 420 2195 574 2255; x_wconf 89' lang='lat' dir='ltr'><strong>tristitiam</strong></span> <span class='ocrx_word' id='word_1_171' title='bbox 608 2195 700 2273; x_wconf 85' lang='lat' dir='ltr'><strong>aliqui</strong></span> <span class='ocrx_word' id='word_1_172' title='bbox 733 2197 885 2275; x_wconf 87' lang='lat' dir='ltr'><strong>peregrini</strong></span> <span class='ocrx_word' id='word_1_173' title='bbox 914 2195 1081 2257; x_wconf 90' lang='lat' dir='ltr'><strong>lachrimati</strong></span> <span class='ocrx_word' id='word_1_174' title='bbox 1111 2204 1202 2270; x_wconf 90' lang='lat' dir='ltr'><strong>sunt,</strong></span> <span class='ocrx_word' id='word_1_175' title='bbox 1239 2200 1303 2278; x_wconf 90' lang='lat' dir='ltr'><strong>quia</strong></span> 
     </span>
     <span class='ocr_line' id='line_1_21' title="bbox 128 2297 1301 2379; baseline -0.002 -16"><span class='ocrx_word' id='word_1_176' title='bbox 128 2308 193 2363; x_wconf 87' lang='lat' dir='ltr'><strong>crat</strong></span> <span class='ocrx_word' id='word_1_177' title='bbox 215 2299 300 2362; x_wconf 89' lang='lat' dir='ltr'><strong>nobis</strong></span> <span class='ocrx_word' id='word_1_178' title='bbox 324 2300 403 2360; x_wconf 90' lang='lat' dir='ltr'><strong>sicut</strong></span> <span class='ocrx_word' id='word_1_179' title='bbox 425 2303 526 2376; x_wconf 89' lang='lat' dir='ltr'><strong>pater,</strong></span> <span class='ocrx_word' id='word_1_180' title='bbox 551 2299 634 2358; x_wconf 87' lang='lat' dir='ltr'><strong>etin</strong></span> <span class='ocrx_word' id='word_1_181' title='bbox 657 2297 723 2376; x_wconf 87' lang='lat' dir='ltr'><strong>ejus</strong></span> <span class='ocrx_word' id='word_1_182' title='bbox 746 2317 871 2361; x_wconf 91' lang='lat' dir='ltr'><strong>recessu</strong></span> <span class='ocrx_word' id='word_1_183' title='bbox 895 2299 981 2378; x_wconf 89' lang='lat' dir='ltr'><strong>quasi</strong></span> <span class='ocrx_word' id='word_1_184' title='bbox 1004 2299 1101 2360; x_wconf 90' lang='lat' dir='ltr'><strong>orbati</strong></span> <span class='ocrx_word' id='word_1_185' title='bbox 1117 2307 1205 2379; x_wconf 90' lang='lat' dir='ltr'><strong>patre</strong></span> <span class='ocrx_word' id='word_1_186' title='bbox 1222 2317 1301 2361; x_wconf 90' lang='lat' dir='ltr'><strong>man·</strong></span> 
     </span>
     <span class='ocr_line' id='line_1_22' title="bbox 125 2398 1302 2484; baseline -0.004 -16"><span class='ocrx_word' id='word_1_187' title='bbox 125 2406 231 2470; x_wconf 86' lang='lat' dir='ltr'><strong>simus.</strong></span> <span class='ocrx_word' id='word_1_188' title='bbox 276 2402 349 2465; x_wconf 88' lang='lat' dir='ltr'><strong>Post</strong></span> <span class='ocrx_word' id='word_1_189' title='bbox 369 2404 428 2464; x_wconf 91' lang='lat' dir='ltr'><strong>hoc</strong></span> <span class='ocrx_word' id='word_1_190' title='bbox 451 2398 662 2465; x_wconf 87' lang='lat' dir='ltr'><strong>advocavimus</strong></span> <span class='ocrx_word' id='word_1_191' title='bbox 685 2401 903 2475; x_wconf 89' lang='lat' dir='ltr'><strong>Mamalucum,</strong></span> <span class='ocrx_word' id='word_1_192' title='bbox 934 2402 1079 2465; x_wconf 80' lang='lat' dir='ltr'><strong>famulum</strong></span> <span class='ocrx_word' id='word_1_193' title='bbox 1101 2401 1225 2474; x_wconf 87' lang='lat' dir='ltr'><strong>domus,</strong></span> <span class='ocrx_word' id='word_1_194' title='bbox 1250 2399 1302 2484; x_wconf 79' lang='lat' dir='ltr'><strong>(b)</strong></span> 
     </span>
     <span class='ocr_line' id='line_1_23' title="bbox 127 2507 1303 2590; baseline -0.006 -18"><span class='ocrx_word' id='word_1_195' title='bbox 127 2518 325 2590; x_wconf 84' lang='lat' dir='ltr'><strong>quaerentes,</strong></span> <span class='ocrx_word' id='word_1_196' title='bbox 357 2527 395 2570; x_wconf 94' lang='lat' dir='ltr'><strong>an</strong></span> <span class='ocrx_word' id='word_1_197' title='bbox 428 2509 536 2586; x_wconf 90' lang='lat' dir='ltr'><strong>aliquis</strong></span> <span class='ocrx_word' id='word_1_198' title='bbox 558 2507 750 2569; x_wconf 89' lang='lat' dir='ltr'><strong>barbitonsor</strong></span> <span class='ocrx_word' id='word_1_199' title='bbox 772 2508 960 2569; x_wconf 83' lang='lat' dir='ltr'><strong>Christianus</strong></span> <span class='ocrx_word' id='word_1_200' title='bbox 995 2513 1077 2567; x_wconf 88' lang='lat' dir='ltr'><strong>esset</strong></span> <span class='ocrx_word' id='word_1_201' title='bbox 1098 2507 1128 2566; x_wconf 94' lang='lat' dir='ltr'><strong>in</strong></span> <span class='ocrx_word' id='word_1_202' title='bbox 1151 2507 1241 2578; x_wconf 89' lang='lat' dir='ltr'><strong>urbe,</strong></span> <span class='ocrx_word' id='word_1_203' title='bbox 1274 2511 1303 2565; x_wconf 91' lang='lat' dir='ltr'><strong>et</strong></span> 
     </span>
     <span class='ocr_line' id='line_1_24' title="bbox 128 2593 1303 2693; baseline -0.008 -18"><span class='ocrx_word' id='word_1_204' title='bbox 128 2632 188 2675; x_wconf 91' lang='lat' dir='ltr'><strong>non</strong></span> <span class='ocrx_word' id='word_1_205' title='bbox 210 2615 308 2693; x_wconf 89' lang='lat' dir='ltr'><strong>potuit</strong></span> <span class='ocrx_word' id='word_1_206' title='bbox 335 2611 422 2672; x_wconf 91' lang='lat' dir='ltr'><strong>nobis</strong></span> <span class='ocrx_word' id='word_1_207' title='bbox 453 2610 565 2672; x_wconf 86' lang='lat' dir='ltr'><strong>dicere.</strong></span> <span class='ocrx_word' id='word_1_208' title='bbox 609 2610 700 2671; x_wconf 86' lang='lat' dir='ltr'><strong>Venit</strong></span> <span class='ocrx_word' id='word_1_209' title='bbox 729 2615 830 2672; x_wconf 90' lang='lat' dir='ltr'><strong>autem</strong></span> <span class='ocrx_word' id='word_1_210' title='bbox 852 2593 1036 2673; x_wconf 86' lang='lat' dir='ltr'><strong>¹Franciscus</strong></span> <span class='ocrx_word' id='word_1_211' title='bbox 1067 2608 1233 2681; x_wconf 85' lang='lat' dir='ltr'><strong>aurifaber,</strong></span> <span class='ocrx_word' id='word_1_212' title='bbox 1267 2607 1303 2668; x_wconf 89' lang='lat' dir='ltr'><strong>dc</strong></span> 
     </span>
     <span class='ocr_line' id='line_1_25' title="bbox 128 2712 1304 2795; baseline -0.004 -20"><span class='ocrx_word' id='word_1_213' title='bbox 128 2733 190 2795; x_wconf 86' lang='lat' dir='ltr'><strong>quo</strong></span> <span class='ocrx_word' id='word_1_214' title='bbox 213 2729 305 2793; x_wconf 91' lang='lat' dir='ltr'><strong>supra</strong></span> <span class='ocrx_word' id='word_1_215' title='bbox 324 2712 404 2773; x_wconf 88' lang='lat' dir='ltr'><strong>lacta</strong></span> <span class='ocrx_word' id='word_1_216' title='bbox 426 2719 476 2772; x_wconf 89' lang='lat' dir='ltr'><strong>est</strong></span> <span class='ocrx_word' id='word_1_217' title='bbox 496 2715 625 2786; x_wconf 89' lang='lat' dir='ltr'><strong>mentio,</strong></span> <span class='ocrx_word' id='word_1_218' title='bbox 659 2720 690 2774; x_wconf 91' lang='lat' dir='ltr'><strong>et</strong></span> <span class='ocrx_word' id='word_1_219' title='bbox 723 2713 806 2775; x_wconf 84' lang='lat' dir='ltr'><strong>duxit</strong></span> <span class='ocrx_word' id='word_1_220' title='bbox 835 2733 890 2775; x_wconf 93' lang='lat' dir='ltr'><strong>nos</strong></span> <span class='ocrx_word' id='word_1_221' title='bbox 919 2732 974 2794; x_wconf 93' lang='lat' dir='ltr'><strong>per</strong></span> <span class='ocrx_word' id='word_1_222' title='bbox 1005 2714 1129 2791; x_wconf 89' lang='lat' dir='ltr'><strong>longum</strong></span> <span class='ocrx_word' id='word_1_223' title='bbox 1150 2713 1253 2774; x_wconf 90' lang='lat' dir='ltr'><strong>vicum</strong></span> <span class='ocrx_word' id='word_1_224' title='bbox 1275 2712 1304 2770; x_wconf 92' lang='lat' dir='ltr'><strong>in</strong></span> 
     </span>
    </p>
   </div>
   <div class='ocr_carea' id='block_1_3' title="bbox 19 2813 1304 2893">
    <p class='ocr_par' dir='ltr' id='par_1_4' title="bbox 19 2813 1304 2893">
     <span class='ocr_line' id='line_1_26' title="bbox 19 2813 1304 2893; baseline -0.004 -13"><span class='ocrx_word' id='word_1_225' title='bbox 19 2883 20 2886; x_wconf 62' lang='grc'>,</span> <span class='ocrx_word' id='word_1_226' title='bbox 129 2821 259 2887; x_wconf 83' lang='lat' dir='ltr'><strong>curiam,</strong></span> <span class='ocrx_word' id='word_1_227' title='bbox 281 2817 313 2874; x_wconf 93' lang='lat' dir='ltr'><strong>in</strong></span> <span class='ocrx_word' id='word_1_228' title='bbox 335 2831 394 2893; x_wconf 87' lang='lat' dir='ltr'><strong>qua</strong></span> <span class='ocrx_word' id='word_1_229' title='bbox 409 2814 616 2892; x_wconf 88' lang='lat' dir='ltr'><strong>hospitabatur</strong></span> <span class='ocrx_word' id='word_1_230' title='bbox 631 2816 769 2879; x_wconf 91' lang='lat' dir='ltr'><strong>dominus</strong></span> <span class='ocrx_word' id='word_1_231' title='bbox 794 2816 900 2879; x_wconf 89' lang='lat' dir='ltr'><strong>consul</strong></span> <span class='ocrx_word' id='word_1_232' title='bbox 919 2816 1136 2879; x_wconf 79' lang='lat' dir='ltr'><strong>Alexandrinus</strong></span> <span class='ocrx_word' id='word_1_233' title='bbox 1160 2813 1304 2886; x_wconf 86' lang='lat' dir='ltr'><strong>Venetus,</strong></span> 
     </span>
    </p>
   </div>
   <div class='ocr_carea' id='block_1_4' title="bbox 128 2917 1332 4033">
    <p class='ocr_par' dir='ltr' id='par_1_5' title="bbox 128 2917 1307 3414">
     <span class='ocr_line' id='line_1_27' title="bbox 129 2917 1304 3000; baseline -0.004 -17"><span class='ocrx_word' id='word_1_234' title='bbox 129 2923 183 3000; x_wconf 89' lang='lat' dir='ltr'><strong>qui</strong></span> <span class='ocrx_word' id='word_1_235' title='bbox 204 2919 333 2981; x_wconf 90' lang='lat' dir='ltr'><strong>habebat</strong></span> <span class='ocrx_word' id='word_1_236' title='bbox 358 2917 611 2992; x_wconf 88' lang='lat' dir='ltr'><strong>barbitonsorem;</strong></span> <span class='ocrx_word' id='word_1_237' title='bbox 645 2923 676 2982; x_wconf 91' lang='lat' dir='ltr'><strong>in</strong></span> <span class='ocrx_word' id='word_1_238' title='bbox 706 2919 773 2999; x_wconf 89' lang='lat' dir='ltr'><strong>ejus</strong></span> <span class='ocrx_word' id='word_1_239' title='bbox 801 2921 1005 2982; x_wconf 90' lang='lat' dir='ltr'><strong>habitaculum</strong></span> <span class='ocrx_word' id='word_1_240' title='bbox 1031 2920 1161 2997; x_wconf 91' lang='lat' dir='ltr'><strong>ingressi</strong></span> <span class='ocrx_word' id='word_1_241' title='bbox 1190 2936 1304 2989; x_wconf 91' lang='lat' dir='ltr'><strong>sumus,</strong></span> 
     </span>
     <span class='ocr_line' id='line_1_28' title="bbox 129 3006 1304 3101; baseline -0.003 -16"><span class='ocrx_word' id='word_1_242' title='bbox 129 3028 164 3085; x_wconf 87' lang='lat' dir='ltr'><strong>et</strong></span> <span class='ocrx_word' id='word_1_243' title='bbox 185 3023 282 3101; x_wconf 89' lang='lat' dir='ltr'><strong>capita</strong></span> <span class='ocrx_word' id='word_1_244' title='bbox 304 3021 446 3094; x_wconf 88' lang='lat' dir='ltr'><strong>lavimus,</strong></span> <span class='ocrx_word' id='word_1_245' title='bbox 476 3027 507 3082; x_wconf 91' lang='lat' dir='ltr'><strong>et</strong></span> <span class='ocrx_word' id='word_1_246' title='bbox 530 3040 647 3084; x_wconf 92' lang='lat' dir='ltr'><strong>comam</strong></span> <span class='ocrx_word' id='word_1_247' title='bbox 669 3042 704 3086; x_wconf 91' lang='lat' dir='ltr'><strong>ac</strong></span> <span class='ocrx_word' id='word_1_248' title='bbox 730 3024 852 3086; x_wconf 88' lang='lat' dir='ltr'><strong>barbam</strong></span> <span class='ocrx_word' id='word_1_249' title='bbox 881 3023 1090 3086; x_wconf 89' lang='lat' dir='ltr'><strong>mundavimus</strong></span> <span class='ocrx_word' id='word_1_250' title='bbox 1118 3028 1151 3082; x_wconf 89' lang='lat' dir='ltr'><strong>et</strong></span> <span class='ocrx_word' id='word_1_251' title='bbox 1182 3006 1304 3101; x_wconf 83' lang='lat' dir='ltr'><strong>compc-</strong></span> 
     </span>
     <span class='ocr_line' id='line_1_29' title="bbox 130 3122 1307 3206; baseline -0.002 -18"><span class='ocrx_word' id='word_1_252' title='bbox 130 3126 267 3188; x_wconf 89' lang='lat' dir='ltr'><strong>suimus:</strong></span> <span class='ocrx_word' id='word_1_253' title='bbox 298 3140 369 3184; x_wconf 90' lang='lat' dir='ltr'><strong>nam</strong></span> <span class='ocrx_word' id='word_1_254' title='bbox 392 3141 408 3184; x_wconf 93' lang='lat' dir='ltr'><strong>a</strong></span> <span class='ocrx_word' id='word_1_255' title='bbox 431 3122 545 3189; x_wconf 82' lang='lat' dir='ltr'><strong>Gazara</strong></span> <span class='ocrx_word' id='word_1_256' title='bbox 573 3144 671 3206; x_wconf 89' lang='lat' dir='ltr'><strong>usque</strong></span> <span class='ocrx_word' id='word_1_257' title='bbox 702 3125 762 3187; x_wconf 92' lang='lat' dir='ltr'><strong>huc</strong></span> <span class='ocrx_word' id='word_1_258' title='bbox 791 3146 851 3188; x_wconf 91' lang='lat' dir='ltr'><strong>non</strong></span> <span class='ocrx_word' id='word_1_259' title='bbox 879 3127 1015 3189; x_wconf 87' lang='lat' dir='ltr'><strong>ascendit</strong></span> <span class='ocrx_word' id='word_1_260' title='bbox 1046 3125 1193 3188; x_wconf 88' lang='lat' dir='ltr'><strong>novacula</strong></span> <span class='ocrx_word' id='word_1_261' title='bbox 1217 3132 1307 3205; x_wconf 89' lang='lat' dir='ltr'><strong>eaput</strong></span> 
     </span>
     <span class='ocr_line' id='line_1_30' title="bbox 128 3226 1307 3312; baseline -0.003 -22"><span class='ocrx_word' id='word_1_262' title='bbox 128 3233 288 3296; x_wconf 90' lang='lat' dir='ltr'><strong>nostrum,</strong></span> <span class='ocrx_word' id='word_1_263' title='bbox 312 3231 342 3286; x_wconf 87' lang='lat' dir='ltr'><strong>et</strong></span> <span class='ocrx_word' id='word_1_264' title='bbox 365 3245 475 3290; x_wconf 91' lang='lat' dir='ltr'><strong>corona</strong></span> <span class='ocrx_word' id='word_1_265' title='bbox 498 3232 606 3312; x_wconf 91' lang='lat' dir='ltr'><strong>capitis</strong></span> <span class='ocrx_word' id='word_1_266' title='bbox 630 3232 691 3306; x_wconf 79' lang='lat' dir='ltr'><strong>mei</strong></span> <span class='ocrx_word' id='word_1_267' title='bbox 713 3230 771 3291; x_wconf 85' lang='lat' dir='ltr'><strong>fuit</strong></span> <span class='ocrx_word' id='word_1_268' title='bbox 793 3246 889 3309; x_wconf 92' lang='lat' dir='ltr'><strong>paene</strong></span> <span class='ocrx_word' id='word_1_269' title='bbox 913 3226 1136 3309; x_wconf 69' lang='lat' dir='ltr'><strong>pilisobt‘ecla,</strong></span> <span class='ocrx_word' id='word_1_270' title='bbox 1160 3246 1251 3307; x_wconf 91' lang='lat' dir='ltr'><strong>quam</strong></span> <span class='ocrx_word' id='word_1_271' title='bbox 1265 3228 1307 3288; x_wconf 91' lang='lat' dir='ltr'><strong>ibi</strong></span> 
     </span>
     <span class='ocr_line' id='line_1_31' title="bbox 130 3330 903 3414; baseline -0.003 -20"><span class='ocrx_word' id='word_1_272' title='bbox 130 3331 288 3402; x_wconf 82' lang='lat' dir='ltr'><strong>renovavi;</strong></span> <span class='ocrx_word' id='word_1_273' title='bbox 311 3330 416 3391; x_wconf 89' lang='lat' dir='ltr'><strong>barbas</strong></span> <span class='ocrx_word' id='word_1_274' title='bbox 440 3338 540 3394; x_wconf 87' lang='lat' dir='ltr'><strong>tamen</strong></span> <span class='ocrx_word' id='word_1_275' title='bbox 563 3339 685 3414; x_wconf 89' lang='lat' dir='ltr'><strong>semper</strong></span> <span class='ocrx_word' id='word_1_276' title='bbox 708 3335 903 3396; x_wconf 86' lang='lat' dir='ltr'><strong>servavimus.</strong></span> 
     </span>
    </p>

    <p class='ocr_par' dir='ltr' id='par_1_6' title="bbox 132 3431 1332 4033">
     <span class='ocr_line' id='line_1_32' title="bbox 218 3431 1308 3517; baseline 0.003 -23"><span class='ocrx_word' id='word_1_277' title='bbox 218 3431 310 3494; x_wconf 90' lang='lat' dir='ltr'><strong>Porro</strong></span> <span class='ocrx_word' id='word_1_278' title='bbox 333 3433 473 3497; x_wconf 90' lang='lat' dir='ltr'><strong>dominus</strong></span> <span class='ocrx_word' id='word_1_279' title='bbox 496 3437 603 3499; x_wconf 91' lang='lat' dir='ltr'><strong>consul</strong></span> <span class='ocrx_word' id='word_1_280' title='bbox 626 3438 815 3517; x_wconf 89' lang='lat' dir='ltr'><strong>prospiciens</strong></span> <span class='ocrx_word' id='word_1_281' title='bbox 851 3451 905 3513; x_wconf 92' lang='lat' dir='ltr'><strong>per</strong></span> <span class='ocrx_word' id='word_1_282' title='bbox 935 3433 1101 3495; x_wconf 80' lang='lat' dir='ltr'><strong>fenestram</strong></span> <span class='ocrx_word' id='word_1_283' title='bbox 1124 3432 1162 3496; x_wconf 91' lang='lat' dir='ltr'><strong>de</strong></span> <span class='ocrx_word' id='word_1_284' title='bbox 1186 3436 1308 3497; x_wconf 92' lang='lat' dir='ltr'><strong>sublimi</strong></span> 
     </span>
     <span class='ocr_line' id='line_1_33' title="bbox 132 3535 1308 3620; baseline 0.001 -19"><span class='ocrx_word' id='word_1_285' title='bbox 132 3535 276 3601; x_wconf 85' lang='lat' dir='ltr'><strong>deorsum</strong></span> <span class='ocrx_word' id='word_1_286' title='bbox 316 3555 385 3599; x_wconf 88' lang='lat' dir='ltr'><strong>curn</strong></span> <span class='ocrx_word' id='word_1_287' title='bbox 414 3557 470 3600; x_wconf 93' lang='lat' dir='ltr'><strong>nos</strong></span> <span class='ocrx_word' id='word_1_288' title='bbox 500 3538 626 3601; x_wconf 89' lang='lat' dir='ltr'><strong>vidisset</strong></span> <span class='ocrx_word' id='word_1_289' title='bbox 663 3546 695 3601; x_wconf 89' lang='lat' dir='ltr'><strong>et</strong></span> <span class='ocrx_word' id='word_1_290' title='bbox 727 3540 904 3620; x_wconf 91' lang='lat' dir='ltr'><strong>peregrinos</strong></span> <span class='ocrx_word' id='word_1_291' title='bbox 938 3537 1102 3599; x_wconf 89' lang='lat' dir='ltr'><strong>catholicos</strong></span> <span class='ocrx_word' id='word_1_292' title='bbox 1135 3544 1166 3600; x_wconf 89' lang='lat' dir='ltr'><strong>et</strong></span> <span class='ocrx_word' id='word_1_293' title='bbox 1192 3538 1308 3602; x_wconf 90' lang='lat' dir='ltr'><strong>latinos</strong></span> 
     </span>
     <span class='ocr_line' id='line_1_34' title="bbox 132 3641 1332 3722; baseline 0.001 -18"><span class='ocrx_word' id='word_1_294' title='bbox 132 3641 342 3721; x_wconf 90' lang='lat' dir='ltr'><strong>cognovisset,</strong></span> <span class='ocrx_word' id='word_1_295' title='bbox 365 3641 515 3704; x_wconf 88' lang='lat' dir='ltr'><strong>mandavit</strong></span> <span class='ocrx_word' id='word_1_296' title='bbox 538 3660 592 3722; x_wconf 92' lang='lat' dir='ltr'><strong>per</strong></span> <span class='ocrx_word' id='word_1_297' title='bbox 615 3661 753 3716; x_wconf 88' lang='lat' dir='ltr'><strong>servum,</strong></span> <span class='ocrx_word' id='word_1_298' title='bbox 776 3650 810 3705; x_wconf 93' lang='lat' dir='ltr'><strong>ut</strong></span> <span class='ocrx_word' id='word_1_299' title='bbox 832 3641 1066 3703; x_wconf 87' lang='lat' dir='ltr'><strong>ascenderemus</strong></span> <span class='ocrx_word' id='word_1_300' title='bbox 1090 3641 1128 3703; x_wconf 92' lang='lat' dir='ltr'><strong>ad</strong></span> <span class='ocrx_word' id='word_1_301' title='bbox 1143 3660 1224 3704; x_wconf 87' lang='lat' dir='ltr'><strong>eum.</strong></span> <span class='ocrx_word' id='word_1_302' title='bbox 1249 3641 1332 3718; x_wconf 17' lang='lat' dir='ltr'><strong>&#39;ln-4</strong></span> 
     </span>
     <span class='ocr_line' id='line_1_35' title="bbox 133 3742 1309 3825; baseline 0.003 -21"><span class='ocrx_word' id='word_1_303' title='bbox 133 3747 230 3825; x_wconf 91' lang='lat' dir='ltr'><strong>gressi</strong></span> <span class='ocrx_word' id='word_1_304' title='bbox 253 3759 326 3821; x_wconf 88' lang='lat' dir='ltr'><strong>ergo</strong></span> <span class='ocrx_word' id='word_1_305' title='bbox 349 3742 414 3822; x_wconf 88' lang='lat' dir='ltr'><strong>ejus</strong></span> <span class='ocrx_word' id='word_1_306' title='bbox 438 3745 601 3807; x_wconf 89' lang='lat' dir='ltr'><strong>triclinium</strong></span> <span class='ocrx_word' id='word_1_307' title='bbox 624 3754 746 3808; x_wconf 89' lang='lat' dir='ltr'><strong>etcum</strong></span> <span class='ocrx_word' id='word_1_308' title='bbox 768 3745 862 3807; x_wconf 91' lang='lat' dir='ltr'><strong>multa</strong></span> <span class='ocrx_word' id='word_1_309' title='bbox 883 3746 1077 3808; x_wconf 87' lang='lat' dir='ltr'><strong>veneratione</strong></span> <span class='ocrx_word' id='word_1_310' title='bbox 1110 3748 1145 3806; x_wconf 92' lang='lat' dir='ltr'><strong>ab</strong></span> <span class='ocrx_word' id='word_1_311' title='bbox 1170 3764 1207 3807; x_wconf 90' lang='lat' dir='ltr'><strong>eo</strong></span> <span class='ocrx_word' id='word_1_312' title='bbox 1241 3764 1309 3809; x_wconf 88' lang='lat' dir='ltr'><strong>sus-</strong></span> 
     </span>
     <span class='ocr_line' id='line_1_36' title="bbox 134 3835 1310 3926; baseline 0.003 -18"><span class='ocrx_word' id='word_1_313' title='bbox 134 3850 214 3926; x_wconf 91' lang='lat' dir='ltr'><strong>cepti</strong></span> <span class='ocrx_word' id='word_1_314' title='bbox 237 3863 341 3908; x_wconf 88' lang='lat' dir='ltr'><strong>sumna</strong></span> <span class='ocrx_word' id='word_1_315' title='bbox 364 3847 401 3909; x_wconf 92' lang='lat' dir='ltr'><strong>ad</strong></span> <span class='ocrx_word' id='word_1_316' title='bbox 425 3848 563 3910; x_wconf 89' lang='lat' dir='ltr'><strong>osculum</strong></span> <span class='ocrx_word' id='word_1_317' title='bbox 586 3868 671 3911; x_wconf 91' lang='lat' dir='ltr'><strong>more</strong></span> <span class='ocrx_word' id='word_1_318' title='bbox 705 3849 861 3911; x_wconf 86' lang='lat' dir='ltr'><strong>italorum·</strong></span> <span class='ocrx_word' id='word_1_319' title='bbox 901 3835 1038 3910; x_wconf 75' lang='lat' dir='ltr'><strong>induxit</strong></span> <span class='ocrx_word' id='word_1_320' title='bbox 1051 3848 1161 3911; x_wconf 90' lang='lat' dir='ltr'><strong>deinde</strong></span> <span class='ocrx_word' id='word_1_321' title='bbox 1191 3868 1247 3911; x_wconf 88' lang='lat' dir='ltr'><strong>nos</strong></span> <span class='ocrx_word' id='word_1_322' title='bbox 1275 3853 1310 3912; x_wconf 92' lang='lat' dir='ltr'><strong>in</strong></span> 
     </span>
     <span class='ocr_line' id='line_1_37' title="bbox 135 3933 1309 4033; baseline 0.005 -22"><span class='ocrx_word' id='word_1_323' title='bbox 135 3948 282 4028; x_wconf 90' lang='lat' dir='ltr'><strong>capellam</strong></span> <span class='ocrx_word' id='word_1_324' title='bbox 304 3967 390 4011; x_wconf 90' lang='lat' dir='ltr'><strong>suam</strong></span> <span class='ocrx_word' id='word_1_325' title='bbox 414 3957 446 4012; x_wconf 92' lang='lat' dir='ltr'><strong>et</strong></span> <span class='ocrx_word' id='word_1_326' title='bbox 468 3951 594 4013; x_wconf 88' lang='lat' dir='ltr'><strong>calicem</strong></span> <span class='ocrx_word' id='word_1_327' title='bbox 617 3933 742 4014; x_wconf 88' lang='lat' dir='ltr'><strong>aureum</strong></span> <span class='ocrx_word' id='word_1_328' title='bbox 763 3951 910 4024; x_wconf 90' lang='lat' dir='ltr'><strong>ostendit,</strong></span> <span class='ocrx_word' id='word_1_329' title='bbox 943 3951 1052 4014; x_wconf 91' lang='lat' dir='ltr'><strong>librum</strong></span> <span class='ocrx_word' id='word_1_330' title='bbox 1081 3960 1111 4014; x_wconf 90' lang='lat' dir='ltr'><strong>ct</strong></span> <span class='ocrx_word' id='word_1_331' title='bbox 1139 3953 1196 4014; x_wconf 93' lang='lat' dir='ltr'><strong>alia</strong></span> <span class='ocrx_word' id='word_1_332' title='bbox 1221 3971 1309 4033; x_wconf 90' lang='lat' dir='ltr'><strong>para-</strong></span> 
     </span>
    </p>
   </div>
   <div class='ocr_carea' id='block_1_5' title="bbox 126 4053 1310 4255">
    <p class='ocr_par' dir='ltr' id='par_1_7' title="bbox 126 4053 1310 4255">
     <span class='ocr_line' id='line_1_38' title="bbox 126 4053 1310 4144; baseline 0.004 -30"><span class='ocrx_word' id='word_1_333' title='bbox 126 4056 237 4144; x_wconf 87' lang='lat' dir='ltr'><strong>menta</strong></span> <span class='ocrx_word' id='word_1_334' title='bbox 258 4054 389 4127; x_wconf 89' lang='lat' dir='ltr'><strong>missae,</strong></span> <span class='ocrx_word' id='word_1_335' title='bbox 412 4053 543 4117; x_wconf 87' lang='lat' dir='ltr'><strong>offerens</strong></span> <span class='ocrx_word' id='word_1_336' title='bbox 566 4055 715 4136; x_wconf 91' lang='lat' dir='ltr'><strong>capellam</strong></span> <span class='ocrx_word' id='word_1_337' title='bbox 736 4071 821 4116; x_wconf 87' lang='lat' dir='ltr'><strong>suam</strong></span> <span class='ocrx_word' id='word_1_338' title='bbox 844 4060 876 4116; x_wconf 89' lang='lat' dir='ltr'><strong>et</strong></span> <span class='ocrx_word' id='word_1_339' title='bbox 894 4059 995 4119; x_wconf 91' lang='lat' dir='ltr'><strong>omnia</strong></span> <span class='ocrx_word' id='word_1_340' title='bbox 1009 4058 1041 4117; x_wconf 92' lang='lat' dir='ltr'><strong>in</strong></span> <span class='ocrx_word' id='word_1_341' title='bbox 1057 4073 1146 4119; x_wconf 87' lang='lat' dir='ltr'><strong>usum</strong></span> <span class='ocrx_word' id='word_1_342' title='bbox 1160 4063 1310 4133; x_wconf 84' lang='lat' dir='ltr'><strong>nostrum,</strong></span> 
     </span>
     <span class='ocr_line' id='line_1_39' title="bbox 127 4151 1310 4255; baseline 0.006 -38"><span class='ocrx_word' id='word_1_343' title='bbox 127 4152 208 4255; x_wconf 37' lang='lat' dir='ltr'><strong>&#39;dum</strong></span> <span class='ocrx_word' id='word_1_344' title='bbox 229 4155 380 4238; x_wconf 89' lang='lat' dir='ltr'><strong>placeret,</strong></span> <span class='ocrx_word' id='word_1_345' title='bbox 408 4151 454 4221; x_wconf 62' lang='lat' dir='ltr'><strong>ctx</strong></span> <span class='ocrx_word' id='word_1_346' title='bbox 471 4175 506 4221; x_wconf 84' lang='lat' dir='ltr'><strong>se</strong></span> <span class='ocrx_word' id='word_1_347' title='bbox 528 4161 630 4240; x_wconf 90' lang='lat' dir='ltr'><strong>ipsum</strong></span> <span class='ocrx_word' id='word_1_348' title='bbox 651 4159 875 4247; x_wconf 84' lang='lat' dir='ltr'><strong>obsecuturum.</strong></span> <span class='ocrx_word' id='word_1_349' title='bbox 918 4158 1117 4240; x_wconf 87' lang='lat' dir='ltr'><strong>Interrogavit</strong></span> <span class='ocrx_word' id='word_1_350' title='bbox 1138 4163 1231 4225; x_wconf 87' lang='lat' dir='ltr'><strong>etiam</strong></span> <span class='ocrx_word' id='word_1_351' title='bbox 1253 4179 1310 4224; x_wconf 90' lang='lat' dir='ltr'><strong>nos</strong></span> 
     </span>
    </p>
   </div>
   <div class='ocr_carea' id='block_1_6' title="bbox 0 0 1454 4770">
    <p class='ocr_par' dir='ltr' id='par_1_8' title="bbox 0 0 1454 4770">
     <span class='ocr_line' id='line_1_40' title="bbox 0 0 1454 4770; baseline 0 0"><span class='ocrx_word' id='word_1_352' title='bbox 0 0 1454 4770; x_wconf 95' lang='lat' dir='ltr'><strong> </strong></span> 
     </span>
    </p>
   </div>
  </div>
 </body>
</html>
