2874 4770
704 152 766 227 125

145 333 287 417 Aegypto
310 353 372 398 non
395 350 432 397 ex
455 331 562 413 plaga,
584 329 640 395 sed
661 348 699 394 cx
720 336 827 394 natura
849 335 881 392 et
902 348 920 392 a
940 329 1107 411 principio,
1129 326 1222 390 babet
1243 329 1324 391 euim

148 439 270 501 coelum
292 438 443 509 terreum,
467 437 553 514 quia,
581 437 660 497 sicut
682 434 720 496 de
744 435 825 498 terro
847 433 946 496 nullus
970 432 1062 495 stillat
1083 432 1195 510 liquor,
1218 432 1263 493 sic
1286 429 1323 492 da

149 543 237 605 coelo
254 559 345 623 supra
360 542 459 605 nudus
474 538 632 601 descendit
648 540 764 611 humor,
788 539 836 601 vel
851 536 937 600 valde
952 537 1062 607 tenuis,
1077 537 1146 614 quia
1162 541 1240 596 teste
1256 532 1323 596 Pla·

149 653 221 709 tone
231 649 262 708 in
269 645 408 726 Aegypto
420 661 586 723 numquam
596 644 672 723 pluit
683 661 741 705 nec
756 645 861 723 ningit.
891 639 929 700 Et
942 637 1129 716 Augustinus
1150 640 1181 698 in
1196 637 1324 717 epistola

149 749 189 812 de
210 748 383 810 Pastoribus
406 747 496 808 dicit:
525 744 653 807 Possum
669 747 816 818 obtinere,
840 741 944 806 mundi
964 740 1122 803 memorem
1138 758 1207 802 esse
1222 748 1324 820 partes

145 850 286 933 Aegypti,
304 858 335 913 et
350 852 416 913 illas
431 857 550 913 exustas
567 849 631 912 sole
649 828 800 928 regiones,
822 850 864 910 ibi
881 850 980 929 pluvia
996 868 1055 911 non
1071 855 1212 930 apparet,
1237 850 1324 928 quasi
1363 838 1366 847 '

144 957 213 1038 ipsa
235 961 283 1018 ost
305 954 447 1017 meridies
470 955 521 1016 ubi
544 952 632 1015 lloret
654 951 774 1014 medius
798 950 873 1013 dies.
919 951 999 1014 Dicit
1023 959 1124 1015 autem
1147 952 1322 1015 Vincentius

148 1060 180 1121 la
202 1059 292 1140 Spec.
318 1059 385 1121 Nat.
410 1056 444 1119 L.
467 1059 503 1121 ll.
528 1075 592 1136 cap.
616 1051 685 1118 47.:
711 1053 799 1127 Quod
822 1056 849 1115 si
871 1056 901 1115 in
915 1054 1054 1137 Aegypto
1077 1058 1182 1135 pluere
1206 1059 1321 1119 confin-

146 1168 241 1243 geret,
256 1162 371 1224 infinita
387 1160 548 1223 multitudo
564 1178 684 1222 murum
701 1166 862 1223 cresceret.
900 1157 999 1222 Habet
1014 1167 1045 1222 et
1060 1168 1172 1224 terram
1187 1178 1322 1234 aeneam,

146 1266 233 1345 quia,
265 1266 344 1327 sicut
366 1281 417 1326 aes
441 1263 637 1328 durissimum
660 1270 708 1324 est
731 1269 762 1324 et
784 1281 857 1342 prae
883 1262 992 1332 duritia
1015 1282 1196 1327 sonorosum
1221 1272 1268 1327 est
1291 1271 1322 1327 et

147 1386 310 1449 porosum,
333 1370 378 1430 sic
400 1375 480 1431 terra
494 1368 624 1448 Aegypti
644 1367 813 1440 durissima,
837 1367 1006 1429 aridissima
1027 1385 1083 1446 per
1105 1370 1222 1441 omnia,
1245 1369 1324 1429 sicut

146 1469 303 1535 desertum
326 1479 388 1546 est,
413 1471 499 1551 cujus
522 1472 637 1551 lapidas
660 1487 733 1551 prae
755 1469 863 1532 duritia
885 1472 965 1531 sicut
987 1488 1039 1533 aes
1062 1480 1168 1536 sonant
1191 1480 1223 1535 et
1246 1472 1322 1535 adeo

147 1593 258 1656 porosa
281 1593 372 1637 arena
400 1577 498 1648 sicca,
530 1573 612 1654 quod
643 1574 757 1635 nullam
789 1577 945 1637 continere
976 1582 1078 1656 potest
1099 1594 1208 1655 aquarn
1230 1593 1266 1638 or
1288 1595 1322 1639 se

148 1678 224 1759 ipsa.
269 1678 347 1741 lluic
380 1679 492 1759 duplici
526 1680 607 1741 malo
640 1679 779 1741 subvenit
811 1679 895 1740 Deus
929 1698 984 1760 per
1004 1679 1065 1740 Nili
1096 1679 1321 1741 inductionem:

149 1780 263 1843 affatim
286 1784 368 1843 enirn
391 1783 517 1862 praebet
539 1782 624 1843 Nilus
646 1783 731 1851 usui,
755 1799 815 1842 non
839 1781 939 1843 solum
962 1781 1029 1860 ejus
1051 1785 1183 1863 regionis
1213 1783 1321 1846 incolis

148 1884 203 1946 sed
225 1886 367 1947 extremis
391 1902 528 1965 quoque,
554 1884 591 1945 ad
613 1884 794 1963 quossalliti
813 1882 1021 1963 pittaciorum,
1044 1885 1170 1947 utilitate
1186 1905 1320 1949 commo·

147 1988 255 2070 disque
270 1997 408 2053 caeteros
424 1990 503 2051 orbis
527 1987 635 2051 fluvios
659 1988 789 2050 excellit.
833 1988 1058 2052 lucrementum
1080 1988 1145 2068 ejus
1161 2009 1178 2052 a
1193 1991 1321 2054 solstitio

146 2095 260 2157 aestivo
283 2095 432 2174 incipiens
455 2111 552 2173 usque
575 2093 612 2155 ad
629 2094 871 2172 aequinoctium,
894 2110 1076 2174 semperque
1091 2113 1203 2158 novum
1216 2097 1322 2159 limum

146 2216 251 2261 secum
274 2199 390 2279 vehens
413 2199 513 2279 rigans
537 2197 633 2259 cultas
656 2203 687 2258 et
709 2197 837 2259 incultas
860 2198 1000 2276 regiones
1024 2206 1210 2278 quantopere
1228 2200 1323 2261 velint

147 2302 312 2382 agricolae,
343 2318 419 2382 aqua
449 2303 529 2362 enim
559 2301 668 2361 leniter
701 2299 813 2362 tluente
837 2300 925 2361 tacite
949 2319 1018 2361 cum
1041 2303 1139 2380 parvis
1162 2302 1322 2382 aggeribus

148 2410 252 2465 arcent
286 2403 493 2482 inducentque
524 2421 578 2482 pro
609 2401 769 2464 commodo
801 2409 907 2465 terrae.
954 2401 1081 2466 Tantam
1112 2423 1184 2468 vero
1215 2405 1320 2467 lorilli-

148 2512 241 2567 tatem
264 2505 355 2567 infert
378 2513 409 2567 et
431 2507 496 2584 agri
515 2504 635 2567 colendi
657 2505 847 2578 facilitatem,
880 2514 912 2569 ut
941 2525 1011 2569 cum
1033 2509 1250 2570 seminaverint
1271 2515 1323 2571 aut

150 2626 222 2672 oves
254 2607 448 2671 introducant
477 2611 507 2670 in
538 2629 661 2691 campos
691 2612 729 2674 ad
759 2611 963 2674 conculcanda
991 2612 1075 2691 jacta
1106 2615 1238 2685 semina,
1271 2618 1322 2676 aut

149 2718 245 2774 aratro
267 2712 334 2788 ,levi
365 2719 476 2775 terram
506 2713 691 2789 subducant,
722 2734 823 2797 neque
855 2718 914 2778 nisi
945 2724 1074 2796 quatuor
1105 2724 1156 2779 aut
1187 2718 1320 2797 quinque

149 2815 274 2895 expletis
297 2817 450 2879 mensibus
474 2817 511 2880 ad
533 2836 668 2882 messem
690 2821 817 2883 redeunt
840 2828 871 2882 et
893 2819 977 2882 brevi
999 2825 1137 2900 tempore
1152 2821 1320 2901 uberrimos

145 2916 259 2981 fructus
282 2918 396 3000 absque
419 2920 479 2983 ulla
501 2939 597 3003 pensa
618 2929 669 2985 aut
692 2923 803 2985 damno
826 2931 988 3004 reportant.
1032 2924 1111 2988 Alibi
1140 2926 1320 3006 agricultura

146 3039 254 3102 magno
276 3023 378 3085 labore
402 3041 437 3085 ac
459 3032 561 3087 sumtu
584 3032 756 3098 exercetur,
786 3027 842 3088 soli
864 3025 1005 3108 Aegyptii
1027 3032 1150 3092 minima
1172 3032 1319 3110 impensa,

145 3124 248 3188 labore
263 3128 363 3199 tenui,
378 3127 481 3207 fruges
497 3127 612 3189 fertiles
627 3127 769 3191 iniemnt.
800 3128 916 3191 Vineae
932 3148 1067 3210 quoque,
1084 3133 1192 3196 codem
1206 3135 1319 3215 rigatae

146 3229 253 3302 modo,
275 3231 345 3292 vino
369 3230 533 3303 abundant,
556 3237 637 3294 terra
659 3233 771 3296 inculta
794 3237 897 3314 pecori
916 3234 953 3297 ad
968 3243 1088 3316 pastum
1113 3237 1218 3300 relicta
1241 3236 1318 3300 adeo

145 3333 288 3396 exuberat
317 3335 433 3406 herbis,
465 3343 498 3397 ut
527 3353 600 3399 oves
631 3338 677 3398 bis
708 3340 740 3399 in
763 3356 843 3401 anno
864 3341 995 3419 pariant,
1025 3342 1133 3420 bisque
1155 3342 1320 3421 praebeant

144 3435 251 3499 lanam
296 3435 350 3498 Est
370 3436 526 3517 Aegyptus
547 3439 636 3519 plana
659 3448 689 3501 et
713 3446 909 3522 campestris,
931 3452 1062 3525 suntque
1078 3448 1182 3519 urbes,
1205 3448 1265 3509 vici
1288 3452 1319 3508 et

144 3539 292 3621 mappalia
314 3541 473 3620 aggeribus
495 3546 626 3617 munita,
651 3564 728 3624 quae
749 3547 960 3610 inundationes
984 3548 1131 3622 devitant,
1165 3556 1319 3631 tamquam

145 3643 283 3723 cyclades
308 3653 451 3725 apparent
474 3649 698 3727 aspicientibus.
724 3649 827 3712 ‘llaec
850 3658 952 3713 autem
975 3659 1005 3714 et
1028 3653 1124 3715 multa
1154 3653 1211 3715 alia
1239 3654 1319 3717 bona

144 3745 230 3809 affert
252 3747 361 3810 fluvius
385 3749 465 3811 baud
486 3749 610 3813 dubium
633 3771 650 3814 a
671 3753 833 3816 benedicto
856 3754 925 3817 loco
948 3774 1022 3818 suae
1045 3758 1179 3837 originis.

232 3846 287 3932 (b)
309 3852 410 3924 Nilus,
444 3858 478 3915 ut
507 3871 599 3935 saepe
622 3853 821 3926 dictumest,
855 3876 999 3922 emanans
1028 3863 1126 3941 primo
1149 3880 1185 3923 er
1209 3863 1318 3943 abysso

145 3955 244 4034 erupit
265 3956 296 4016 in
318 3955 419 4017 medio
442 3955 589 4036 paradisi,
614 3978 649 4022 ex
672 3961 786 4041 ingenti
810 3969 842 4024 et
863 3962 1096 4042 profundissima
1120 3964 1215 4038 lovea,
1238 3967 1318 4028 sicut

146 4075 199 4120 suo
221 4059 312 4121 modo
335 4058 456 4122 Blavius
480 4059 619 4123 lluviolus
643 4081 679 4125 ex
707 4063 793 4128 lovea
814 4066 902 4130 valde
925 4067 1072 4149 profunda
1096 4071 1236 4150 erumpit.
1280 4070 1318 4132 tu

145 4160 195 4226 illa
215 4163 302 4228 lovea
323 4163 433 4228 dicitur
455 4171 545 4248 caput
566 4165 642 4239 Nili,
677 4166 715 4230 ad
743 4168 822 4249 quod
852 4171 926 4234 nulli
953 4178 1037 4251 patet
1066 4172 1163 4236 aditus
1193 4181 1317 4255 propter
