2874 4770
690 176 738 256 ’44

127 362 210 425 ducti
233 364 271 425 ad
292 364 479 445 pyramides,
503 382 578 444 quas
601 366 627 426 si
648 382 708 427 non
732 365 875 427 vidissem
899 363 937 424 de
960 382 1070 444 prope,
1095 364 1230 424 faciliter
1245 382 1306 424 cre·

126 464 232 526 darem
254 467 349 528 fuisse
371 468 560 530 reservacula
575 468 744 539 fructuum,
769 468 824 529 sed
845 469 927 528 visus
943 467 980 528 de
997 487 1093 547 prope
1111 467 1306 536 demonstrat,

124 567 219 630 fuisse
230 579 423 632 monumenta
436 571 602 649 gentilium,
616 578 647 631 et
657 589 763 633 versus
773 570 927 650 praedicti,
940 577 971 630 et
984 570 1116 641 Solinus,
1129 576 1161 629 et
1173 568 1304 639 Plinius;

126 676 158 732 et
173 671 264 732 Sacra
281 673 434 752 Scriptura
453 669 479 734 1.
503 671 638 734 Maccab.
655 672 732 733 Xill.
758 675 864 734 recitat
879 671 917 732 de
934 665 1060 732 Simone
1076 689 1188 750 magno
1208 689 1303 732 sacer-

126 772 212 844 dote,
236 775 317 853 quod
338 794 430 856 super
453 777 612 855 sepulchra
636 777 729 855 patris
753 783 785 836 et
806 776 931 836 fratrum
951 774 1120 836 aedificavit
1136 775 1304 836 aedificium

126 875 239 949 altum,
263 886 293 938 et
317 880 421 939 sta'luit
437 878 489 939 Vll
504 877 676 958 pyramides
696 895 780 939 more
805 879 979 956 gentilium,
1004 881 1056 957 qui
1072 896 1166 956 super
1183 897 1304 938 suorum

126 996 263 1041 carorum
285 981 445 1060 sepulchra
467 982 514 1043 vel
538 980 709 1060 pyramides
733 981 888 1059 erigebant
909 978 958 1041 vel
982 980 1138 1039 columnas
1163 980 1251 1040 altas.

136 1080 138 1084 ’
213 1083 305 1146 Porro
328 1086 354 1144 si
377 1086 463 1163 sequi
486 1083 586 1162 placet
609 1086 800 1163 antiquorum
824 1083 993 1159 aliquorum
1008 1083 1179 1154 fictionem,
1205 1083 1303 1143 dicere

125 1204 305 1268 possumus,
322 1187 375 1246 has
391 1186 562 1265 pyramides
579 1205 596 1248 a
611 1187 668 1248 diis
685 1188 795 1259 factas,
810 1189 841 1247 in
856 1202 930 1264 quas
946 1187 1184 1265 transfugientes
1200 1185 1303 1247 Jorern

126 1308 161 1352 se
176 1291 412 1360 absconderunt,
437 1308 476 1349 ne
495 1289 847 1359 ahfwfulminarentum
869 1287 939 1348 ideo
954 1291 985 1349 in
1002 1291 1046 1350 eis
1063 1296 1133 1350 sunt
1147 1290 1303 1349 hominum

118 1393 325 1474 receptacula.
371 1392 485 1453 Verum
493 1368 619 1465 amics
635 1390 796 1452 LXXXVl.
815 1391 887 1470 Cap.
906 1387 956 1455 12.
985 1391 1134 1454 Naturalis
1159 1393 1302 1453 historiae

125 1495 214 1565 dicit,
239 1495 292 1555 has
315 1494 346 1555 id
369 1497 449 1555 circo
474 1493 643 1574 pyramides
667 1513 684 1555 a
708 1495 828 1572 regibus
852 1494 962 1566 factas,
987 1502 1021 1556 ut
1043 1501 1165 1556 essent:
1199 1492 1227 1573 i)
1251 1514 1301 1575 pe·

127 1597 233 1655 cuniae
256 1599 418 1656 ostentatio
442 1600 538 1658 otiosa
561 1605 592 1658 et
614 1600 722 1670 stulta;
747 1595 779 1678 2)
796 1617 834 1659 ne
859 1600 988 1678 posteris
1012 1599 1190 1660 thesaurum
1213 1598 1301 1658 relin-

126 1706 254 1777 querent
276 1701 423 1771 inimicis;
457 1697 490 1778 3)
513 1718 552 1760 ne
576 1700 662 1778 plebs
686 1707 768 1760 esset
791 1703 903 1772 otiosa3
926 1699 960 1782 A)
984 1711 1018 1764 ut
1041 1704 1146 1764 essent
1163 1705 1195 1762 in
1210 1702 1301 1763 admi-

125 1802 273 1862 rationem
295 1802 461 1864 videntium
483 1809 514 1862 et
536 1795 708 1882 stuporem,
733 1810 763 1862 et
778 1809 876 1864 terrae
892 1802 1142 1884 divulgationem
1168 1812 1200 1865 et
1223 1803 1256 1885 5)
1273 1812 1304 1865 ut

126 2008 290 2080 artificum3
322 2005 354 2085 6)
377 2016 410 2068 ut
440 2015 543 2068 essent
573 2014 695 2068 aeterna
725 2003 918 2071 ‘monumenta
951 2011 1163 2072 defunctorum
1186 2030 1301 2091 regum.

55 2116 59 2121 “
124 2109 171 2171 De
194 2111 361 2191 sepulchris
386 2113 466 2172 enim
489 2112 679 2189 antiquorum
701 2129 807 2190 regum
829 2112 959 2194 Aegypti
983 2115 1057 2175 mira
1077 2114 1180 2175 auditu
1196 2116 1303 2175 recitat

124 2213 274 2276 Diodorus
308 2214 445 2286 Siculus,
477 2217 704 2293 antiquissimus
738 2216 1024 2296 historiographus,
1042 2216 1121 2277 Libr.
1147 2215 1183 2277 11.
1207 2218 1301 2277 histo·

124 2320 234 2380 riarum
257 2320 445 2396 antiquarum
461 2334 562 2378 rerum
578 2318 648 2398 Cap.
666 2317 707 2391 2.,
730 2320 780 2379 uhi
804 2320 905 2381 multis
930 2321 1013 2380 miris
1036 2315 1167 2380 inductis
1190 2321 1302 2391 scribit,

124 2421 251 2496 Verum,
275 2426 387 2503 inquit,
411 2423 448 2499 de
471 2422 579 2483 harum
593 2422 817 2501 pyramidarum
833 2425 1004 2485 auctoribus
1020 2423 1094 2483 nihil
1111 2425 1187 2483 certi
1202 2443 1301 2503 neque

126 2527 204 2605 apud
233 2529 347 2590 incolas
385 2545 486 2606 neque
516 2526 594 2605 apud
635 2529 798 2606 scriptores
837 2534 969 2597 constat;
1010 2532 1080 2586 sunt
1109 2531 1210 2597 autem
1243 2531 1302 2585 tarn

125 2624 252 2692 mirabili
274 2647 367 2710 opere
391 2630 505 2701 factae,
538 2632 568 2690 in
591 2635 671 2690 terra
695 2629 827 2708 undique
850 2648 992 2701 arenosa,
1024 2629 1074 2690 ubi
1097 2627 1178 2689 nulla
1201 2647 1301 2708 neque

125 2735 242 2811 aggeris
265 2750 364 2811 neque
379 2735 462 2793 caesi
478 2732 585 2815 lapidis
600 2739 671 2792 sunt
686 2735 828 2812 vestigia,
852 2740 960 2794 utnon
977 2732 1012 2793 ab
1027 2732 1197 2792 hominibus
1215 2733 1270 2793 sed
1286 2751 1302 2792 a

125 2834 183 2895 diis
201 2842 283 2896 tanta
297 2834 393 2897 moles
410 2841 522 2897 structa
537 2834 682 2898 videatur.
715 2835 839 2914 Antiqui
856 2844 957 2897 autem
970 2836 1111 2916 Aegyptii
1122 2837 1237 2896 nullam
1254 2843 1303 2896 aut

125 2955 248 3018 parvam
270 2956 374 3000 curam
397 2938 544 3000 habehant
567 2917 603 2999 ad
618 2941 876 3000 constructionem
890 2939 1050 3000 domorum
1065 2956 1202 3009 suarum,
1229 2956 1303 3017 quas

125 3041 364 3130 simplicissimas
388 3041 550 3115 habehant,
582 3044 651 3121 quia
673 3043 836 3122 indignum,
852 3044 1195 3120 aestimabant‘rnagnos
1219 3042 1301 3103 labo·
1352 3032 1356 3040 ’

124 3160 190 3215 res,
220 3153 439 3225 expensasque,
457 3146 658 3226 multiplicare
681 3148 711 3206 in
735 3165 768 3206 re
792 3150 851 3207 cito
875 3149 1054 3218 transitura,
1079 3154 1112 3207 ut
1135 3153 1182 3207 est
1203 3146 1302 3208 brevis

124 3246 253 3307 hominis
275 3250 348 3319 vita,
373 3266 427 3327 pro
451 3266 509 3328 qua
533 3249 686 3310 modicum
702 3251 801 3311 casale
818 3251 937 3312 sufficit.
983 3249 1030 3311 Ad
1045 3251 1302 3311 constructionem

125 3356 226 3411 autern
243 3352 424 3430 templorum
440 3359 471 3413 et
486 3371 609 3414 suorum
632 3353 861 3431 sepulchrorum
884 3355 1029 3414 maximos
1053 3359 1083 3413 et
1106 3353 1301 3430 diligentissi-

124 3471 190 3514 mos
214 3454 362 3516 habehant
384 3454 516 3527 labores,
540 3457 775 3535 perpetuitatem
791 3457 940 3534 quandam
956 3459 986 3517 in
1003 3459 1047 3516 eis
1064 3473 1132 3514 esse
1151 3455 1300 3517 dicentes.

210 3555 297 3619 Juxta
330 3559 499 3636 pyramides
533 3551 661 3621 ¹vidimus
696 3561 801 3637 ingens
831 3559 947 3621 idolum
977 3577 1116 3629 saxeum,
1149 3558 1303 3621 foeminae

123 3659 236 3720 habens
258 3661 399 3746 formam,
423 3649 503 3739 quod
530 3680 592 3722 non
615 3662 829 3755 dubitavimus
846 3661 933 3723 isidis
958 3680 1027 3723 esse
1051 3661 1239 3735 columnam3
1276 3667 1302 3724 si

124 3762 247 3842 quidem
269 3763 324 3823 lsis
340 3761 512 3825 Promethei
535 3767 636 3843 graeci
658 3765 735 3838 filia,
759 3784 829 3826 curn
852 3770 935 3845 virgo
952 3772 1034 3827 esset
1050 3768 1303 3852 praestantissimi

124 3863 257 3937 decoris,
296 3871 393 3927 amata
424 3885 441 3928 a
470 3867 544 3929 Jove
568 3862 710 3940 ¹adultero
747 3875 777 3928 et
808 3887 953 3949 oppressa
981 3875 1043 3940 est,
1072 3885 1150 3945 quae
1178 3876 1303 3949 propter

123 3973 330 4048 perpetratum
353 3971 467 4030 crimen
490 3970 567 4050 fugit
590 3992 606 4034 a
629 3980 743 4054 patre,
762 3980 793 4034 et
815 3975 967 4054 praestitis
996 3973 1052 4032 sibi
1076 3988 1092 4030 a
1117 3968 1191 4032 Jove
1219 3975 1301 4033 auxi-

125 4072 174 4134 liis
222 4077 333 4135 armata
378 4076 475 4135 classe
523 4077 643 4138 intravit
677 4074 863 4154 Aegyptum,
904 4083 934 4135 et
977 4075 1111 4154 pluribus
1152 4079 1301 4136 consertis

123 4174 211 4239 hellis
240 4177 297 4239 sihi
328 4174 499 4259 Aegyptum
530 4179 658 4261 subegit.
703 4177 833 4240 Advenit
867 4178 959 4239 etiam
990 4199 1027 4240 eo
1060 4186 1197 4258 tempore
1226 4177 1301 4259 Apis
