2874 4770
780 133 850 228 aad

225 334 399 396 clamabant.
444 330 540 397 Multa
562 340 664 396 antem
687 338 830 399 sustinuit
851 339 883 400 in
904 337 956 399 illo
978 336 1046 398 loco
1068 338 1114 400 vir
1136 345 1281 414 sauctus,
1307 348 1339 404 et
1361 362 1408 405 re·

224 438 390 519 grediendo
421 440 451 500 in
483 438 590 500 cellam
620 456 706 502 snam
736 443 767 502 iu
791 448 905 502 tautam
926 443 1084 520 penuriam
1112 444 1211 514 venit,
1244 447 1408 523 quodnisi

223 543 363 606 bubalum
385 541 502 604 obviam
524 542 694 618 habuisset,
718 547 768 608 cui
790 563 825 607 se
842 548 1002 626 supposuit
1024 554 1056 608 et
1073 544 1199 628 papillas
1225 548 1294 627 ejus
1319 554 1405 624 suxit,

223 649 344 726 penitus
369 646 542 708 deiecisset.

309 804 343 865 Si
365 820 437 881 ergo
460 805 557 864 sancti
572 805 707 885 magistri
729 805 806 867 haec
821 807 1146 887 gentiliumopera'et
1168 807 1237 868 loca
1252 807 1403 877 viderunt,

223 923 283 968 uon
307 905 536 984 inquietandum
557 908 631 969 mibi
652 909 716 994 vel
735 908 822 970 alteri
853 908 1028 988 hujusmodi
1058 912 1199 973 visitatio.
1246 910 1404 973 Praeiatus

223 1028 310 1073 casus
325 1009 452 1072 Macarii
466 1011 594 1073 habetur
616 1012 647 1072 in
662 1009 807 1075 Antonini
823 1013 963 1076 Chronic.
987 1013 1019 1074 P.
1036 1013 1072 1076 11.
1089 1014 1148 1076 Tit.
1167 1011 1217 1078 15.
1235 1014 1268 1076 C.
1285 1012 1315 1080 6.
1332 1016 1361 1096 §.
1376 1014 1403 1079 1.

308 1166 354 1228 Ab
378 1169 500 1246 antiquo
527 1166 583 1229 iuit
605 1166 722 1247 Cyprus
750 1170 906 1248 proprium
934 1187 1080 1249 reguum,
1111 1171 1143 1230 iu
1171 1170 1402 1249 quo‘reguave·

222 1278 293 1334 runt
316 1273 513 1352 antiquissimi
536 1270 730 1351 Pygmalion,
759 1272 895 1351 Paphus,
927 1272 1035 1335 Cinara
1065 1280 1097 1334 et
1123 1272 1242 1334 Adonis
1277 1277 1402 1336 maritus

224 1378 366 1451 Veneris,
391 1383 422 1438 ct
444 1378 565 1448 caeteri,
589 1394 686 1455 usque
709 1377 746 1438 ad
769 1384 906 1457 tempora
927 1375 1088 1439 Alexandri
1109 1377 1163 1451 lt,
1186 1381 1239 1457 qui
1263 1396 1333 1439 earn
1357 1381 1401 1438 iu-

222 1483 318 1544 sulam
349 1500 442 1562 regno
468 1480 653 1555 Graecorum
675 1481 841 1560 copulavit,
875 1487 907 1543 ct
937 1501 998 1543 uon
1024 1500 1167 1561 regnum,
1196 1482 1252 1543 sed
1282 1490 1401 1562 partem

220 1587 306 1666 regni
338 1603 407 1646 esse
436 1550 706 1673 voluiltffipue
724 1584 866 1645 'insulam
890 1587 976 1665 qnasi
998 1588 1077 1665 regis
1103 1586 1208 1647 sedem
1234 1587 1400 1657 constituit,

220 1691 302 1773 npde
326 1709 362 1752 ex
385 1693 451 1770 ipsa
474 1708 542 1751 oum
566 1689 699 1751 exercitu
722 1687 877 1768 proiectus
901 1695 999 1751 totum
1021 1693 1170 1753 orientem
1192 1691 1332 1761 obtinuit,
1360 1692 1400 1751 si-

221 1801 273 1857 cut
294 1795 402 1856 dicitur
427 1792 456 1857 1.
489 1792 625 1855 Maccab.
658 1791 681 1854 1.
724 1792 876 1873 Egressus
900 1792 1041 1855 deterre
1065 1793 1202 1865 cethim,
1234 1792 1267 1853 id
1291 1801 1340 1855 est
1362 1793 1400 1855 de

219 1898 334 1977 Cypro,
365 1897 503 1976 provenit
523 1914 620 1974 usque
643 1897 680 1960 ad
702 1897 917 1969 fines'terrae,
947 1915 1045 1976 nsque
1075 1899 1106 1957 in
1128 1895 1261 1969 Indiam,
1293 1903 1325 1958 et
1347 1895 1400 1958 de·

219 2019 302 2062 murn
325 1998 445 2061 rediens
478 1999 515 2061 ad
545 2017 628 2061 mare
652 2000 794 2081 Caspium
825 2003 889 2063 sive
911 2000 1092 2073 llireanum,
1123 1998 1254 2060 ludaeos
1291 2000 1400 2061 decem

217 2107 364 2178 tribuum,
389 2123 464 2184 quos
488 2104 696 2166 Salmanasser
719 2103 936 2184 captivaverat,
970 2107 1081 2166 arctius
1103 2104 1254 2165 montibus
1280 2104 1400 2183 Caspiis

218 2212 356 2284 inclusit,
379 2217 413 2270 nt
436 2216 518 2290 patet
541 2227 634 2288 supra
654 2208 705 2270 fol.
730 2205 773 2274 97
787 2209 822 2271 A.
868 2210 914 2271 De
938 2226 997 2288 qua
1019 2207 1203 2269 ludaeorum
1224 2208 1400 2269 reclusione

217 2317 351 2396 loquitur
372 2312 519 2395 Magister
546 2315 579 2373 in
601 2311 712 2373 Schola
743 2311 887 2373 historica
920 2312 1024 2373 etalii
1047 2311 1290 2390 historiographi.
1337 2311 1400 2373 Sed

218 2420 355 2482 nonnulli
383 2420 545 2489 mirantur,
575 2434 613 2477 an
643 2415 753 2495 aliquid
783 2418 917 2478 veritatis
947 2418 979 2478 iu
1009 2434 1043 2477 re
1075 2415 1137 2478 sit?
1174 2414 1221 2478 Ad
1243 2417 1303 2478 hoc
1326 2417 1402 2479 dicit

216 2523 366 2588 Antonius
389 2525 420 2584 iu
437 2520 585 2584 Chronico
607 2518 640 2582 P.
658 2518 693 2580 ll.
720 2519 778 2580 Tit.
805 2516 854 2585 19.
880 2521 912 2582 d.
932 2517 972 2596 8,
997 2520 1077 2600 quod
1101 2520 1161 2582 duo
1184 2521 1294 2582 iratres
1317 2521 1399 2582 ordi·

216 2633 264 2692 nis
296 2631 391 2692 nostri
428 2629 514 2688 missi
543 2611 677 2704 propter
694 2623 765 2685 fidei
789 2642 894 2686 causas
916 2627 946 2685 in
971 2627 1121 2687 orientem
1152 2632 1332 2686 manserunt
1367 2627 1399 2686 iu

216 2730 371 2813 provincia
385 2730 532 2810 Georgiae
548 2731 577 2790 iu
593 2730 712 2791 civitate
730 2722 898 2807 Triphelis,
922 2730 998 2808 qnae
1014 2747 1109 2808 prope
1133 2735 1253 2791 montes
1269 2729 1399 2808 Caspios

218 2843 279 2909 est,
310 2843 429 2916 septem
459 2837 561 2910 annis,
593 2838 624 2894 et
651 2832 829 2911 diligentem
852 2835 1078 2912 inquisitionem
1106 2831 1145 2892 de
1175 2833 1233 2893 hoe
1256 2832 1398 2893 feceruut

218 2935 274 3019 (11)
298 2956 315 2999 a
338 2937 494 3016 Georgicis
518 2945 548 3000 et
571 2936 672 3007 Persis
697 2943 728 2997 et
750 2937 904 3010 llircanis,
937 2943 968 2999 et
991 2938 1083 2998 etiam
1106 2936 1141 2996 ab
1163 2937 1239 3015 ipsis
1262 2936 1398 3009 ludaeis,

218 3044 268 3121 qui
291 3060 397 3103 omnes
422 3041 541 3114 dieunt,
573 3039 655 3119 quod
686 3042 717 3100 in
741 3058 847 3101 eorum
869 3041 1002 3102 historiis
1035 3040 1109 3101 nihil
1131 3041 1252 3118 penitus
1276 3039 1315 3100 de
1338 3041 1398 3100 hoo

215 3148 398 3224 reperiatur,
434 3147 488 3207 sed
517 3143 633 3206 tautum
660 3142 720 3204 hoc
742 3143 902 3216 habeatur,
935 3144 1016 3223 quod
1038 3143 1207 3204 Alexander
1237 3145 1268 3203 in
1292 3153 1397 3223 partes

215 3250 282 3311 illas
304 3251 428 3312 veniens
460 3251 572 3327 reperit
593 3250 634 3310 ibi
661 3248 805 3309 bestiales
838 3249 992 3322 homines,
1021 3250 1224 3310 inhumaniter
1245 3250 1396 3321 viventes,

215 3355 268 3433 qui
289 3354 427 3415 homines
444 3352 651 3420 comedebant
673 3358 703 3412 et
725 3334 759 3412 se
782 3353 912 3414 invicem
929 3351 1130 3425 devorabant3
1154 3353 1209 3413 hos
1232 3352 1270 3412 de
1295 3354 1394 3432 planis

215 3464 247 3518 et
276 3457 485 3520 habitabilibus
518 3459 594 3518 locis
617 3456 730 3534 expulit
763 3462 794 3515 et
815 3457 893 3517 intra
917 3463 1058 3517 montana
1081 3457 1214 3519 habitare
1237 3458 1340 3535 coegit
1364 3464 1396 3518 et

214 3560 255 3622 ibi
278 3569 379 3638 portas
403 3562 515 3622 exstrui
538 3560 626 3631 tecit,
649 3575 728 3638 quae
750 3564 856 3639 portae
875 3557 1036 3637 Alexandri
1058 3560 1148 3622 hodie
1171 3567 1392 3638 nuncupantur.

214 3662 350 3725 Tandem
372 3670 474 3725 autern
488 3662 660 3725 Alexander
680 3661 816 3739 subjecto
848 3665 978 3723 crieme-
992 3682 1060 3724 cum
1090 3666 1205 3727 infinita
1227 3664 1394 3744 spoliorum

215 3769 301 3846 copia
323 3769 355 3826 in
378 3766 510 3846 Cyprum
531 3782 672 3828 reversus
704 3772 751 3826 est
781 3783 908 3845 eamque
931 3766 1107 3828 attinentem
1130 3769 1238 3831 divitiis
1263 3774 1293 3829 et
1317 3767 1393 3828 deli-

214 3875 268 3933 ciis
290 3871 372 3932 iecit.
418 3871 524 3931 Stante
554 3887 625 3949 ergo
650 3869 836 3938 Graecorum
857 3889 951 3949 regno
983 3872 1099 3952 Cyprus
1131 3890 1188 3950 per
1218 3870 1391 3951 praefectos

213 3973 382 4054 regebatur.
421 3972 554 4034 Demum
575 3974 703 4034 ltomaui
733 3974 907 4035 monarchia
922 3974 1030 4055 adepta
1058 3975 1237 4054 subregulos
1260 3975 1301 4035 ibi
1318 3994 1391 4035 cou-

213 4080 391 4149 stitubruut,
419 4075 457 4137 dc
480 4076 586 4155 quibus
610 4065 689 4136 nnus
715 4074 771 4137 init
794 4075 921 4151 011111,
951 4086 1038 4157 pater
1059 4078 1188 4138 Sanctae
1213 4077 1390 4140 catharinae

114 4190 121 4203 ’
212 4183 354 4264 riaginis,
385 4197 476 4263 quam
497 4169 538 4243 'itt
563 4175 736 4244 1111111111
759 4184 965 4274 1111111111
993 4178 1300 4255 111111111111111,
1334 4181 1392 4243 scd
