2874 4770
210 378 389 441 Plutarchus
410 381 441 439 in
455 383 517 441 rita
532 382 706 444 Salomonis
721 382 869 461 scriptum
883 378 1032 459 prodidit,
1055 379 1211 452 Milesios,
1235 400 1304 464 quo

123 483 195 545 darn
214 491 353 563 tempore
375 484 456 563 apud
479 485 558 547 hanc
578 487 711 547 insulam
729 486 867 563 hospites
889 500 906 544 a
931 485 1136 561 piscatoribus
1159 495 1227 547 rete
1250 495 1304 548 tra·

123 588 265 649 bentibus
283 584 399 663 jactum
423 592 553 661 emisse,
582 593 635 669 qni
657 606 782 652 aureum
805 587 997 649 extrahentes
1016 588 1240 670 [extrahebant]
1258 595 1304 652 tri·

124 691 253 772 podem,
282 709 374 770 quem
397 691 501 753 lerunt
528 693 695 766 llelenam,
724 711 794 753 cum
816 711 834 753 e
856 690 948 768 Troia
978 694 1154 771 navigaret,
1178 694 1305 773 quodam

122 797 247 856 oraculo
278 794 478 868 admonitam,
508 800 540 858 in
568 799 616 859 his
646 799 722 859 locis
743 798 942 857 immersisse.
989 795 1080 857 Varia
1112 798 1152 858 de
1184 800 1243 859 hac
1275 816 1304 859 re

123 901 255 960 narratio
277 907 342 971 est,
365 907 399 960 nt
422 908 504 978 patet
526 920 619 980 snpra
640 901 705 962 rot
730 897 802 964 125.

210 1004 252 1066 Ex
274 1005 330 1065 hac
351 1003 451 1063 insula
472 1002 675 1082 llippuerates
706 1004 778 1074 tuit,
811 1002 930 1063 divinus
951 1001 1003 1063 ille
1027 1003 1188 1077 medicus,
1224 1005 1302 1082 cujas

124 1108 224 1170 adhuc
246 1115 364 1170 exstant
383 1126 494 1186 opera,
516 1113 548 1168 et
570 1112 674 1170 ruinae
697 1109 806 1169 domus
828 1106 896 1184 ejus
919 1107 1125 1169 ostenduntur
1148 1117 1180 1170 et
1203 1110 1301 1171 honus

124 1213 284 1274 herbarum
306 1211 541 1272 medicinalium.

211 1319 322 1397 Spmns
345 1318 438 1378 etiam
461 1315 599 1393 ejusdem
623 1318 695 1376 artis
719 1315 904 1377 clarissimus
930 1314 1002 1374 inde
1030 1318 1184 1393 originem
1212 1318 1302 1379 traxit

124 1421 284 1494 Quondam
300 1425 392 1484 etiam
407 1422 527 1498 insigne
548 1420 697 1499 templum
707 1404 891 1498 Aesculapii*
903 1420 944 1478 ibi
958 1426 1032 1490 erat,
1055 1422 1087 1480 in
1104 1439 1167 1499 quo
1182 1421 1302 1500 Antigo-

125 1526 224 1585 nissae
240 1527 340 1603 imago
356 1524 392 1585 ab
407 1524 515 1604 Apelle
530 1524 661 1604 depicta,
683 1533 715 1585 et
730 1525 832 1585 l'enns
847 1523 945 1594 nuda,
967 1529 1033 1583 erte
1048 1526 1301 1605 ingeniosissima.

210 1628 294 1690 lianc
322 1629 450 1689 insulam
481 1648 553 1689 cnm
574 1628 726 1690 desiderio
749 1627 825 1700 vidi,
856 1634 890 1689 ut
921 1628 1100 1689 clarissimis
1132 1629 1302 1690 doctoribus

123 1731 249 1792 medicis
272 1735 354 1794 urbis
377 1732 546 1806 Ulmensis,
574 1735 647 1794 mihi
670 1734 775 1811 utique
798 1732 1036 1803 colendissimo,
1068 1733 1107 1794 dc
1131 1752 1170 1794 ea
1192 1733 1302 1794 referre

123 1859 261 1920 possem,
294 1861 364 1904 cnm
386 1845 463 1904 haec
485 1844 586 1905 insula
608 1841 801 1920 singulariter
823 1842 924 1923 sacris.
941 1836 998 1921 (b)
1020 1839 1111 1900 divae
1134 1837 1301 1897 medicinae

122 1944 213 2006 inerit
236 1945 351 2019 dicata,
385 1954 418 2008 ct
439 1949 555 2008 ratione
584 1945 772 2007 medicorum
794 1946 825 2005 iu
849 1963 886 2005 ea
909 1946 1098 2023 genitorum,
1133 1949 1166 2002 et
1187 1943 1299 2002 ratione

123 2046 228 2126 glebae
252 2048 394 2122 salubris,
423 2051 549 2114 terentis
572 2054 752 2113 aromaticas
776 2049 884 2110 herbas
907 2056 939 2109 et
960 2048 1095 2119 radices,
1131 2053 1165 2107 et
1187 2048 1299 2107 ratione

123 2152 266 2214 librorum
288 2153 456 2216 medicinae
479 2157 510 2215 iu
534 2155 591 2216 bac
612 2156 709 2216 insula
732 2154 889 2214 laetorum.
933 2151 1047 2213 Eadem
1068 2154 1165 2212 etiam
1187 2153 1299 2212 ratione

122 2256 220 2318 insula
242 2257 336 2319 Delos
365 2258 472 2319 honori
500 2258 602 2319 habita
629 2265 694 2329 est,
727 2259 797 2336 qnia
827 2259 860 2317 in
890 2273 928 2317 ea
950 2254 1078 2334 Apollo,
1111 2256 1299 2316 medicorum

125 2379 262 2422 summus
293 2361 409 2433 lloruit,
438 2347 476 2422 ¹ut
498 2367 583 2440 patet
605 2379 696 2440 supra
717 2360 770 2421 fol.
796 2356 858 2423 154
881 2361 911 2420 b.
940 2358 1013 2418 Post
1036 2375 1128 2436 quem
1151 2358 1300 2420 medicina

124 2470 296 2547 quingentis
320 2470 407 2529 annis
441 2466 550 2527 abolita
579 2464 650 2537 luit,
680 2473 713 2526 et
745 2468 777 2526 in
808 2465 865 2525 hac
888 2465 950 2526 Coa
978 2441 1084 2525 insula·
1107 2483 1166 2544 per
1187 2463 1297 2541 Hippo·

125 2580 237 2635 cratem
262 2575 428 2634 reinventa.
475 2569 645 2631 Occasione
677 2568 743 2646 ejus
779 2570 828 2629 hic
855 2567 959 2629 videre
993 2569 1095 2646 placet
1124 2567 1241 2647 aliquid
1262 2565 1296 2625 dc

126 2676 299 2738 clarissimis
323 2680 427 2755 primis
453 2674 539 2736 divae
562 2674 730 2735 medicinae
753 2673 968 2734 inventoribus

211 2779 319 2858 Apollo
343 2780 468 2840 Vulcani
492 2786 522 2839 et
544 2778 700 2840 Minervae
722 2778 816 2844 lilius,
849 2795 866 2837 a
889 2785 1002 2849 matre,
1036 2777 1205 2854 sapientiae
1235 2773 1297 2844 dea

124 2887 155 2945 in
178 2885 279 2944 multis
303 2887 467 2946 instructus
490 2891 520 2945 et
541 2891 647 2963 postea
669 2885 843 2961 ingeniosus
866 2883 978 2953 lactus,
1002 2883 1117 2960 primus
1141 2879 1299 2939 herbarum

124 2987 206 3046 novit
239 2986 365 3047 virtutes
401 2996 430 3047 et
464 2987 599 3048 radicum
627 2989 706 3048 vires
744 2995 774 3047 et
804 2986 841 3046 ad
872 2987 1112 3066 opportunitates
1143 2984 1298 3043 hominum

124 3106 227 3148 earum
251 3089 377 3149 virtutes
403 3089 562 3170 adaptavit,
588 3098 619 3152 et
641 3093 682 3151 ita
704 3089 840 3150 medicus
865 3090 973 3150 ellicax
994 3088 1093 3148 lactus
1119 3089 1155 3148 ab
1172 3087 1297 3146 bamini·

123 3192 179 3252 bus
203 3191 319 3252 divinos
341 3193 473 3257 bonores
506 3197 617 3257 babere
645 3199 756 3258 meruit
790 3203 823 3256 et
844 3198 947 3256 vivens
975 3194 1111 3273 prodeo
1136 3193 1296 3252 colebatur.

125 3295 191 3356 Fuit
214 3305 315 3359 autern
339 3307 408 3360 ante
433 3301 553 3361 Domini
576 3303 815 3362 incarnationem
831 3318 909 3361 anno
928 3296 1012 3363 1740
1034 3299 1090 3359 sub
1113 3295 1299 3374 temporibus

124 3399 207 3463 lsaac
230 3407 425 3482 patriarchae.
470 3405 566 3469 Multa
599 3414 700 3469 autern
734 3408 802 3468 licta
832 3414 955 3486 propter
986 3407 1114 3483 insignia
1145 3420 1201 3463 sua
1224 3401 1298 3461 lacta

125 3504 163 3567 dc
187 3511 396 3576 cohabentur.
427 3515 544 3575 Dicitur
560 3499 650 3584 enirn,
674 3512 754 3590 quod
770 3513 841 3573 dum
858 3511 1035 3581 audivisset,
1059 3525 1184 3570 uxorem
1204 3521 1298 3571 suam,

125 3628 215 3689 quarn
238 3614 512 3697 impraegnaverat,
535 3616 677 3678 babuisse
702 3635 771 3676 cum
794 3617 888 3677 altero
906 3617 971 3676 viro
988 3615 1184 3691 colloquium,
1207 3613 1299 3670 iratus

125 3718 342 3792 eumoccidit,
376 3723 445 3784 lacti
475 3739 546 3784 vero
569 3724 728 3800 poenitens
760 3740 829 3782 curn
851 3720 993 3782 remediis
1018 3722 1080 3780 suis
1104 3735 1172 3778 eam
1195 3715 1232 3775 ah
1255 3715 1299 3772 in·

124 3818 197 3881 feria
219 3824 359 3900 nequiret
382 3841 524 3887 revocare
541 3824 578 3886 ad
595 3829 703 3898 vitam,
728 3831 814 3886 secto
839 3824 903 3902 ejus
921 3830 1007 3884 utero
1030 3823 1177 3883 infantem
1200 3822 1300 3881 vivum

126 3924 227 3987 eduxit
260 3942 390 4005 eumque
428 3925 641 4006 Aesculapium
676 3932 804 3991 vocavit.
858 3927 935 3988 Juno
974 3930 1080 3998 etiam,
1120 3925 1192 3986 dum
1220 3927 1301 3982 esset

125 4029 250 4100 storllls,
274 4028 329 4090 albi
347 4038 511 4110 conquesta
527 4037 588 4102 est,
613 4034 664 4111 qui
688 4050 755 4093 eam
771 4034 922 4104 invitavit,
946 4032 1021 4093 dans
1038 4036 1066 4094 ei
1081 4032 1300 4094 comedendam

125 4136 273 4197 lactucam
297 4140 456 4211 agrestem,
484 4152 501 4197 a
524 4149 582 4214 qua
612 4153 781 4216 praegnans
805 4135 883 4197 lacta
907 4135 970 4195 luit.
1017 4136 1085 4209 Quo
1109 4142 1201 4199 etiam
1224 4148 1299 4201 tem-

125 4254 199 4323 pore
229 4235 286 4301 tuit
309 4235 422 4301 Chiron
451 4236 591 4321 quidam,
622 4240 669 4303 vir
685 4224 907 4319 justissimus,
921 4235 1058 4301 modicus
1089 4251 1233 4323 expertus
1264 4242 1300 4304 de
