2874 4770
717 156 782 226 alo

165 337 288 416 Agenor
319 335 384 398 Beli
415 337 641 400 vetustissimus
672 336 750 398 lilius
774 337 904 408 exstitit3
934 334 983 394 hic
1004 331 1129 412 Agenor
1150 334 1181 393 in
1204 329 1344 410 Aegypto

166 443 263 522 primo
287 440 440 513 consedit,
475 440 531 501 sed
561 449 647 520 peste
680 422 884 520 pulsus-inde
917 441 1035 517 navigio
1065 456 1121 516 per
1150 439 1242 497 maris
1265 439 1345 497 viam

167 547 250 608 venit
270 547 302 605 in
315 544 499 604 Phoenicem
523 551 553 606 et
576 545 760 607 aPhoenice
777 545 915 621 migravit
935 543 1008 603 Cilix
1031 544 1061 603 in
1086 542 1229 613 Ciliciam,
1254 558 1346 619 quam

167 648 245 709 iorte
269 648 403 709 nondum
427 649 622 709 inhabitatam
654 649 777 709 invenit.
823 647 900 707 Sunt
922 653 1025 707 tamen
1049 649 1100 724 qui
1123 646 1238 717 dicant,
1275 663 1344 723 pro-

166 755 295 815 vinciam
318 751 394 811 hanc
418 752 781 829 aCadinooccupatam,
806 756 966 828 antequam
989 753 1178 828 quaesiturus
1192 750 1347 827 Europam

167 860 338 917 mitteretur
362 863 502 934 epatre,
527 873 655 934 eamque
679 861 785 933 postea
807 854 933 916 aCilicc
956 872 1130 933 possessam
1148 854 1261 914 Cadino
1285 872 1347 913 non

168 959 325 1021 redeunte.
370 959 397 1019 Α
420 966 505 1038 tergo
536 960 627 1020 habet
648 958 782 1019 Taurum
806 966 940 1019 montem
968 958 1218 1028 famosissimum,
1254 975 1348 1034 quern

167 1060 429 1144 idemleundem)
462 1081 530 1123 cum
554 1062 690 1122 Caucaso
721 1069 823 1122 monte
847 1062 968 1137 dicunt,
1004 1069 1035 1123 et
1058 1080 1074 1122 a
1097 1063 1171 1121 mari
1202 1068 1305 1121 nostro
1332 1079 1350 1121 a

168 1170 315 1249 principio
339 1167 461 1227 Ciliciae
491 1183 588 1243 usque
618 1167 648 1225 in
670 1153 829 1225 ¹orientem
858 1172 1024 1226 extremum
1056 1165 1193 1244 protendi
1217 1163 1349 1225 ridetur.

168 1273 288 1335 Pictura
310 1280 410 1333 tamen
433 1271 601 1332 Ptolomaei
624 1270 756 1333 dividere
787 1276 922 1329 montem
946 1266 1002 1350 (b)
1035 1270 1114 1330 hunc
1142 1268 1261 1331 videtur
1293 1287 1353 1346 per

169 1377 352 1455 Euphratem
376 1364 498 1436 lluvium
522 1374 666 1452 paradisi,-
698 1375 749 1452 qui
771 1392 826 1452 per
849 1372 1072 1453 mediumejus
1096 1373 1215 1442 transit,
1249 1377 1281 1431 et
1303 1374 1353 1431 in-

169 1480 260 1540 ierior
284 1477 352 1556 pars
382 1478 490 1539 dicitur
513 1477 647 1549 Taurus,
680 1479 738 1539 alia
768 1476 878 1538 dicitnr
900 1477 1062 1560 Caucasus.
1110 1475 1217 1535 Graeci
1246 1482 1356 1536 tamen

168 1582 254 1643 illum
276 1587 373 1641 totum
406 1587 437 1641 et
469 1580 677 1657 longissimum
700 1588 837 1654 tractum,
855 1581 946 1642 simul
977 1582 1133 1641 nominant
1159 1580 1356 1650 Ceraunium,

169 1692 201 1746 et
216 1683 305 1761 hujus
321 1684 450 1745 nominis
474 1701 565 1762 saepe
590 1666 775 1746 memoratur
796 1686 827 1745 S.
843 1684 1024 1764 leronymus
1046 1686 1076 1743 in
1099 1685 1162 1743 suis
1186 1683 1284 1743 dictis.
1318 1683 1358 1743 Et

169 1789 220 1849 ille
244 1806 331 1847 mons
356 1794 438 1848 recte
462 1784 572 1847 dicitur
594 1793 701 1849 catena
723 1774 836 1860 mundi,
859 1807 928 1850 narn
943 1788 1047 1849 Asiam
1067 1804 1188 1847 omnem
1204 1786 1240 1845 ab
1257 1785 1355 1847 Aeois

169 1892 317 1969 incipiens
342 1897 374 1951 et
395 1893 425 1951 in
442 1890 580 1951 Cilicium
603 1909 686 1953 mare
711 1893 853 1968 desinens
875 1895 905 1953 in
922 1893 996 1954 duas
1011 1891 1075 1951 lere
1092 1890 1232 1969 aequales
1249 1897 1356 1968 partes

170 1992 292 2066 dividit,
325 1986 432 2071 incipit
455 1996 491 2054 ab
514 1992 616 2055 lndico
641 1997 716 2057 mari
742 2003 773 2058 et
794 1997 891 2058 tendit
914 1995 1145 2065 inocciduum,
1173 2012 1227 2072 per
1250 1997 1356 2056 varios

170 2100 409 2182 circumvagatur
441 2095 536 2159 llerns
568 2116 667 2177 usquc
700 2099 737 2160 ad
759 2100 917 2178 ,Riphaeos
951 2107 1088 2171 montes,
1123 2099 1231 2178 quibus
1255 2096 1356 2177 Alpes

165 2199 265 2278 juncti
289 2201 378 2262 aliam
393 2201 497 2263 mundi
514 2200 693 2263 divisionem
708 2202 779 2262 lacit
790 2200 940 2283 (iaciunt).
970 2203 1042 2265 ldeo
1060 2221 1146 2264 nrons
1163 2202 1212 2263 ille
1231 2200 1357 2264 Taurus

170 2313 221 2367 aut
244 2306 397 2367 Caucasus
420 2306 534 2366 infinita
557 2306 647 2367 hahet
670 2286 799 2367 nomina.

255 2408 345 2470 Mons
368 2409 418 2469 ille
441 2411 478 2470 ab
501 2427 559 2471 una
582 2417 666 2488 parte
690 2410 801 2472 claudit
825 2410 976 2481 Ciliciam,
1011 2411 1047 2470 ab
1070 2391 1127 2470 alia
1157 2413 1243 2487 parte
1267 2427 1356 2471 mare

171 2513 270 2573 habet.
317 2511 409 2572 Porro
433 2512 519 2576 ultra.
542 2516 653 2573 montis
681 2511 789 2592 juguni
822 2520 926 2581 contra
956 2515 1104 2574 orientem
1137 2519 1184 2572 est
1205 2511 1355 2575 Armenia

170 2608 269 2676 minor
292 2620 322 2674 et
346 2614 460 2692 major,
485 2622 516 2676 et
539 2616 574 2676 ab
599 2617 760 2677 occidente
780 2619 891 2676 iterum
913 2634 969 2695 per
989 2615 1202 2692 interjacentes
1227 2624 1354 2677 montes

171 2727 218 2781 est
235 2719 413 2798 Capadoeia.
443 2720 477 2781 ln
492 2719 634 2782 Armenia
658 2727 706 2782 est
727 2738 814 2781 mons
837 2720 889 2780 ille
905 2720 1068 2780 altissimus
1084 2718 1218 2791 Ararath,
1243 2722 1355 2799 inquo

172 2824 261 2884 archa
283 2831 351 2901 post
382 2824 722 2903 diluvium-requievit,
755 2825 787 2883 in
810 2840 886 2901 quo,
918 2829 952 2883 ut
981 2822 1099 2894 dicunt,
1132 2840 1230 2901 usque
1258 2824 1355 2885 hodic

170 2927 319 3004 lignorum
342 2929 468 3006 vestigia
491 2928 528 2988 de
552 2928 641 2987 archa
656 2928 856 3006 reperiuntur,
880 2944 957 3004 quae
975 2927 1136 3004 plurimum
1160 2933 1230 2987 sunt
1253 2928 1354 2989 medi·

173 3029 288 3089 cinalia.
333 3032 444 3091 Dicunt
466 3034 556 3091 etiam
580 3031 700 3114 quidam
723 3036 841 3092 veteres
871 3031 1012 3109 gentiles,
1046 3030 1127 3108 qrrod
1153 3015 1355 3093 inarmonia

172 3151 260 3193 mons
283 3135 337 3205 sit,
360 3132 445 3193 Baris
469 3135 654 3214 appellatus,
679 3132 857 3222 conjunctus
873 3133 1019 3212 praelato,
1043 3136 1073 3195 in
1097 3152 1188 3211 quem
1210 3142 1354 3212 ternpore

173 3235 276 3297 diluvii
294 3236 508 3314 ,confugientes
532 3236 636 3300 salvati
660 3237 782 3298 luerunt
805 3238 840 3298 ab
864 3238 965 3315 aquis,
981 3321 985 3327 Ι
1000 3244 1039 3298 et·
1053 3238 1111 3298 hoc
1132 3237 1211 3299 forte
1235 3237 1355 3299 iactum

65 3343 67 3346 ⁴
172 3339 228 3400 luit
251 3342 282 3399 in
306 3339 415 3400 diluvio
438 3347 575 3420 ternpore
599 3341 721 3420 Ogygis.
767 3341 804 3401 Et
831 3341 872 3401 ibi
901 3343 998 3401 etiam·
1022 3341 1135 3401 iaciunt
1163 3342 1353 3401 mentionem

173 3441 211 3501 de
234 3441 298 3512 his,
322 3444 392 3520 quia
415 3444 502 3508 archa
525 3446 604 3504 vecti
619 3446 648 3504 in
664 3444 721 3504 hoo
737 3444 942 3506 consederunt
956 3451 1072 3514 monte,
1097 3450 1130 3504 ut
1150 3443 1239 3504 habet
1253 3443 1352 3503 Euse-

171 3544 239 3605 bius
263 3543 300 3604 (lc
323 3544 501 3621 Evangelica
525 3548 762 3626 praeparatione.
793 3547 825 3607 ln
850 3548 1017 3626 Capadocia
1040 3566 1128 3608 mons
1151 3553 1208 3618 est,
1230 3546 1353 3625 Argeus

174 3647 287 3717 dictus,
311 3646 420 3708 arduus
444 3650 607 3726 plurimum
632 3655 662 3708 et
678 3651 760 3709 ornni
783 3656 920 3730 tempore
937 3652 1051 3731 pruinis
1077 3653 1200 3728 rigens,
1218 3670 1353 3730 eumque

173 3750 230 3810 Dei
253 3750 454 3812 habitaculum
477 3753 740 3813 veteresacoolae
764 3753 929 3816 credidere.
975 3755 1135 3815 lnCilieia
1158 3761 1275 3826 autem,
1313 3755 1352 3816 de

175 3871 233 3932 qua
255 3871 335 3914 nnnc
357 3872 458 3914 sermo
474 3857 575 3925 currit,
597 3861 731 3915 montem
747 3840 925 3918 altissimum
944 3858 1082 3930 vidimus,
1106 3876 1197 3937 quem
1213 3858 1353 3920 Coritum

173 3958 348 4038 nominant,
372 3959 423 4035 qui
446 3974 533 4018 mons
556 3958 664 4034 insigni
689 3975 783 4036 specu
807 3961 1029 4034 estmirabjlls.
1075 3962 1152 4023 Nam
1174 3964 1204 4021 in
1228 3979 1352 4023 summo

175 4063 285 4121 montis
306 4063 421 4123 vertice
444 4058 544 4137 amplo
567 4063 640 4120 satis
663 4061 744 4123 hiatu
767 4071 866 4142 patet,
891 4072 922 4126 et
945 4067 977 4126 in
1000 4065 1184 4144 profundum
1207 4063 1352 4127 demissis

176 4170 288 4242 quanto
310 4165 408 4242 magis
423 4161 595 4241 plimittitur,
613 4170 701 4225 tanto
716 4167 843 4244 amplior
865 4166 1012 4240 elicitur,
1036 4175 1069 4229 et
1082 4168 1216 4248 undique
1232 4169 1351 4248 puben-
