2902 4710
734 151 799 220 370

178 329 258 410 quod
281 347 425 390 ascensus
448 326 609 409 graduatus
632 344 668 387 ex
683 333 788 388 natura
811 344 933 387 sursum
955 332 1020 388 erat
1034 342 1131 404 usque
1156 326 1194 389 ad
1208 343 1359 389 cacumen

177 434 468 512 promontoriorum,
505 439 537 493 et
558 433 668 492 mirum
691 431 747 491 fuit
768 430 871 512 videre
893 439 956 492 tam
986 432 1119 510 ingentia
1146 448 1231 502 saxa,
1269 435 1360 511 quasi

179 537 215 598 ad
239 536 464 598 ascendendum
487 535 622 596 ordinata
645 553 700 614 per
722 552 842 606 manus,
875 536 978 613 utique
1002 536 1114 595 summi
1141 534 1258 613 opificis
1282 545 1360 600 nutu

179 647 286 701 cuncta
318 639 502 712 ordinantis,
534 639 752 700 insufficientes
783 640 863 699 enim
897 645 999 698 essent
1031 639 1166 699 omnium
1198 640 1360 702 bominum

175 762 281 806 manus
305 751 336 804 et
359 743 507 806 deiectius
530 760 578 804 ars
602 742 640 803 ad
663 741 877 820 apponendum
903 747 965 802 tam
989 740 1133 820 grandem
1155 744 1268 804 molem
1297 744 1358 806 boc

177 849 291 910 ordine.
336 847 408 908 ldeo
432 849 546 925 antiqui
569 846 667 906 Deum
690 847 863 924 ignorantes
886 845 1031 912 artificem
1052 864 1154 909 rerum
1176 847 1361 925 quibusdam

178 951 335 1013 Titanibus
359 959 390 1012 et
407 951 584 1032 Gigantibus
608 950 809 1011 attribuebant
831 949 900 1010 talia
923 952 1065 1011 immania
1088 967 1189 1029 opera.
1218 947 1360 1013 Allectus

178 1074 250 1135 ergo
274 1056 334 1116 loci
357 1055 555 1134 dispositione
577 1054 705 1115 mirabili
728 1056 829 1133 rogavi
861 1053 1016 1115 dominum
1038 1053 1206 1120 iohannem
1229 1060 1360 1129 socium,

177 1158 342 1221 ascendere
375 1176 495 1219 meeum
527 1161 558 1219 in
589 1144 847 1238 promontorium,
880 1159 912 1217 in'
935 1156 1021 1235 cujus
1054 1161 1228 1220 summitate
1258 1160 1361 1220 stabat

177 1265 313 1342 signum;
336 1264 481 1340 quicum
509 1260 700 1323 difficultaret
730 1263 887 1340 assignans
914 1263 1111 1339 promontorii
1133 1261 1360 1336 celsitudinem,

179 1365 238 1427 dixi
262 1369 290 1427 ei
314 1384 382 1426 cum
409 1365 613 1443 jocunditate:
646 1372 678 1426 et
699 1367 725 1424 si
754 1365 846 1426 altum
881 1371 929 1424 est
961 1367 1217 1443 promontorium,
1239 1372 1360 1428 'tamen

178 1489 251 1532 ecce
284 1490 430 1532 ascensus
454 1470 597 1551 gradatus
629 1476 660 1529 et
683 1471 798 1548 optime
822 1468 992 1540 ordinatus;
1026 1475 1060 1530 ut
1083 1465 1144 1550 (ad)
1168 1468 1241 1547 quid
1262 1472 1360 1546 etiam

176 1575 323 1635 Dominus
346 1575 426 1635 hunc
449 1574 620 1635 ordinasset
634 1591 804 1646 ascensum,
828 1575 885 1633 nisi
902 1573 1086 1634 adscendere
1103 1575 1170 1652 quis
1185 1573 1360 1636 voluisset?

176 1697 235 1740 non
260 1681 351 1758 pigris
376 1686 427 1739 aut
450 1679 549 1739 stultis
572 1679 744 1739 bominibus
767 1678 848 1738 hunc
871 1676 944 1738 iacit
968 1694 1147 1749 ascensum,
1171 1676 1225 1738 sed
1248 1679 1361 1739 ammi-

176 1783 278 1843 rativis
302 1790 333 1842 et
348 1784 583 1860 ‚congrescitivis
607 1800 678 1843 eum
701 1785 831 1860 paravit,
855 1790 885 1843 at
901 1784 967 1860 quis
983 1784 1058 1854 scit,
1081 1783 1107 1842 si
1121 1781 1199 1842 torte
1215 1784 1361 1861 superius

176 1888 215 1967 sit
238 1885 350 1963 aliquid
373 1888 539 1964 pretiosum
570 1885 619 1969 vel
651 1886 803 1957 mirabile,
838 1904 897 1963 quo
927 1888 983 1949 viri
1015 1884 1134 1947 fideles·
1154 1885 1360 1963 delectentur.

176 1987 233 2049 Bis
249 1994 281 2047 et
304 1989 450 2048 similibus
473 1990 572 2051 verbis
594 1991 736 2050 incitatus
759 1992 804 2052 vir
836 1989 1015 2052 venerabilis
1049 1969 1207 2050 descendit
1234 2007 1362 2052 mecum

180 2093 209 2151 in
225 2091 359 2164 barcam,
384 2097 414 2152 et
431 2092 602 2171 eductiper
617 2110 709 2171 rupes
736 2092 929 2154 ascendimus
953 2092 1135 2154 scandentes
1151 2094 1230 2153 sicut
1247 2098 1362 2173 caprae

177 2197 328 2273 usquein
352 2195 466 2257 celsum
490 2213 645 2259 cacumen.
691 2194 848 2281 llorribilis
872 2196 996 2275 quidem
1024 2194 1265 2266 tolerassemus,
1303 2198 1362 2260 sed

176 2317 321 2378 securus,
345 2319 402 2361 nec
425 2307 544 2379 poterat
566 2301 657 2361 bomo
681 2307 847 2362 retrorsum
871 2300 995 2379 cadere,
1031 2301 1122 2386 etiam
1147 2301 1361 2379 vertiginosus,

175 2405 312 2481 quamvis
348 2404 569 2465 lormidandum
602 2407 813 2484 praecipitium
845 2405 1002 2466 videretur
1025 2403 1236 2475 ,adscendenti
1274 2423 1359 2469 esse.

176 2507 253 2569 Cum
276 2526 347 2587 ergo
371 2510 401 2568 in
417 2510 620 2569 summitatem
636 2511 840 2582 venissemus,
865 2511 1033 2570 invenimus
1048 2509 1089 2569 ibi
1106 2509 1198 2573 altum
1213 2525 1362 2574 aceruum

174 2603 477 2692 lapidum‘etsupar
501 2630 570 2672 aum
599 2613 743 2691 grandem
768 2629 890 2677 crucem
904 2613 1035 2691 ligneam
1057 2614 1223 2697 insignum
1239 2621 1360 2692 portus.

176 2715 265 2775 Sunt‘
276 2717 358 2775 enim
380 2717 410 2775 in
434 2716 509 2775 locis
532 2718 694 2793 portuosis.
709 2718 752 2776 sic
775 2718 860 2796 signa
883 2716 997 2785 locata,
1030 2722 1064 2776 nt
1086 2715 1158 2776 dum
1180 2719 1361 2797 navigantes

175 2824 342 2895 tempestas
366 2821 530 2895 acceperit,
554 2819 672 2896 possint
694 2818 814 2891 videre,
846 2818 884 2879 ad
907 2835 984 2896 quae
1007 2818 1107 2880 littora
1130 2821 1195 2881 sine
1219 2822 1361 2901 periculo

179 2921 343 2998 coningere
365 2920 505 2991 debeant.
550 2921 682 2982 Adorata
706 2929 808 2983 autem
831 2940 923 2983 eruce
947 2924 1139 2996 ascendimus
1155 2941 1248 3002 super
1272 2943 1361 2988 acer·

174 3043 243 3085 vum
269 3031 299 3085 et
315 3027 554 3104 circumspicere·
579 3027 750 3104 incepimus
767 3024 914 3106 (bola)
942 3027 979 3090 ad
1004 3027 1107 3089 mundi
1122 3028 1235 3107 plagas,
1252 3037 1362 3092 contra

175 3125 330 3188 Orientem
353 3128 434 3188 enim
457 3127 614 3188 babuimus
630 3127 799 3208 lllyrioum,
824 3137 928 3191 contra
951 3131 1108 3192 meridiem
1131 3150 1204 3194 vero
1220 3132 1363 3196 Siciliam

175 3238 207 3292 et
228 3231 382 3310 Apuliam,
406 3238 508 3299 contra
522 3228 693 3310 aquilonem
709 3232 909 3306 Pannoniam,
934 3218 1168 3314 Ungariam,ei
1189 3235 1232 3297 ibi
1252 3245 1362 3300 osten·

174 3334 217 3396 dit
233 3335 303 3395 mihi
319 3335 459 3395 dominus
476 3333 628 3396 lohannes
644 3344 761 3397 rnontes
778 3345 809 3399 et
823 3340 971 3398 terminos
987 3335 1136 3416 Ungariae
1154 3340 1360 3416 etquomodo

174 3440 209 3500 ab
232 3440 283 3500 illo
306 3440 374 3503 loco
398 3459 452 3518 per
475 3440 658 3501 Sebanioum
681 3443 819 3503 tritavia
842 3443 962 3503 venitur
984 3459 1082 3520 usque
1109 3443 1144 3503 *in
1166 3440 1361 3507 Transsilva·

173 3548 269 3616 niam3
295 3544 348 3606 sed
373 3546 442 3623 quia
458 3542 549 3605 Turni
574 3553 724 3626 occupant
736 3545 799 3623 jam
823 3547 889 3606 loca
912 3546 1028 3619 media,
1050 3565 1110 3609 non
1126 3553 1209 3625 patet
1225 3549 1361 3627 amplius

172 3650 220 3707 via
235 3648 408 3708 Christianis
431 3649 532 3709 brevis
554 3651 585 3710 in
608 3648 787 3728 Ungariam,
811 3648 866 3709 sed
889 3667 944 3728 per
966 3650 1071 3727 longas
1088 3651 1286 3713 circuitiones
1311 3655 1360 3717 in·

171 3758 251 3812 trare
275 3768 402 3811 necesse
426 3759 480 3811 est.
512 3751 591 3812 llum
615 3760 716 3814 autem
733 3760 922 3814 verteremus
938 3772 1000 3831 ,nos
1022 3762 1126 3822 contra
1150 3754 1359 3832 occidentem,

172 3853 319 3928 conjectis
343 3854 438 3913 oculis
462 3853 498 3914 ad
523 3854 640 3932 longius
664 3856 723 3917 vidi
746 3863 777 3917 et
801 3875 837 3917 ex
861 3856 952 3918 corde
976 3859 1096 3936 gavisus
1119 3877 1201 3929 sum,
1223 3876 1359 3939 appare-

171 3957 243 4017 bant
266 3957 347 4016 enim
369 3957 455 4016 nobis
478 3959 545 4017 cani
567 3961 715 4021 montium
745 3962 874 4022 vertices
909 3978 942 4021 sc
971 3964 1054 4022 tenui
1085 3961 1215 4042 quadam
1249 3971 1359 4027 osten·

171 4063 284 4123 tatione
301 4060 545 4134 manifestantes,
569 4079 645 4140 quos
669 4071 703 4125 ut
717 4064 794 4136 vidi,
818 4067 931 4144 optime
947 4066 1017 4128 novi
1041 4083 1110 4127 esse
1124 4064 1218 4146 Alpes
1234 4075 1360 4132 nostras

171 4163 339 4239 Penninas‚
360 4166 521 4235 Rbaetioas
544 4173 575 4230 et
590 4167 749 4250 Julianus,
764 4187 843 4248 quae
864 4170 1028 4251 terminum
1049 4171 1141 4233 maris
1163 4155 1360 4239 constituunt

402 4299 409 4325 t
