2902 4710
158 314 191 373 in
204 307 353 371 Mastrum
377 304 521 387 oppidum
543 307 575 365 et
599 301 638 364 de
655 299 800 363 Mastro
792 317 822 361 m
837 298 1008 361 Tarvisium
1027 293 1134 359 urbem
1148 295 1343 368 devenimus,

159 421 191 475 et
220 413 349 491 ingressi
376 409 542 488 hospitium
572 407 680 468 statim
708 421 829 483 equum
854 421 908 481 pro
941 419 990 462 me
1022 366 1274 480 comparaverunt
1297 398 1344 458 illi

160 521 362 585 mercatores,
384 515 416 574 in
439 530 499 591 quo
523 510 660 572 cumeis
685 509 813 570 crastina
837 512 940 567 contra
956 500 1167 591 allemanniam
1190 494 1342 584 procedo·

159 636 234 681 rem.
280 601 463 687 Tarvisium,
488 634 578 695 quam
599 613 642 676 Μ.
666 612 813 675 Antonius
837 613 971 674 nominat
993 585 1180 682 Taurisium,
1204 615 1258 670 est
1279 625 1344 670 una

161 722 200 784 de
229 723 357 784 vetustis
386 721 526 791 urbibus,
561 726 630 780 ante
660 719 900 778 incarnationem
922 714 1046 791 Domini
1072 713 1228 774 aedificata
1259 730 1343 773 anno

161 820 245 905 1141
271 843 287 886 a
310 824 489 903 quibusdam
504 822 657 900 Trojanis,
682 827 713 882 st
736 820 864 882 abluitur
886 817 978 878 Silcie
1002 818 1065 879 sive
1081 816 1144 876 Silo
1161 816 1262 886 fluvio,
1285 811 1343 895 qui

161 929 199 991 de
222 928 373 990 montibus
403 931 464 989 exit
491 930 659 1006 urbemque
692 924 807 987 dividit.
853 924 937 986 llaec
961 921 1128 983 Gothorum
1149 919 1343 1000 temporibus

160 1047 261 1102 suam,
284 1048 375 1108 quam
396 1031 487 1092 babet
509 1030 686 1109 dignitatem
708 1029 852 1101 obtinuit,
885 1045 955 1088 nam
979 1024 1094 1086 Totilae
1117 1030 1204 1103 pater
1224 1023 1344 1085 ibidem

163 1133 222 1196 sibi
244 1132 350 1195 sedem
374 1136 530 1197 constituit
554 1142 585 1194 et
607 1119 737 1193 Totilam
759 1131 869 1202 lilium,
893 1132 990 1191 virum
1015 1134 1121 1208 postea
1143 1128 1343 1208 praestantis·

161 1238 291 1306 simum,
324 1239 443 1317 genuit,
479 1235 618 1298 educavit
650 1242 681 1295 et
708 1235 846 1304 nutrivit,
880 1239 910 1294 et
933 1239 1096 1313 propterea
1123 1213 1162 1292 ab
1184 1226 1253 1315 ipso
1275 1236 1343 1292 tota

161 1342 247 1418 regio
269 1338 403 1402 Marchia
426 1339 589 1403 Taruisana
611 1340 764 1400 nominata
788 1344 844 1398 cst.
889 1336 963 1404 Eam
986 1341 1092 1416 postea
1113 1333 1256 1406 Albanus,
1279 1315 1345 1412 pri·

162 1461 230 1505 mus
252 1440 518 1522 Longobardorum
542 1463 610 1516 rer,
640 1462 710 1505 eum
733 1445 762 1503 ei
785 1441 898 1503 tardius
923 1440 1108 1502 deditionem
1131 1439 1271 1510 lecisset,
1293 1437 1344 1503 di·

163 1563 251 1608 ruere
266 1550 477 1616 constituerat,
500 1550 560 1609 nisi
574 1547 665 1619 Felix,
690 1547 784 1626 ipsius
802 1545 883 1605 urbis
899 1546 1071 1625 episcopus,
1094 1524 1175 1622 regis
1197 1543 1344 1604 ferocita-

97 1704 99 1707 .
162 1655 227 1710 tera
255 1648 319 1710 sua'
333 1650 492 1730 prudentia
520 1653 686 1714 delinisset.
731 1650 814 1713 llaec
845 1646 954 1710 multas
983 1643 1345 1710 sustinuir'ealamimtes

164 1752 220 1813 sub
239 1752 314 1833 jugo
338 1754 527 1817 diversorum
548 1763 760 1836 tyrannorum,
784 1771 862 1835 quae
885 1755 976 1814 etlam
992 1751 1145 1832 quondam
1168 1751 1223 1812 sub
1246 1749 1343 1812 domo

51 1862 54 1867 '
162 1853 275 1916 ducum
296 1855 435 1919 Austriae
459 1858 532 1930 luit,
564 1859 686 1920 tandem
717 1868 819 1926 autem
841 1875 875 1918 se
898 1856 935 1918 ad
959 1855 1093 1917 Venetos
1116 1854 1346 1932 contulit,.qui
1373 1891 1377 1896 1

162 1957 253 2019 hodie
281 1960 322 2020 ibi
352 1960 551 2024 dominantur.
597 1964 730 2041 Desbac
760 1965 893 2025 eirltate‘
911 1960 967 2022 luit
996 1958 1179 2020 benedictus
1202 1953 1269 2028 ΧΙ.,
1305 1974 1346 2018 ex

163 2060 328 2122 humillima
359 2071 390 2124 et
411 2065 462 2128 vili
491 2064 617 2137 larnilia,
651 2067 702 2144 qui
721 2063 841 2143 juvenis
873 2059 1048 2142 ingeniosus
1070 2061 1208 2123 Venetiis
1236 2061 1346 2138 pueris

163 2168 390 2244 grammaticam
411 2169 501 2260 legit,
523 2176 594 2248 post
616 2168 675 2230 hoe
698 2167 857 2230 Tarvisum
880 2185 1021 2228 reversus
1044 2165 1180 2227 ordinem
1203 2169 1347 2258 nostrum

133 2270 317 2351 'ingressus
340 2270 409 2344 luit,
440 2254 591 2335 devotioni
621 2280 651 2334 et
674 2273 780 2334 studio
809 2288 934 2342 vacans,
969 2277 1000 2331 et
1021 2272 1052 2331 in
1083 2270 1197 2331 brevi
1188 2287 1220 2329 ιιι
1243 2269 1347 2330 virum

164 2371 374 2436 doctissimum
399 2377 515 2449 evasit3
536 2383 688 2438 assumtus
712 2384 813 2437 autem
835 2374 892 2436 luit
914 2374 1060 2457 gradatim
1083 2391 1138 2451 per
1160 2388 1268 2432 omnes
1292 2390 1346 2432 or-

164 2474 251 2535 dines
274 2482 304 2538 et
327 2478 475 2541 eeclesiae
498 2478 676 2559 dignitates,
712 2496 869 2559 quousque
893 2477 1066 2539 cathedram
1089 2475 1172 2536 Petri
1194 2473 1347 2537 ascendit.

165 2578 231 2640 lloo
253 2581 378 2643 audiens
408 2591 505 2645 mater
537 2583 604 2662 ejus
627 2583 809 2663 paupercula
843 2584 925 2644 venit
956 2583 1087 2642 salutare
1108 2579 1202 2640 lilium
1225 2595 1348 2659 papam,

166 2684 314 2746 mulieres
332 2693 433 2748 autern
457 2694 595 2749 caeterae
611 2688 773 2765 induerunt
789 2705 856 2748 eam
871 2667 977 2748 sericis
993 2685 1127 2747 vestibus
1143 2680 1181 2745 ob
1195 2684 1349 2744 bonorem

166 2787 248 2848 sedis
272 2790 473 2869 apostolicae,
496 2810 574 2870 quae
598 2811 667 2854 oum
691 2794 736 2852 sio
758 2793 895 2869 ingressa
912 2798 1011 2862 esset,
1033 2789 1241 2868 interrogavit,
1266 2804 1348 2865 quae

166 2893 243 2953 haee
265 2893 395 2954 foemina
418 2876 525 2956 esset?
563 2896 600 2956 Et
623 2894 741 2966 audito,
775 2893 856 2974 quod
880 2903 962 2955 esset
993 2893 1138 2972 genitrix,
1172 2889 1244 2951 dixit
1261 2885 1348 2969 »(b):

167 3002 265 3057 mater
278 3013 360 3069 mea,
375 3000 489 3077 inquit,
506 3001 623 3077 ignorat
638 3001 779 3071 sericum,
796 3016 911 3078 pauper
925 2997 1015 3058 habet
1032 2993 1195 3076 palliolum,
1216 3000 1348 3054 matrem

168 3099 257 3176 cupio
280 3098 396 3172 videre,
430 3119 491 3162 non
514 3102 676 3164 dominam.
722 3102 804 3182 llaec
835 3101 960 3164 audiens
992 3103 1094 3171 exivit,
1127 3105 1159 3159 et
1188 3099 1347 3158 consuetis

166 3200 270 3263 induta
301 3201 357 3264 luit
386 3205 573 3284 legalissime
602 3224 619 3267 a
650 3224 728 3287 papa
756 3213 908 3285 suscepta.
961 3203 1057 3267 Multa
1085 3205 1163 3265 bona
1192 3200 1348 3262 inchoavit

166 3307 218 3368 ille
241 3325 317 3386 papa
349 3309 381 3369 in
411 3311 558 3384 ecclesia,
593 3311 649 3373 sed
677 3329 737 3372 non
768 3313 840 3373 vixit
862 3312 921 3372 nisi
943 3309 984 3373 lx
1008 3308 1179 3377 mensibus,
1213 3310 1243 3364 ei
1275 3311 1349 3383 post

167 3412 282 3474 obitum
304 3415 456 3477 miraculis
480 3415 596 3478 claruit.

250 3518 389 3579 Ecclesia
411 3518 569 3580 fratrum
560 3539 591 3581 ru
614 3519 751 3581 Tarvisio
775 3526 822 3580 est
844 3519 988 3579 solemnis
1011 3514 1115 3588 valde,
1153 3528 1243 3593 quam
1276 3513 1346 3591 ipse

68 3707 71 3711 ⁴
167 3618 346 3691 aedificavit,
371 3628 401 3683 et
425 3621 552 3694 dicitur,
578 3623 659 3703 quod
681 3641 740 3683 uuo
764 3621 813 3683 die
829 3620 883 3681 Xll
902 3623 1067 3700 episcopos
1082 3618 1200 3679 iratres
1223 3617 1271 3676 sui
1295 3634 1346 3676 or-

168 3721 245 3782 dinis
268 3721 351 3784 fecit.
396 3724 498 3801 Duces
515 3724 657 3788 nustriae
674 3724 711 3788 ad
733 3725 934 3787 rehabendam
953 3725 1030 3784 hano
1053 3723 1159 3783 urbem
1182 3707 1348 3781 vehemen-

131 3831 215 3898 glor
237 3825 406 3904 adspirant,
430 3845 508 3906 quae
530 3833 667 3891 noscitur
690 3848 795 3891 eorum
809 3829 903 3891 luisse
927 3846 964 3889 ex
978 3828 1115 3906 insigniis
1131 3842 1251 3896 eorum;
1275 3842 1349 3885 narn

167 3931 199 3990 iu
222 3929 302 3988 urbis
326 3932 476 4008 practorio
499 3938 602 3992 contra
625 3932 756 4011 plateam
779 3938 858 3993 stant
881 3950 963 3993 arma
985 3930 1097 3992 ducum
1118 3929 1267 4000 Austriae,
1292 3927 1349 3988 cli·

167 4049 243 4112 peus
276 4050 346 4092 oum
380 4049 467 4093 casse
498 4041 601 4096 omata
634 4035 729 4096 cauda
750 4038 893 4114 pavonis,
928 4035 966 4096 ad
997 4051 1088 4114 φιιιιι
1110 4032 1221 4094 Veneti
1244 4029 1348 4108 lapide

168 4136 363 4218 sculpserunt
384 4135 524 4211 leonem,
554 4140 606 4218 qui
629 4139 744 4202 clevata
767 4138 862 4223 cauda
884 4142 1057 4223 posteriora·
1075 4133 1349 4203 ostenditoaudao
