2874 4770
659 176 665 180 '
687 160 753 231 359

139 338 452 402 omnemniasculum
474 355 491 400 a
512 354 588 399 sene
610 353 708 416 usque
730 335 768 398 ad
789 337 950 416 parvulum
978 337 1010 398 in
1030 353 1086 398 ore
1107 333 1199 415 gladii
1223 352 1313 415 pere·

139 451 273 515 merent,
307 443 454 505 foeminas
485 447 686 503 reservantes.
731 440 849 502 Deinde
879 443 991 520 pariter
1019 442 1086 502 sinc
1108 439 1313 501 mascolomm

141 549 289 607 consortio
319 549 420 609 vivere
455 545 656 607 decreverunt
689 549 720 604 et
742 543 818 604 duas
841 545 960 622 reginas
982 544 1154 624 elegemnt,
1185 561 1314 623 quamm

139 658 200 709 una
218 650 386 729 procedens
410 656 514 710 contra
537 650 641 709 bostcs
664 647 780 708 bellicis
810 649 900 708 rebus
929 666 1054 728 operam
1082 647 1185 720 daret,
1217 647 1313 708 altera

140 758 238 813 auten
260 752 475 832 rempublicam
497 754 688 833 gubernaret
734 751 869 814 Effectae
900 759 972 813 aunt
1003 760 1106 815 autem
1134 760 1197 813 tam
1217 751 1313 813 fortes

139 862 171 916 et
193 855 307 917 feroces
329 858 500 918 bellatrices
531 857 685 927 intravi,
721 855 803 934 quod
834 856 872 916 do
902 855 1022 935 Europa
1052 854 1254 917 ascendemut
1282 857 1314 916 in

135 957 251 1032 Asiam,
275 966 307 1020 et
329 959 457 1022 horridis
480 961 521 1020 ibi
542 961 632 1021 bellis
655 963 750 1039 gestis
773 978 913 1038 magnam
927 959 1018 1021 Asiae
1033 966 1152 1039 partem
1164 976 1220 1039 per
1241 977 1313 1020 cen·

118 1069 201 1123 'tum
226 1082 320 1124 annos
354 1060 515 1125 tenuerunt
547 1064 663 1125 nullum
693 1066 815 1142 penitus
844 1064 1015 1125 masculum
1043 1066 1123 1125 inter
1151 1064 1313 1125 scrivere

135 1170 362 1246 permittentes,
396 1167 450 1229 sed
472 1170 587 1229 vocatis
618 1166 656 1229 ad
679 1185 714 1228 se
738 1174 822 1228 certo
849 1175 987 1246 tempore
1010 1169 1080 1228 anni
1101 1168 1209 1229 ricinis
1242 1168 1314 1229 viris

136 1278 168 1332 et
183 1274 325 1349 cognitae
356 1288 391 1332 ac
418 1273 644 1351 impraegnatae
676 1270 713 1331 ab
746 1271 791 1330 cis
825 1289 843 1332 a
871 1287 905 1330 se
935 1270 1129 1350 repulerunt,
1162 1270 1314 1331 masculos

136 1393 204 1435 ase
228 1377 344 1454 genitos
366 1376 415 1437 vel
437 1381 665 1446 mactaverunt,
687 1373 735 1434 vel
752 1380 833 1434 extra
857 1391 962 1434 earum
984 1376 1143 1454 regionem
1165 1377 1315 1436 misemnt

136 1484 169 1538 et
191 1477 263 1538 filias
287 1477 324 1539 ad
347 1478 548 1558 sagittandum
571 1484 603 1538 ct
624 1476 795 1538 venandum
817 1476 1034 1551 informabant,
1067 1495 1194 1556 quarum
1217 1497 1312 1540 mam·

138 1598 203 1659 inas
225 1582 254 1642 in
276 1583 405 1661 septimo
429 1599 506 1642 anno
530 1582 705 1652 exurebant,
738 1598 778 1641 ne
800 1584 941 1659 grossitie
964 1580 1183 1663 impedirentur
1212 1586 1243 1644 io
1266 1585 1311 1646 fe·

138 1683 374 1756 rendisarmisa
391 1684 460 1746 ideo
475 1684 615 1746 dicuntur
628 1683 815 1756 Amazones,
838 1685 869 1747 id
892 1693 955 1757 est,
978 1688 1043 1747 aine
1064 1704 1205 1748 mamma
1236 1688 1313 1751 Cum

138 1788 185 1848 bis
214 1789 538 1868 pugnavit-Hercules,
573 1795 603 1848 et
636 1796 706 1867 post
738 1805 809 1849 cum
830 1788 980 1862 Achilles,
1011 1789 1183 1852 Alexander
1209 1798 1311 1854 autem

134 1892 283 1965 bonitate,
308 1911 411 1954 amore
435 1899 466 1953 et
486 1893 673 1969 benignitate
696 1910 749 1953 eos
770 1895 859 1965 vicit;
883 1894 980 1972 gladio
1001 1913 1165 1973 numquam
1179 1897 1311 1970 vicisset,

137 1998 206 2075 quia
220 1996 338 2058 fuerant
352 1996 607 2058 fortunatissimae
629 1995 772 2057 inbellis.
802 1996 920 2058 Dicitur
941 2000 1048 2070 etiam,
1070 1998 1153 2078 quod
1174 2008 1310 2062 nostram

133 2101 300 2179 Augustam
325 2099 448 2179 procliis
472 2102 695 2174 laceraverunt,
718 2121 788 2164 com
802 2105 944 2181 cives-eis
959 2108 1103 2167 resistere
1117 2114 1309 2168 conarentur.

134 2207 179 2267 De
204 2208 250 2267 bis
273 2207 400 2285 loquens
424 2205 552 2268 Orosius
566 2205 600 2267 L.
622 2204 649 2270 l.
674 2207 707 2268 C.
724 2203 777 2270 60.
801 2214 871 2287 post
891 2209 985 2270 multa
1006 2209 1114 2270 infert:
1137 2228 1192 2289 pro
1215 2208 1310 2282 dolor,

134 2308 229 2390 pudet
252 2313 362 2372 erroris
386 2311 522 2383 humani,
547 2312 692 2376 mulieres
706 2314 802 2392 patria
825 2312 971 2391 profugae
985 2314 1137 2393 Europam
1151 2312 1311 2385 ctAsiam

135 2421 165 2474 et
189 2414 333 2493 plurimas
355 2414 458 2475 mundi
490 2422 592 2495 partes
622 2416 866 2495 fortissimasque
894 2418 1098 2488 intraverunt,
1131 2423 1310 2494 pervagatae

135 2523 223 2590 sunt,
257 2516 432 2581 deleverunt
463 2526 586 2580 centum
615 2538 711 2599 paene
741 2523 828 2582 annis
859 2521 1024 2582 evertendo
1053 2521 1144 2580 urbes
1166 2520 1310 2598 plurimas

136 2628 226 2701 atque
249 2623 321 2684 allas
344 2622 555 2685 constituendo
577 2630 751 2687 tenuerunt.

220 2726 287 2788 Alia
309 2729 393 2806 regio
408 2727 586 2790 Sclavoniae
609 2737 657 2790 est
679 2728 811 2799 Dolonis,
834 2728 926 2790 bodie
941 2728 1056 2808 grande
1072 2745 1209 2807 regnum
1240 2725 1308 2788 Alia
1379 2722 1383 2729 ’

132 2829 285 2902 liuthero,
317 2830 505 2893 concordans
536 2850 606 2892 cum
628 2831 751 2893 DoemIs
785 2840 816 2893 et
839 2832 955 2894 Solaria
985 2835 1016 2893 in
1045 2831 1199 2893 idiomate.
1241 2829 1310 2891 Alia

130 2932 262 3007 Moesia,
286 2952 364 3014 quae
387 2937 564 2998 oboriente
587 2939 673 2998 ostiis
696 2936 825 2999 Danubii
840 2937 986 3017 jungitur.
1027 2936 1094 2998 Alia
1116 2937 1200 3016 regio
1222 2935 1307 2996 Scla-

131 3040 237 3100 voniae
260 3045 308 3100 est
330 3039 492 3112 Dalmatia,
516 3040 555 3102 de
578 3054 636 3119 qua
657 3061 738 3104 nunc
761 3049 809 3103 est
831 3045 1039 3122 propositum,
1063 3042 1192 3103 ethaeo
1215 3044 1308 3102 ctiam
1392 3052 1397 3059 '

132 3150 179 3204 est
200 3161 255 3224 per
278 3144 412 3206 diverses
434 3148 572 3207 nationes
603 3149 634 3206 in
663 3165 697 3207 sc
726 3147 831 3209 divisa.
875 3148 953 3209 Nam
975 3145 1142 3208 Dalmatiae
1168 3164 1238 3225 pars
1261 3150 1309 3206 est

130 3249 248 3310 Croatia
277 3255 308 3308 et
330 3248 443 3309 Histria
476 3254 507 3309 et
535 3248 706 3312 Pannoniae
736 3269 806 3331 pars
837 3270 945 3331 magna
975 3258 1035 3312 etc.
1079 3250 1116 3310 Et
1150 3249 1230 3311 dicta
1260 3255 1309 3310 est

127 3335 315 3414 Dalmatiae
334 3351 431 3425 Dalin,
456 3355 576 3415 civitate
599 3353 666 3432 ejus
689 3373 806 3432 magna.
839 3355 1073 3433 Nonnumquam
1090 3354 1181 3414 etiam
1197 3351 1307 3413 dicitur

127 3455 256 3536 lllyridis
279 3457 327 3519 vel
349 3455 515 3535 illyricum,
549 3464 580 3518 et
601 3459 661 3520 boc
684 3461 715 3521 in
745 3465 890 3537 quantum
920 3458 957 3518 ad
980 3457 1137 3518 Graeciam
1167 3455 1308 3534 pertinet,

127 3562 198 3640 qnia
224 3559 394 3622 secundum
417 3559 529 3623 isidem
554 3559 603 3625 14.
626 3563 723 3623 Etbic.
748 3563 782 3623 fl.
805 3558 837 3622 4.
862 3560 1043 3641 generaliter
1066 3559 1165 3620 omnis
1181 3555 1308 3618 Graecia

125 3662 263 3743 illyricus
297 3663 416 3726 dicitur.
462 3664 496 3726 ln
519 3683 553 3726 se
587 3685 660 3746 ergo
686 3666 833 3728 Dalmatia
865 3665 976 3728 dicitur
1004 3664 1152 3725 Dalmatia
1185 3664 1306 3741 proprio

126 3770 266 3841 nomine;
301 3767 467 3830 aGraecia
504 3778 605 3831 autem
637 3771 747 3832 dicitnr
777 3768 932 3849 illyricos3
966 3787 983 3831 a
1014 3768 1171 3831 Sclavenia
1204 3774 1305 3829 autem

128 3871 236 3936 dicitur
259 3890 351 3952 saepe
374 3872 542 3935 sclavonia.

214 3977 356 4059 Cursola,
383 3975 551 4038 Dalmatiae
573 3979 689 4051 insula,
721 3981 795 4041 olim
818 3979 950 4057 Corcyra
971 3979 1057 4056 nigra
1079 3976 1167 4049 dicta,
1192 3982 1240 4038 est
1262 3977 1304 4036 ci·

129 4081 219 4152 titas,
241 4082 300 4142 sita
320 4083 351 4141 in
375 4100 436 4142 uno
449 4085 683 4163 promontorio,
706 4084 793 4145 firma
815 4090 846 4145 et
871 4082 975 4153 fortis,
999 4088 1093 4143 otest
1108 4081 1304 4152 Venetorum,

127 4185 282 4263 pertinens
303 4184 342 4247 ad
365 4187 568 4265 principatum
590 4187 774 4262 Dalmatiae,
798 4191 832 4250 in
853 4204 913 4267 qua
934 4193 985 4248 est
1006 4186 1169 4265 episcopus
1192 4184 1304 4246 Cursu-
