2874 4770
696 151 761 223 365

79 338 89 399 i
135 328 298 393 Liburniae
320 330 370 392 vel
385 328 542 390 Granatiae
569 328 770 408 applicuimus
794 335 824 390 et
847 330 927 390 iuter
941 329 1083 409 scopulos
1106 330 1174 394 loeo
1197 333 1319 396 invento

78 444 85 489 r
135 452 247 497 navem
280 433 476 496 stabilivimus
508 432 647 493 anchoris
680 440 711 493 et
733 433 870 512 ligaturis
901 435 931 494 in
955 434 1040 506 loco,
1069 454 1160 516 quem
1182 440 1318 500 uomina·

78 538 81 579 ⁵
135 539 212 601 baut
234 538 389 599 Dalmatae
411 537 538 598 Brusset
566 538 676 616 siguis.
722 537 793 598 Erat
825 544 927 599 autem
956 537 1042 599 locus
1076 539 1202 619 pulcher
1235 544 1317 614 satis,

137 641 195 704 sed
218 642 376 714 desertus,
406 641 557 717 cluullas
580 640 710 702 vidimus
733 641 950 715 habitationes,
984 645 1121 723 quamvis
1144 664 1205 706 uon
1227 645 1317 726 longe

137 753 243 809 esseut
266 765 283 808 a
305 747 390 808 nobis
412 746 628 817 habitationes,
651 746 729 807 siout
752 747 876 825 patebit.

225 851 283 912 Die
306 847 433 922 XXlX.,
466 866 544 927 quae
569 855 616 910 est
639 848 670 909 S.
694 848 830 911 Thomae
853 850 1092 923 cantuariensis,
1125 858 1189 912 crat
1210 858 1318 914 venius

133 956 221 1016 nohis
255 957 377 1016 omniuo
408 956 576 1015 contrarios
610 960 640 1014 et
662 954 744 1016 nulia
766 953 924 1034 dispositio
953 955 991 1016 ad
1013 954 1226 1033 navigandum,
1261 956 1318 1017 sed

134 1065 282 1121 econtra
304 1075 396 1121 naves
427 1057 535 1119 lortius
558 1057 697 1137 ligabant.
735 1057 901 1120 Habuimus
931 1065 1032 1120 autem
1064 1059 1317 1122 taediosissimam

133 1162 236 1235 diem,
258 1163 456 1241 caliginosam
479 1167 511 1222 et
532 1161 716 1239 pluviosam,
748 1168 779 1222 et
802 1162 959 1241 spirituale
981 1181 1039 1223 uec
1062 1164 1219 1243 corporale
1243 1182 1317 1244 gau·

133 1266 218 1329 dium
240 1267 418 1337 habuimus,
441 1264 497 1327 sed
520 1267 622 1326 tristes
645 1265 789 1326 sedimus.
834 1266 979 1327 Nonnulli
1002 1274 1103 1328 tamen
1127 1267 1165 1329 de
1189 1269 1316 1348 galeotis

132 1370 305 1451 gaudebant
328 1372 366 1432 de
388 1372 464 1432 istis
479 1371 585 1431 otiosis
602 1369 723 1442 diebus,
747 1371 817 1449 quia
840 1372 898 1449 ipsi
912 1373 942 1431 in
958 1369 1029 1432 ludo
1045 1371 1215 1433 chartarum
1230 1389 1315 1434 erer-

135 1476 280 1536 cebantur
303 1482 335 1535 et
355 1472 500 1535 ludebant
521 1475 610 1534 simul
633 1493 687 1553 pro
712 1482 835 1553 argento
859 1482 890 1534 et
913 1493 1004 1547 auro,
1036 1482 1067 1536 et
1089 1477 1130 1537 ita
1152 1478 1211 1556 ipsi
1233 1476 1316 1538 diem

136 1577 335 1663 deducebant.
380 1576 531 1656 iilajorem
563 1584 680 1656 partem
712 1578 833 1638 illorum
865 1576 983 1640 dierum
1013 1596 1070 1659 ego
1092 1579 1252 1641 scribendo
1283 1587 1315 1641 et

136 1681 350 1762 interrogando
372 1681 411 1742 de
433 1681 509 1742 iocis
533 1681 652 1742 deduxi.

230 1784 393 1848 Tricesima
432 1784 481 1846 dic
519 1792 660 1846 manente
697 1792 787 1848 vento
825 1787 973 1847 contrario
1014 1787 1121 1848 incidit
1159 1789 1314 1851 intensum

134 1888 244 1970 irigus,
279 1895 310 1951 et
332 1888 446 1950 domiui
468 1888 507 1950 de
530 1891 734 1968 superioribus
758 1889 861 1969 galeae
885 1889 923 1951 ad
944 1908 1000 1950 nos
1029 1893 1059 1951 in
1084 1894 1216 1953 carinam
1239 1912 1311 1955 cou-

132 1992 288 2073 fugemnt,
306 2001 353 2055 *et
375 1994 427 2054 illo
450 1992 500 2054 die
523 1995 620 2071 primo
643 1995 812 2073 incepimus
841 1996 955 2056 sentire
985 1996 1131 2069 hiemem,
1164 1998 1312 2059 hactenus
1408 2008 1410 2016 ’

132 2100 214 2160 enim
236 2104 540 2176 tamquamvemum
555 2104 594 2158 -ei
616 2100 766 2159 aestivum
787 2104 908 2178 tempus
923 2098 1091 2161 habuimus.
1123 2099 1194 2162 Post
1217 2120 1306 2181 pran-

131 2201 217 2264 dium
238 2203 337 2264 iactus
360 2207 408 2263 est
430 2202 575 2267 tumultus
597 2204 628 2263 in
650 2209 713 2264 tota
736 2202 832 2263 classe
852 2209 978 2281 propter
993 2201 1145 2279 quendam
1161 2204 1312 2283 galeatam

131 2304 232 2367 iurem
253 2303 457 2384 torquendum
485 2306 516 2365 in
539 2306 595 2366 alia
625 2305 725 2384 galea,
760 2305 798 2367 ad
821 2305 903 2384 quod
935 2304 1099 2367 videndum
1133 2325 1239 2368 omnes
1274 2308 1313 2369 ad

133 2411 292 2487 superiora
312 2409 466 2488 galearum
489 2405 722 2470 adscendebant.
767 2408 950 2487 Ligaverunt
982 2410 1064 2469 enim
1086 2410 1143 2470 sibi
1165 2429 1313 2473 mauusa

131 2517 223 2589 tergo
253 2530 322 2574 cum
344 2513 432 2591 longa
453 2512 582 2584 chorda,
614 2529 692 2590 quae
716 2530 753 2573 er
775 2512 852 2573 heba
875 2511 1018 2574 deorsum
1047 2515 1079 2574 iu
1102 2515 1236 2576 trochlea
1258 2516 1311 2577 de-

132 2616 283 2695 pendebat
310 2617 476 2697 duplicata,
511 2635 548 2704 eo
581 2623 683 2680 autem
711 2618 803 2696 ligato
833 2617 991 2679 trahebant
1023 2618 1147 2679 alteram
1182 2618 1312 2681 chordae

130 2727 249 2800 partem
281 2719 452 2803 reum(que)
483 2739 604 2783 sursum
639 2722 670 2782 in
703 2720 796 2782 altum
819 2720 1032 2783 miserabiliter
1053 2723 1191 2784 manibus
1214 2730 1310 2784 trans·

129 2827 227 2888 versis
249 2844 431 2906 suspensum
453 2825 610 2887 trahebant
633 2826 719 2903 quasi
741 2843 839 2904 usque
862 2826 933 2887 mali
955 2828 1179 2900 summitatem,
1203 2833 1233 2888 et
1256 2827 1309 2888 de·

128 2947 214 2990 muru
237 2947 307 2992 eum
331 2929 441 2993 cadere
470 2929 615 3003 deorsum
638 2925 694 3010 (1))
727 2929 932 3002 dimittebant,
967 2948 1028 2991 nou
1059 2933 1180 2992 omniuo
1211 2949 1308 3011 usquc

128 3051 223 3113 super
244 3036 466 3113 pavimentum,
490 3022 560 3112 quia
583 3033 754 3095 confractus
776 3033 900 3106 finisset,
930 3032 986 3095 sed
1007 3042 1078 3114 post
1101 3038 1215 3097 ruinam
1240 3055 1307 3099 sus·

128 3155 243 3216 pensus
274 3140 393 3200 mansit.
449 3135 595 3209 Mirabar,
632 3137 713 3216 quod
743 3139 864 3200 brachia
896 3157 956 3199 non
989 3138 1101 3200 luerint
1134 3159 1151 3201 a
1181 3159 1307 3222 corpore

128 3243 240 3303 avulsa.
286 3242 377 3303 Pauci
400 3260 470 3302 cum
494 3260 530 3302 eo
549 3242 701 3303 habebant
716 3243 976 3321 compassionem,
1000 3242 1136 3305 dicentes
1160 3262 1230 3306 eum
1252 3245 1307 3307 du·

127 3343 201 3407 dum
223 3345 338 3422 majora
361 3347 509 3407 meruisse
533 3347 688 3426 supplicia.
718 3347 799 3410 Dum
821 3365 880 3408 nor
903 3347 981 3408 iacta
1004 3347 1078 3419 fuit,
1101 3366 1217 3419 omnes,
1241 3350 1307 3427 qui·

125 3448 184 3510 bus
207 3449 309 3521 licuit,
340 3452 373 3511 iu
396 3451 528 3511 canuam
550 3450 792 3523 descenderunt,
827 3458 858 3511 et
886 3450 965 3511 facia
993 3449 1050 3510 luit
1077 3450 1253 3529 inquietudo
1278 3457 1309 3511 et

128 3554 316 3633 compressio
339 3556 369 3614 iu
393 3556 525 3618 canuam
546 3563 671 3634 propter
694 3551 801 3633 frigus,
826 3554 906 3632 quod
928 3553 1100 3634 fugiebant·
1135 3555 1308 3635 incepimus

126 3658 220 3718 ctiam
244 3665 410 3738 egestatem
433 3661 495 3738 pati
524 3661 556 3720 in
579 3658 699 3731 multis,
733 3666 764 3719 et
787 3657 865 3718 male
896 3657 934 3719 de
966 3660 1094 3736 coquina
1123 3665 1154 3720 et
1184 3661 1306 3722 cellario

126 3760 463 3839 providebaturnobis,
487 3780 524 3824 er
547 3781 606 3841 quo
630 3764 878 3841 augmentabatur
892 3761 1027 3823 taedium
1055 3765 1252 3842 navigationis
1275 3770 1307 3826 et

126 3863 218 3925 maris
241 3864 344 3927 odium
368 3874 400 3927 et
422 3867 505 3928 navis
529 3867 722 3928 abominatio.

214 3968 270 4030 Die
286 3967 411 4043 xxxi,
434 3988 512 4049 quac
528 3977 577 4032 est
592 3969 738 4049 sylvestri
760 3987 856 4051 papae
880 3978 911 4032 et
926 3972 1032 4033 ultima
1047 3971 1232 4045 decembris,
1256 3991 1305 4035 se·

127 4077 265 4133 renatum
288 4072 411 4151 quidem
442 4073 498 4135 iuit
528 4073 649 4134 coelum
680 4074 788 4151 solque
811 4081 842 4136 et
865 4074 965 4136 sidera
996 4083 1216 4156 apparuerunt,
1249 4075 1306 4137 sed

126 4183 234 4241 ventus
254 4179 423 4243 contrarius
452 4184 666 4258 augmentatus
696 4185 744 4241 est
775 4196 835 4241 nec
857 4179 964 4242 classis
991 4196 1173 4243 semovere
1197 4197 1214 4241 a
1236 4180 1306 4241 loco
