2902 4710
703 131 795 212 ‘ies

261 325 403 389 Oceanus
425 329 489 396 est,
512 321 594 403 quod
610 324 716 388 orbem
733 313 826 400 cingit
840 311 953 392 totum,
979 317 1061 400 qnod
1083 322 1132 381 est
1153 336 1237 381 mare
1262 322 1359 382 mari-

175 447 267 491 mum
287 500 290 507 ¹
312 427 571 490 Mediterraneum
604 444 639 488 er
662 429 777 487 oceano
800 425 867 487 fluit
894 431 929 486 'et
951 425 987 486 ab
1009 442 1121 487 occasu
1143 426 1175 486 in
1197 424 1360 487 meridiem

174 534 283 612 vergit,
307 530 417 593 deinde
440 526 752 611 ad'septemtrionern
773 529 885 601 tendit,
910 545 965 608 per
984 527 1115 589 mediam
1138 529 1219 588 enirn
1241 535 1360 589 terram

175 653 272 714 usqne
304 635 341 696 ad
371 622 755 712 orientem‘perfundilum
789 632 941 711 Europam
971 638 1002 691 et
1028 630 1133 693 Asiam
1160 629 1359 710 Africamque

176 738 398 799 distenninans.
444 738 477 798 ln
501 755 538 799 ca
560 744 662 798 autem
686 743 790 815 parte,
825 753 883 825 qua
914 741 1018 798 contra
1048 735 1220 814 aquilonem
1233 763 1236 767 .
1249 737 1359 815 vergit,

175 841 392 920 Hellespontus
416 841 540 914 dicitur,
568 844 619 920 qui
642 843 674 901 fn
697 844 946 920 septemtrionem
969 847 1150 918 retorquens
1173 839 1359 903 anfractibus

176 947 293 1024 magnis
320 943 406 1022 juxta
437 944 579 1006 Graecias
612 950 644 1016 et
676 942 829 1023 Illyricum
857 946 888 1004 in
921 945 1074 1022 angustias
1108 941 1159 1003 Vll
1189 943 1359 1004 stadiorum

177 1050 342 1126 stringitur.
397 1045 471 1108 lnde
507 1047 635 1110 diffusus
668 1049 704 1109 ab
737 1065 869 1127 aequore
903 1053 1024 1127 patente
1057 1065 1162 1108 rursus
1199 1049 1361 1125 stringitur

176 1156 208 1212 et
238 1149 309 1219 facit
330 1149 561 1230 Propontidem,
595 1153 652 1238 qui
669 1169 738 1213 mor
768 1152 800 1211 in
828 1152 1009 1230 quingentos
1039 1169 1147 1230 passus
1177 1159 1359 1223 coarctatur,

159 1254 269 1333 ,litque
292 1253 465 1334 Bosphorus
488 1254 671 1341 Thracisce.-
710 1253 783 1314 lnde
806 1253 920 1340 Pontus
943 1254 1091 1327 Euxinus,
1121 1272 1139 1317 a
1162 1253 1248 1333 cujus
1270 1260 1359 1337 tergo

177 1358 363 1437 amplissima
384 1357 474 1420 Palus
496 1356 626 1420 Maeotis
648 1363 713 1429 est,
747 1374 825 1437 quae
849 1347 1047 1437 congregatur
1070 1377 1108 1420 er
1129 1357 1243 1424 influxu
1265 1361 1359 1436 maris

179 1467 211 1523 et
233 1477 268 1523 ex
288 1462 419 1524 'accursu
435 1461 546 1533 Tanais
569 1461 701 1524 fluminis
725 1460 763 1523 de
777 1460 921 1540 Riphaeis
945 1463 1098 1525 montibus
1122 1480 1302 1541 erumpens,
1327 1471 1362 1526 et

179 1566 306 1630 aliarum
329 1582 475 1646 aquarum
497 1569 729 1630 accurrentium.
802 1638 809 1645 ,
876 1570 879 1573 ’

267 1669 383 1744 Quibus
412 1672 462 1733 hic
496 1670 630 1736 dimissis
654 1663 754 1732 'maris
777 1669 994 1731 mediterranei
1023 1668 1129 1731 laudes
1157 1671 1361 1750 requiramus.

177 1773 435 1839 Mediterraneum
466 1792 565 1848 mara,
598 1773 701 1835 Africo
731 1780 762 1834 et
789 1772 922 1834 Asiatico
952 1779 1043 1852 atque
1067 1773 1223 1853 ,Europico
1253 1775 1361 1839 littore

178 1881 390 1953 terminatum,
414 1881 497 1941 mille
520 1881 718 1958 conspicuum
740 1877 866 1949 insulis,
902 1894 995 1958 opere
1017 1875 1156 1939 Herculis
1178 1874 1297 1947 Abilam
1329 1887 1363 1942 et

181 1983 295 2063 Calpen
318 1981 515 2047 occidentalia
538 1984 759 2062 promontoria,
793 1999 870 2061 quae
893 1980 1077 2061 Pomponius
1100 1983 1256 2044 columnas
1280 1982 1359 2045 ller-

181 2086 256 2148 culis
279 2092 383 2160 vocat,
417 2087 457 2148 ad-
477 2095 574 2150 terras
605 2086 772 2149 demissum
801 2091 920 2148 nostras
948 2104 985 2147 er
1015 2102 1130 2146 oceano
1162 2088 1363 2150 vetustissimi

178 2191 317 2252 homines
341 2190 509 2253 credidere.
539 2192 582 2254 Ex
605 2210 664 2272 quo
688 2193 732 2252 sic
754 2191 820 2252 Deo
843 2209 898 2251 sua
920 2190 1098 2254 liberalitate
1113 2193 1225 2252 nostris
1247 2207 1363 2272 oppor-

180 2295 356 2357 tunitatibus
371 2295 548 2376 providente
564 2297 671 2376 ingens
687 2295 860 2356 mortalium
875 2293 1068 2357 commodum
1088 2301 1286 2356 consecutum
1302 2303 1362 2358 est.

184 2396 264 2471 Quid
287 2401 368 2459 enim
391 2405 530 2479 spectare
554 2399 653 2472 divino
677 2404 876 2480 praeparante
904 2399 1033 2480 lumine·
1048 2403 1129 2459 rates
1151 2398 1285 2460 humano
1308 2417 1363 2462 ex·
1387 2395 1389 2399 ’

181 2505 325 2582 cogitatas
347 2503 469 2584 ingenio
493 2509 524 2564 et
552 2503 678 2565 artificio
708 2501 906 2574 fabrefactas,
939 2520 1020 2562 nunc
1051 2503 1177 2579 remigio
1207 2501 1363 2591 sulcantes

183 2592 296 2680 undas,
329 2625 411 2668 nunc
434 2606 500 2668 velo
524 2597 613 2668 tenso
635 2613 794 2685 ventorum
816 2607 963 2685 impulsas
985 2607 1106 2685 spiritu,
1141 2605 1247 2692 quibus
1272 2622 1365 2669 omne

183 2710 295 2792 grande
318 2710 414 2772 fertur
437 2729 530 2783 onus3
554 2709 626 2790 quid
642 2728 747 2772 eorum
763 2690 933 2796 encogitare
949 2709 1119 2780 andaciam,
1143 2711 1194 2788 qui
1214 2727 1248 2771 se
1263 2712 1366 2791 primo

181 2814 270 2876 undis
293 2816 454 2893 incognitis
478 2822 509 2875 et
531 2816 694 2895 inexpertis
719 2813 838 2877 flatibus
862 2813 1042 2877 credidere?
1080 2802 1193 2875 Horror
1219 2814 1365 2893 equidem

181 2923 237 2979 est.
282 2917 397 2979 Horum
420 2924 542 2990 tamen,
558 2921 617 2980 etsi
639 2938 699 2980 non
723 2937 860 3001 semper,
884 2926 919 2993 ut
939 2918 1102 2998 plurimum
1117 2923 1200 2997 tanta
1216 2917 1272 2981 tuit
1286 2918 1365 2982 fides

181 3027 213 3082 et
234 3010 411 3082 audentium
434 3022 568 3094 fortuna,
601 3029 639 3083 ut·
657 3023 887 3085 transfretantes
916 3023 1156 3103 peregrinatione
1188 3021 1364 3101 longinqua,

181 3143 240 3186 non
265 3123 364 3185 dicam
387 3143 477 3188 cursu
507 3125 606 3186 solum
629 3125 684 3186 sed
707 3127 807 3188 volatu
831 3128 923 3187 celeri
946 3125 1052 3199 delati,
1086 3127 1193 3188 aurum
1224 3127 1364 3188 metalla·

182 3244 258 3306 que,
280 3234 382 3290 vestes
405 3248 573 3309 purpureas
597 3238 629 3292 et
651 3239 800 3304 aromata,
824 3232 939 3312 lapides
963 3234 1113 3311 pretiosos
1137 3237 1167 3293 et
1193 3231 1285 3293 ebora
1309 3249 1364 3292 oc-

182 3333 328 3407 cidentis,
350 3336 524 3414 peregrinas
548 3354 618 3399 aves
642 3343 673 3398 et
693 3336 841 3410 balsama,
865 3339 945 3417 ligna
967 3338 1078 3398 nostris
1101 3336 1184 3396 silvis
1199 3335 1364 3413 incognita,

181 3446 333 3517 gummula
356 3447 387 3502 et
410 3441 537 3508 sudores
559 3442 693 3521 reliquos
716 3441 896 3520 radicesque
924 3461 984 3502 non
1006 3441 1089 3501 omni
1107 3439 1172 3500 solo
1188 3437 1365 3513 familiares,

182 3544 349 3622 exquibus
380 3551 440 3606 tam
473 3548 554 3607 sanis
585 3563 676 3625 quam
700 3547 804 3624 aegris
837 3541 1011 3624 corporibus
1042 3543 1241 3605 medicamina
1272 3548 1366 3621 atque

183 3649 401 3711 oblectationes
425 3657 594 3730 sequuntur
616 3630 804 3711 innumerae.
836 3650 885 3712 Et'
896 3649 977 3728 quod
991 3666 1051 3710 non
1066 3648 1226 3709 minimum
1240 3645 1367 3706 humani

184 3753 303 3828 generis
314 3749 370 3830 (et)
385 3754 568 3834 reipublicae
584 3755 696 3816 bonum
712 3761 768 3824 est,
783 3754 830 3815 his
847 3754 1003 3832 agentibus
1018 3751 1256 3831 navigationibus
1273 3752 1365 3811 maris

183 3853 273 3930 hujus
295 3854 410 3916 factum
432 3864 496 3928 est,
520 3865 553 3920 ut
568 3857 690 3919 Cimber
712 3865 742 3919 et
759 3858 844 3920 Celta
867 3859 961 3944 altero
984 3857 1065 3918 orbis
1088 3853 1197 3933 angulo
1211 3871 1366 3914 nonnum-

183 3974 275 4036 quam
298 3960 437 4030 sentiant,
465 3962 517 4038 qui
547 3962 609 4021 sint
630 3960 761 4032 Arabes,
796 3963 847 4040 qui
870 3961 1028 4042 Aegyptii,
1063 3961 1116 4039 qui
1138 3958 1301 4020 Palaestini
1334 3966 1368 4021 et

184 4062 267 4140 Spri;
292 4061 366 4141 quid
387 4081 470 4125 mare
493 4065 631 4136 rnbmm,
654 4065 727 4144 quid
751 4066 926 4137 desertum,
949 4064 1022 4143 quid
1043 4069 1127 4125 terra
1137 4069 1260 4134 sancta,
1292 4063 1368 4141 quid

184 4163 328 4240 Sodoma,
352 4166 424 4249 quid
447 4166 579 4240 iudaea,
611 4169 736 4250 quidet
761 4170 877 4240 Sabaea
899 4187 1024 4234 nemora
1046 4157 1172 4240 sudent}
1201 4172 1234 4228 et
1257 4165 1366 4231 llirca·
