2874 4770
583 424 961 500 Monstra-bestiarum.

273 607 365 670 Facto
388 607 513 688 prandio
536 609 608 670 dum
631 608 921 672 deambularenmus
943 611 975 670 iu
998 610 1095 681 curia,
1119 624 1213 679 ecce,
1239 614 1368 686 quatuor

186 707 285 773 Mauri
306 718 472 783 commui,
495 710 642 774 ducentes
664 729 770 772 secum
784 713 940 790 ingentem
953 711 1082 772 besdum
1097 708 1135 770 de
1151 712 1238 771 curia
1253 709 1366 771 domiui

187 813 325 885 Soldani,
348 831 438 894 quem
461 816 616 876 nominent
632 814 762 894 Serapb,
786 818 877 894 quam
898 814 1076 876 exhibebant
1090 811 1365 875 nobisridendam.

185 914 269 978 llcec
290 917 387 978 bestia
409 917 525 996 &raph
547 924 596 979 est
617 916 713 978 multo
735 916 833 995 maior
855 915 972 978 camelo
994 922 1025 977 et
1055 917 1211 995 procerior
1236 923 1269 978 et
1292 933 1365 996 quo·

187 1018 300 1099 drupes
323 1025 385 1092 est,
407 1022 448 1081 ita
471 1025 586 1090 tumen,
610 1018 692 1099 quod
707 1021 874 1081 anteriores
891 1018 986 1099 pedes
1001 1026 1071 1080 sont
1093 1019 1249 1098 longiores
1262 1024 1365 1098 poste·

186 1125 332 1196 rioribus,
355 1125 387 1184 in
411 1129 541 1194 tantum,
565 1120 647 1201 quod
669 1139 763 1201 snper
784 1120 909 1184 dorsum
930 1122 1045 1185 bestiae
1068 1140 1126 1184 neo
1149 1122 1291 1184 homiues
1315 1140 1363 1184 se·

186 1227 269 1300 dere,
285 1244 342 1288 nec
358 1242 450 1287 onera
466 1242 589 1286 manere
604 1232 733 1303 possunt
747 1234 873 1306 propter
887 1225 1090 1288 declivitatem
1105 1224 1197 1287 dorsi.
1208 1252 1213 1259 ·
1224 1223 1364 1305 Longum

185 1329 276 1391 lrcbet
299 1326 410 1391 collum
431 1334 467 1389 ut
488 1328 622 1389 camelus
645 1334 677 1388 et
697 1336 788 1407 caput
815 1346 941 1408 parrum
963 1329 1002 1390 ad
1032 1327 1157 1392 modum
1188 1332 1263 1408 eqni
1295 1349 1363 1391 cum

186 1434 283 1493 acutis
299 1431 439 1492 cornibus
454 1433 600 1510 caprinis,
624 1431 750 1493 caudam
766 1432 857 1494 habet
873 1434 1071 1513 quasi‘canis,
1093 1451 1155 1494 non
1168 1435 1210 1494 ita
1225 1433 1363 1512 pilosam,

101 1566 110 1575 ·-
186 1539 219 1595 et
240 1534 383 1611 ungulam
404 1531 508 1595 dividit
529 1541 563 1596 ut
584 1535 656 1605 bos,
689 1534 823 1596 colorem
844 1535 935 1598 habet
957 1535 1085 1597 rubeum
1107 1553 1177 1598 oum
1198 1537 1281 1602 albis,
1300 1555 1363 1598 mu·

186 1636 281 1708 culis,
303 1653 338 1698 uc
361 1638 387 1696 si
410 1643 514 1698 essent
535 1637 651 1699 stellae.
696 1638 749 1698 list
776 1645 878 1699 autem
893 1639 1019 1718 pulchra
1034 1643 1065 1698 et
1079 1641 1363 1713 mansueta-bestia,

184 1742 283 1819 magis
305 1736 342 1801 od
364 1738 527 1801 videndum
549 1739 750 1812 delectabilis,
774 1757 864 1818 quam
888 1740 925 1802 ad
947 1742 1078 1820 aliquem
1091 1760 1182 1804 usum
1196 1743 1364 1805 humanum

186 1841 294 1903 babilis
309 1849 434 1922 propter
449 1859 536 1905 crura
551 1842 833 1922 disproportiouata.
862 1842 1004 1916 Quamvis
1021 1845 1102 1904 euim
1116 1844 1241 1924 longum
1255 1846 1365 1907 babeat

187 1946 315 2017 collum,
339 1952 438 2007 tamen
461 1963 514 2006 ore
537 1965 593 2008 suo
616 1953 728 2006 terram
750 1948 924 2026 contingere
946 1965 1008 2009 non
1030 1954 1133 2027 potest
1155 1955 1283 2028 proptor
1298 1950 1363 2010 lon·

186 2048 352 2128 gitudinem
374 2066 504 2110 crurum.
549 2049 620 2112 ldeo
643 2065 766 2110 omnem
788 2065 876 2109 suum
899 2051 1009 2112 cibum·
1026 2049 1065 2112 de
1089 2052 1149 2113 alto
1180 2053 1292 2123 sumit,
1326 2051 1362 2112 de

184 2157 266 2214 terre
290 2152 431 2232 colligere
454 2151 528 2212 nihil
551 2158 667 2231 potest,
690 2149 744 2212 sed
769 2151 806 2212 de
830 2152 984 2215 arboribus
1007 2157 1087 2233 capit
1108 2155 1180 2215 lolio
1194 2161 1227 2215 et
1242 2173 1260 2235 a
1277 2154 1361 2216 clivis

185 2261 218 2317 et
240 2257 424 2337 praecipitiis
447 2261 478 2317 et
500 2257 594 2335 petris
616 2255 707 2315 sumit
730 2257 881 2334 gramina,
911 2256 982 2318 dum
1013 2259 1114 2337 ipsum
1135 2262 1195 2318 stat
1216 2255 1359 2328 inferius3

183 2359 216 2422 in
238 2368 324 2439 porto
346 2361 486 2422 anteriori
510 2376 564 2438 per
586 2376 673 2420 crura
704 2366 753 2420 est
784 2361 816 2420 in
843 2365 959 2421 tantum
990 2361 1121 2432 elevata,
1156 2358 1239 2437 quod
1270 2360 1360 2421 homo

183 2469 288 2543 potest
316 2464 372 2525 sub
402 2470 508 2526 ventre
539 2462 605 2539 ejus
628 2463 693 2522 sine
716 2461 910 2523 inclinatione
933 2451 1081 2524 transire(
1115 2463 1148 2524 Si
1170 2469 1265 2524 staret
1286 2463 1360 2545 baec

184 2565 282 2628 bestia
304 2569 334 2626 in
357 2565 422 2626 loro
445 2562 582 2625 Ulmensi
605 2569 673 2624 ante
701 2563 825 2626 domum
846 2565 1014 2626 Zeoherum
1037 2564 1227 2627 dominorum
1251 2548 1360 2629 civium

185 2674 218 2729 et
241 2686 273 2729 se
297 2670 440 2746 erigeret,
465 2667 564 2726 cibum
586 2682 694 2744 capere
718 2673 823 2745 posset
845 2666 882 2728 dc
905 2667 1038 2730 lencstra
1052 2668 1162 2730 stuiae.
1190 2668 1272 2729 Dum
1287 2685 1358 2729 con-

185 2772 260 2850 cipit
286 2770 417 2840 loetum,
447 2784 509 2827 nou
541 2770 649 2828 crescit
678 2770 709 2828 in
742 2777 866 2841 ventre,
898 2789 956 2832 nec
985 2773 1161 2833 intumescit
1191 2773 1281 2833 sicut*
1304 2771 1360 2832 alia

184 2873 380 2954 praegnantis
402 2870 553 2941 animalia,
584 2869 639 2930 sed
669 2889 725 2949 per
746 2873 876 2952 genitale
899 2875 1002 2953 incipit
1026 2874 1200 2953 dependere
1224 2881 1255 2936 et
1278 2882 1360 2937 extra

183 2992 342 3047 crescere,
364 2976 394 3034 iu
416 2978 547 3044 tanturn,
571 2971 652 3051 quod
674 2973 774 3036 foetus
797 2971 972 3055 dependens
994 2978 1098 3040 lambit
1120 2977 1158 3039 de
1174 2984 1255 3038 terra
1270 2995 1360 3039 suum

183 3080 402 3142 nutrimentum
425 3081 456 3137 et
485 3075 617 3137 comedit
644 3080 796 3156 gramina3
828 3087 926 3141 mater
954 3087 1055 3142 autom
1088 3086 1201 3142 contra
1222 3086 1360 3143 naturam

185 3198 283 3261 paene
307 3181 441 3241 omnium
461 3179 627 3240 bestiarum
648 3183 777 3242 maxime
801 3182 864 3243 odit
887 3184 1017 3263 pullum,
1040 3183 1095 3245 sed
1119 3187 1147 3244 ei
1168 3200 1281 3244 nocere
1300 3201 1361 3244 non

184 3290 303 3364 potest,
326 3282 437 3344 multos
460 3284 539 3343 enim
562 3285 711 3345 cruciatus
735 3287 864 3347 sustinet
886 3288 1022 3358 interim,
1053 3286 1227 3366 quodcum
1250 3292 1387 3366 portat·

110 3404 118 3418 ’
185 3384 266 3448 Dum
288 3393 388 3447 autem
410 3392 530 3467 tempus
566 3388 701 3468 pariendi
734 3374 917 3460 advenerit,
938 3391 1036 3450 subito
1068 3392 1098 3450 iu
1128 3395 1247 3450 terram*
1271 3389 1360 3462 cadit,

184 3491 266 3551 sicut
288 3489 400 3550 malum
423 3491 461 3552 de
484 3490 604 3563 arbore,
628 3491 700 3552 dum
722 3494 925 3553 maturitatem
949 3492 1079 3554 debitam
1102 3492 1244 3573 adeptum
1259 3492 1360 3562 fuerit,

186 3594 360 3671 quamcito
384 3602 484 3655 autern
508 3595 667 3665 ceciderit,
698 3600 825 3672 repente
848 3594 940 3674 sugit,
971 3597 1040 3673 quia
1063 3602 1181 3666 meter,
1204 3601 1237 3655 ut
1267 3597 1362 3656 sentit

185 3711 221 3756 se
236 3695 400 3768 liberatam,
416 3700 563 3760 convertit
577 3716 620 3769 se,
641 3713 789 3776 quaerens
804 3699 904 3775 ipsum
919 3699 1103 3779 extinguere.
1132 3697 1361 3759 Hanobestiam

187 3815 257 3860 cum
292 3801 466 3862 androtione
499 3802 628 3863 vidimus
661 3805 693 3859 et
724 3799 791 3877 ejus
820 3800 993 3862 ductoribus
1028 3802 1176 3862 curtosias
1210 3800 1360 3874 dedimus,

186 3908 347 3981 proptereo
378 3905 458 3964 enim
487 3904 573 3966 uobis
601 3905 684 3965 illam
713 3901 911 3976 adduxerant,
946 3912 980 3966 ut
1002 3905 1139 3965 denarios
1173 3907 1359 3984 acciperent.

184 4000 248 4064 itus
271 4005 445 4067 abeuntibus
468 4012 617 4068 venerunt
637 4005 696 4067 duo
721 4004 856 4083 'juvenes
888 4006 1044 4088 Aegyptii,
1076 4008 1221 4069 ducentes
1253 4025 1361 4069 secum

186 4103 309 4170 leonem
341 4126 499 4188 maguum,
533 4111 678 4190 pinguem
708 4115 740 4169 et
771 4107 919 4184 ferocem,
953 4112 990 4174 ad
1026 4117 1177 4183 catenum,
1211 4112 1263 4190 qui
1295 4119 1361 4175 erat
