2874 4770
680 142 745 246 aar

125 361 195 417 aute
217 355 319 417 lucem
341 353 525 416 surreximus
540 350 579 413 de
593 354 742 426 scamnis,
763 355 795 414 in
816 353 927 432 qubus
942 354 1152 428 dormivimus,
1175 362 1206 418 et
1221 356 1304 418 diem

124 459 191 521 ficri
206 458 472 539 praestolabamur.
501 455 600 529 Quam
616 457 677 516 cito
699 464 801 519 antem
816 459 917 520 lucem
929 459 1078 534 vidimus,
1096 459 1194 537 jejuni
1208 478 1303 540 equos

125 580 238 625 vacuos
260 561 472 633 ascendimus,
494 566 527 620 et
547 577 603 638 per
626 577 771 622 ascensus
794 568 826 622 et
840 562 1007 625 descensus
1021 563 1133 625 multos
1154 567 1186 624 in
1208 566 1302 629 latere

127 668 238 727 montis
261 683 353 746 supra
375 664 499 726 fluvium
514 662 621 724 Plabes
647 666 848 742 equitavimus
877 674 910 727 et
932 667 969 728 ad
991 669 1102 739 locum,
1125 672 1176 748 qui
1199 672 1302 751 bospi-

127 770 234 830 tiolum
256 769 380 842 dicitur,
408 770 561 839 venimus,
591 767 642 828 ubi
665 775 714 829 est
734 769 847 830 bonum
870 771 1051 850 hospitium
1085 774 1127 834 ibi
1155 793 1226 852 ergo
1254 777 1302 835 in·

128 876 224 952 gressi
247 873 446 934 reiectionem
470 873 646 951 accepimus
668 891 725 934 uos
748 881 779 933 et
801 876 872 952 equi
886 877 1000 946 uostri;
1023 877 1105 938 linita
1126 877 1304 940 reflectione

125 977 227 1038 festini
249 976 378 1057 proiecti
399 993 521 1047 sumus,
555 981 586 1035 et
608 973 647 1034 ad
670 975 700 1035 S.
722 973 886 1038 Martinam
914 980 1054 1039 venimus
1082 983 1114 1041 in
1135 982 1237 1042 sillam
1258 984 1304 1042 sic

126 1080 253 1152 dictam,
284 1083 336 1142 ubi
365 1079 499 1140 creditur
520 1095 590 1138 esse
612 1078 713 1150 locus,
745 1082 777 1140 in
800 1098 876 1159 qno,
910 1089 945 1142 ut
973 1082 1086 1145 dieitur
1112 1088 1145 1146 in
1174 1084 1305 1164 tegenda

125 1186 157 1247 S.
181 1184 318 1258 Martini,
340 1186 438 1247 honus
460 1185 506 1244 vir
519 1183 625 1244 incidit
638 1186 670 1244 in
684 1185 834 1258 latrones,
856 1185 958 1265 ibique
981 1206 1061 1248 uuus
1076 1193 1176 1251 securi
1190 1191 1305 1251 vibrata

124 1291 217 1352 voluit
240 1308 311 1351 eum
334 1287 491 1362 occidere,
515 1291 571 1351 sed
594 1293 670 1352 alter
691 1295 834 1354 sustinuit
855 1295 969 1366 ictum,
992 1303 1095 1357 umen
1116 1298 1227 1375 ligatus
1249 1296 1306 1356 luit

125 1397 161 1456 ab
185 1398 230 1455 eis
252 1402 284 1456 et
307 1403 430 1474 eaptus,
454 1402 486 1455 et
508 1394 666 1456 ductorem
689 1415 779 1458 suum
802 1400 869 1476 ipse
885 1402 1036 1461 convertit
1057 1375 1208 1461 ad'rdem.
1239 1398 1306 1460 lloc

126 1499 194 1559 loco
217 1498 435 1578 dereliquimus
459 1498 497 1559 ad
518 1499 654 1560 dextram
679 1499 804 1562 flurium
818 1500 941 1561 l’labem
964 1510 995 1565 et
1008 1523 1065 1584 per
1079 1504 1173 1567 altum
1194 1503 1306 1565 clivum

130 1605 323 1672 ascendimus
346 1613 377 1667 et
395 1605 466 1666 inde
488 1608 520 1666 iu
545 1606 728 1668 Cadubrium
750 1610 901 1669 venimus.

218 1711 398 1783 Gadnbrium
422 1716 470 1770 est
491 1729 571 1770 unus
594 1713 625 1770 iu
648 1714 799 1772 montanis
822 1715 996 1793 comitatus,
1015 1711 1080 1789 jam
1102 1713 1157 1774 sub
1171 1713 1304 1774 Veneto·

130 1837 197 1880 rum
220 1823 384 1896 potestate,
417 1821 449 1875 et
470 1816 565 1874 nostri
587 1813 726 1896 vulgares
748 1818 904 1895 regionem
925 1817 1007 1879 illam
1030 1821 1182 1880 nominant
1205 1817 1305 1879 llado-

128 1925 199 1994 her,
223 1928 330 2000 estque
353 1920 391 1980 de
413 1919 614 1998 patriarchatu
636 1918 830 1999 Aquilegiae,
863 1923 1020 1999 pertinens
1042 1921 1080 1982 ad
1091 1920 1202 1983 Forum
1223 1921 1303 1983 Julii

129 2026 225 2089 Multa
247 2027 313 2087 viae
335 2023 551 2102 impedimenta
572 2023 729 2085 habuimus
752 2025 911 2103 perillam
935 2029 1099 2105 regionem,
1122 2045 1191 2087 nam
1213 2035 1307 2089 strata

129 2130 250 2212 publica
273 2137 306 2191 et
328 2130 495 2189 eommunis
519 2128 608 2206 plena
632 2135 695 2189 erat
718 2130 854 2190 curribus
878 2135 910 2189 et
935 2130 1081 2191 vehiculis
1105 2139 1135 2191 et
1157 2133 1305 2192 onerariis

130 2237 217 2313 equis
249 2233 419 2294 terentibus
447 2232 549 2292 uuum
580 2230 717 2291 italicum
749 2238 780 2292 et
802 2232 870 2292 Furi
893 2231 1005 2292 lulium
1033 2236 1066 2293 in
1088 2233 1308 2295 alemanniam.

132 2338 189 2400 ssis
213 2339 262 2398 alii
285 2352 390 2399 currus
413 2336 532 2398 obviarn
555 2335 731 2405 veniebant,
752 2351 810 2394 nec
833 2342 897 2394 erat
918 2337 968 2395 ria
989 2343 1073 2396 extra
1087 2344 1210 2398 stratam
1225 2355 1309 2397 eom·

132 2459 255 2502 munem
278 2448 402 2520 propter
422 2442 500 2502 nivis
521 2437 775 2517 profunditatem,
798 2446 829 2499 et
845 2441 916 2517 quia
930 2456 1059 2500 neeesse
1077 2447 1141 2501 erat
1157 2441 1309 2502 declinare

133 2565 149 2607 a
172 2552 278 2617 strata,
300 2547 414 2616 statim,
449 2550 483 2604 ut
505 2560 604 2620 equus
628 2550 710 2603 extra
733 2544 874 2604 semitam
895 2543 1038 2622 ungulam
1060 2544 1180 2622 posuit,
1212 2560 1310 2623 usque

134 2650 172 2712 ad
195 2656 330 2710 ventrem
352 2648 554 2725 mergebatur.
601 2645 686 2707 Talia
707 2645 924 2726 impedimenta
958 2647 1129 2725 periculosa
1151 2647 1310 2711 habuimus

133 2753 287 2815 multoties
309 2753 360 2813 illo
382 2752 452 2823 die,
483 2751 580 2828 magis
602 2750 747 2810 timebam
768 2752 800 2810 iu
824 2768 955 2811 occursu
978 2769 1101 2822 eunus,
1129 2768 1221 2830 quam
1244 2770 1311 2814 um·

133 2880 223 2940 quam
246 2862 276 2921 iu
298 2861 374 2920 mari
395 2861 558 2918 timueram
579 2855 783 2934 procellarum
805 2874 977 2916 occursum.
1009 2856 1082 2917 Sole
1098 2863 1200 2917 autem
1222 2874 1311 2917 occa·

132 2982 200 3026 sum
223 2969 347 3045 petente
368 2964 508 3025 venimus
530 2963 562 3021 in
583 2959 757 3032 Pratinum,
786 2967 817 3020 et
840 2969 887 3022 est
910 2961 996 3022 locus
1025 2963 1210 3023 laetissimus
1231 2965 1312 3023 inter

132 3078 291 3144 montana,
316 3071 345 3129 in
369 3084 430 3145 quo
446 3072 516 3126 sunt
532 3072 615 3146 prata
630 3064 724 3126 multa
740 3071 770 3124 et
785 3065 949 3126 bestiarum
965 3084 1093 3145 pascua,
1116 3075 1147 3128 et
1161 3070 1193 3128 in
1208 3066 1310 3127 medio

133 3173 253 3252 grandis
276 3173 362 3244 villa,
392 3189 483 3250 quoru
504 3170 669 3247 vulgariter
697 3170 851 3229 nominant
874 3188 944 3230 aum
962 3169 1095 3243 llaiden,
1124 3169 1239 3240 idest,
1273 3167 1311 3230 ad

132 3277 236 3351 Prata;
268 3279 311 3338 ibi
331 3277 497 3355 hospitium
519 3275 647 3353 ingressi
676 3281 876 3352 pernoctem
900 3277 1076 3335 mansimus.
1121 3273 1216 3335 Porro
1241 3278 1311 3333 ante

132 3400 262 3444 coenam
278 3381 455 3451 ecclesiam,
478 3396 555 3457 quae
581 3395 677 3458 prope
700 3384 780 3450 erat,
803 3380 959 3456 ingressus
983 3375 1180 3439 addicendos
1203 3392 1310 3453 respe-

132 3504 183 3548 ras
218 3488 318 3566 reperi
350 3488 381 3546 in
412 3484 596 3545 coemeterio
620 3490 700 3542 stare
730 3484 762 3542 in
786 3499 876 3559 capsa
898 3483 954 3541 tria
977 3499 1102 3561 corpora
1125 3486 1315 3539 mortuorum

132 3593 268 3669 integra,
303 3607 432 3668 quorum
454 3588 527 3648 satis
549 3586 700 3648 horribilis
723 3593 771 3647 est
798 3592 956 3664 aspectus,
991 3592 1071 3645 stant
1104 3586 1187 3644 enim
1216 3581 1313 3643 adhuc

132 3697 274 3756 omuibus
293 3691 522 3756 cohaerentibus
549 3691 692 3751 membris
715 3690 864 3750 tabefacta
879 3706 968 3750 carne
984 3695 1115 3766 suntque
1129 3687 1314 3749 levissimam

132 3799 272 3861 habentia
295 3808 398 3861 cutem
420 3799 569 3874 integram
584 3795 769 3866 induratam,
793 3812 884 3855 nasos
911 3801 944 3854 et
963 3811 1053 3855 aures
1075 3800 1106 3854 et
1122 3794 1263 3872 genitalia
1279 3797 1313 3854 nt

132 3904 213 3984 ligna
234 3903 383 3966 indurata.
427 3900 529 3962 Unum
559 3906 661 3961 autem
694 3901 814 3960 illorum
838 3917 998 3978 corporum
1020 3896 1139 3960 ridetur
1154 3898 1255 3979 (225
1268 3893 1312 3974 a)

134 4008 263 4069 hominis
282 4008 405 4088 juvenis
425 4005 540 4076 fuisse,
573 4010 606 4063 et
634 4001 725 4063 hodie
757 4003 872 4065 vultum
902 4003 992 4064 habet
1022 4001 1150 4062 ridentis
1171 4002 1314 4073 hominis,

137 4119 267 4191 suntque
288 4114 330 4174 ita
352 4113 470 4190 integra
492 4110 524 4170 in
545 4114 629 4168 terra
648 4113 779 4185 reperta.
814 4106 913 4185 Saepe
935 4107 979 4167 ini
1001 4104 1141 4176 iniero,
1164 4121 1224 4166 nec
1246 4121 1313 4163 cor·

136 4229 213 4292 pora
232 4215 284 4278 illa
303 4214 491 4278 sufficienter
513 4208 666 4274 ammirari
686 4208 783 4283 valui,
815 4209 990 4274 linteamina
1024 4225 1095 4271 cum
1118 4209 1164 4268 eis
1186 4204 1315 4285 sepulta,
