2874 4770
62 205 87 269 f*

19 254 113 379 :Q

124 331 233 413 quibus
254 330 385 397 nutritus
415 329 484 392 sit..
509 327 566 389 llic
589 346 661 408 ergo
693 347 763 390 oum
783 329 984 404 adolevisset,
1023 331 1140 403 insulae
1166 334 1302 412 regimen

125 435 252 511 accepit
266 439 297 493 ct
321 450 358 492 ex
380 448 416 493 ea
430 449 527 511 paene
551 439 648 494 totum
670 433 815 494 mundum
842 435 971 496 turbavit
993 442 1025 497 et
1038 434 1164 496 fratrum
1178 454 1303 500 suorum

126 537 267 597 dominus
290 535 387 596 lactus
412 537 549 595 cumeis
573 524 725 597 immanes
751 538 898 614 gigantes,
922 535 1060 612 Titanes,
1085 538 1208 612 devicit,
1233 557 1302 601 eos·

126 659 186 720 quc
209 637 360 700 montibus
384 641 557 716 supposuit3
583 646 702 717 patrum
726 658 815 699 suum
833 641 995 701 Saturnum
1010 639 1048 701 de
1073 621 1165 720 regno
1190 642 1302 721 expulit

72 828 73 831 Ἴ
125 744 275 822 usquein
298 742 429 814 ltaliam,
455 743 505 803 ubi
527 750 599 803 tunc
623 742 711 823 lanus
735 745 878 823 regnavit,
904 746 955 823 qui
978 763 1048 806 eum
1064 745 1194 824 benigne
1218 763 1302 821 rece-

125 849 169 926 pit
201 854 231 906 et
262 865 445 926 conregnare
470 849 617 926 permisit.
652 847 802 910 Saturnus,
822 866 895 926 ergo
919 848 1014 909 multo
1038 851 1149 929 populo
1172 848 1304 911 ostendit

125 958 214 1012 aulea
237 971 298 1012 non
322 954 457 1030 cognita,
491 959 522 1011 et
543 953 622 1011 inter
646 951 702 1011 alia
724 968 794 1012 cum
818 970 855 1012 eo
879 971 975 1031 usque
999 970 1035 1012 ex
1059 953 1186 1032 pellibus
1210 941 1302 1032 pcc'u·

125 1053 204 1116 dum.
220 1054 333 1133 duratis
356 1058 425 1134 igue
449 1057 584 1135 pecunia·
601 1055 815 1128 conficeretur,
844 1056 910 1134 ipse
934 1057 1049 1134 primus
1074 1075 1144 1118 aera
1174 1057 1304 1135 signarit

124 1167 156 1220 et
177 1179 289 1238 nomeu
314 1163 457 1254 apposuit
478 1180 583 1233 suum,
608 1181 644 1222 err
667 1168 752 1241 parte
777 1180 836 1222 una
860 1159 943 1233 Jani,
968 1165 1015 1222 sui
1038 1161 1236 1240 susceptoris,
1257 1159 1302 1221 bi'·

123 1266 222 1338 lrons,
246 1285 281 1328 eu
306 1269 401 1328 altera
423 1285 495 1327 vero
518 1249 642 1338 navem,
667 1285 721 1337 eo,
747 1266 827 1345 quod
850 1269 879 1327 in
903 1269 971 1328 navi
994 1269 1137 1328 venissel.
1229 1313 1231 1316 ,
1274 1259 1277 1264 ’

211 1370 272 1431 Sub
297 1370 356 1430 illis
380 1372 497 1431 duobus
522 1372 642 1449 regibus
666 1370 751 1460 luere
777 1387 867 1431 aurea
890 1371 1011 1430 saecula
1034 1373 1063 1430 iu
1087 1369 1197 1431 Tuscia
1220 1373 1251 1429 et
1272 1368 1302 1428 iu

124 1475 228 1547 ltalia,
264 1479 333 1554 quia
366 1477 439 1537 nibil
470 1461 635 1556 privatum,
667 1476 722 1537 sed
753 1477 853 1536 omnia
878 1483 962 1539 eraut
987 1476 1166 1537 communia.
1211 1471 1304 1551 Igitur

125 1578 260 1658 Jupiter,
284 1597 336 1640 rer
353 1580 470 1652 Cretae,
496 1597 565 1639 cum
581 1581 713 1658 quinque
735 1576 851 1642 vicibus
867 1585 964 1640 totum
987 1579 1132 1640 mundum
1147 1593 1303 1657 peragras·

126 1691 174 1744 set
196 1690 227 1745 et
249 1685 360 1763 ubique
385 1691 447 1744 tam
469 1685 500 1744 iu
523 1685 759 1763 campestribus,
785 1664 876 1761 quam
901 1685 931 1744 iu
947 1686 1099 1744 montibus
1116 1683 1172 1742 sibi
1188 1678 1302 1759 templa

127 1788 343 1848 construxisset
384 1806 479 1867 seque
514 1787 605 1872 deum
645 1805 713 1848 esse
744 1788 862 1866 populis
895 1771 1064 1848 nuntiasset
1101 1792 1131 1846 et
1159 1785 1304 1865 populum

125 1891 295 1953 humaniter
318 1894 418 1955 vivere
440 1895 645 1964 instruxisset3
670 1891 810 1975 iratribus
828 1893 890 1953 suis
908 1892 1008 1954 divisit
1033 1892 1203 1970 imperium,
1228 1888 1303 1950 dans

127 1995 246 2056 Plutoni
269 1995 436 2058 inferorum
457 1980 642 2069 dominium,
665 1997 807 2076 Neptuno
831 1999 940 2070 maris,
963 1996 1120 2068 reservans
1144 1996 1202 2055 sibi
1225 1994 1303 2059 coeli

125 2093 299 2183 dominium.¹
346 2100 484 2164 Tandem
508 2109 576 2182 post
599 2101 692 2184 multa
715 2103 807 2163 vitam
834 2103 1028 2163 commutarit
1057 2108 1088 2163 ct
1110 2103 1242 2161 moriens
1265 2096 1304 2160 ad

126 2204 201 2271 deos
226 2210 320 2282 abiit,
345 2228 477 2289 eumque
500 2213 547 2272 sui
569 2211 621 2271 filii
644 2216 819 2271 constructo
842 2208 952 2270 decoro
976 2204 1137 2287 sepulchro
1159 2206 1199 2265 in,
1214 2202 1304 2278 Creta
1404 2189 1408 2196 ¹

122 2311 207 2389 juxta
226 2311 386 2373 Aulacium
409 2313 554 2392 oppidum
578 2313 763 2400 sepelierunt
771 2332 780 2384 ;
805 2330 896 2390 quem
921 2311 1084 2373 Cretenses
1107 2327 1161 2389 pro
1185 2321 1303 2384 summo

126 2416 191 2476 Deo
216 2404 527 2496 coluerunteumque
551 2417 615 2478 aliis
639 2418 727 2478 terris
751 2415 924 2476 colendum¹
938 2415 1201 2494 praedicaverunt,
1233 2425 1303 2477 cum

126 2526 228 2580 tamen
252 2519 342 2580 luerit
362 2521 576 2587 vitiosissimus
599 2518 690 2580 bomo
714 2526 744 2580 et
759 2514 1041 2589 immundissimus,
1056 2523 1099 2578 ut
1116 2513 1302 2593 Augustinus

126 2622 191 2683 libr.
215 2621 249 2682 ll.
285 2622 322 2682 de
347 2622 472 2684 Ciuitate
496 2623 555 2683 Dei
579 2623 649 2702 Cap.
676 2621 705 2685 7.
740 2621 880 2684 ostendit.
927 2620 1014 2682 Unde
1039 2622 1137 2682 vitiosi
1164 2617 1302 2695 homines

127 2727 370 2807 adnpalliandum
401 2746 466 2791 suav
485 2728 601 2789 scelera
634 2745 704 2788 eum
734 2728 870 2807 prodeo
900 2727 1067 2788 coluerunt.
1113 2724 1181 2784 Nou
1204 2720 1304 2783 solum

126 2838 226 2893 autern
250 2830 412 2893 Cretenses
433 2850 489 2910 pro
513 2832 571 2908 deo
587 2830 695 2894 iovem
719 2851 809 2892 suum
831 2832 1014 2908 habuerunt,
1038 2829 1095 2891 sed
1117 2835 1146 2889 et
1170 2826 1302 2906 prudeu-

125 2937 234 2997 tissimi
258 2934 379 3022 Graeci,
405 2939 457 3016 qui
481 2940 583 3016 ipsum
606 2937 709 2998 mundi
733 2944 868 2997 mentem
892 2935 1087 3007 arbitrantes,
1112 2933 1243 3013 quaein
1267 2948 1302 2992 se

125 3040 190 3117 ipsa
220 3038 364 3100 muudum
394 3043 552 3103 continens
576 3033 723 3122 produxit.
769 3041 815 3101 De
839 3039 1082 3119 quoOrpheus,
1116 3039 1301 3100 Graecorum

126 3143 300 3221 theologus,
324 3154 446 3209 carmen
469 3149 564 3209 edidit
587 3147 673 3211 valde
696 3147 889 3226 magnificum
912 3152 943 3207 et
959 3147 1081 3229 omnino
1105 3144 1247 3214 divinum,
1271 3148 1304 3202 ut

125 3255 209 3325 patet
231 3267 286 3328 per
308 3250 471 3314 Eusebium
493 3252 531 3314 de
555 3271 689 3332 praepar.
705 3242 893 3332 ‘Euangeliou
915 3247 949 3310 L.
972 3248 1020 3311 ΙΙΙ.
1046 3249 1079 3310 C.
1104 3245 1133 3310 3.

213 3353 316 3426 Qualis
345 3355 436 3416 bomo
467 3356 558 3417 luerit
587 3354 705 3434 Jupiter
732 3354 865 3415 ostendit
888 3351 1074 3425 Lactantius·
1092 3348 1126 3410 L.
1154 3345 1208 3419 16,·
1241 3349 1301 3428 qui,

125 3460 239 3537 inquit,
268 3455 398 3536 Jupiter,
432 3461 483 3537 qui
513 3461 544 3519 iu
573 3445 702 3520 solemni
733 3459 907 3537 precatione
939 3448 1071 3534 optimus
1101 3458 1132 3513 et
1155 3454 1303 3533 maximus

125 3560 322 3625 nominatur?
336 3551 338 3556 ’
353 3560 459 3622 Nonne
484 3581 499 3622 a
523 3580 578 3630 sua
606 3564 712 3642 prima·
728 3561 856 3640 pueritia
887 3556 1035 3647 parricida
1057 3555 1302 3636 deprehenditur,

127 3674 335 3745 compatrem
367 3683 460 3743 regno
491 3667 605 3745 expulit
636 3684 694 3727 nec
717 3670 892 3745 exspectare
923 3663 1015 3724 linem
1045 3661 1192 3740 decrepiti
1220 3662 1302 3722 scula

125 3769 220 3832 voluit
257 3771 420 3849 eupiditate
459 3770 616 3850 regnandi,
655 3777 687 3831 el
724 3788 793 3860 oum
830 3766 960 3847 primum
997 3768 1108 3828 solium
1145 3773 1303 3855 paternum

125 3882 157 3935 et
195 3895 276 3938 arma
315 3879 463 3955 cepisset,
501 3877 634 3939 bollo-a
664 3876 819 3939 Titanibus
857 3876 1032 3947 lacessitus,
1072 3875 1178 3954 quibus
1214 3877 1302 3938 victis

126 3973 271 4062 reliquam
305 3983 397 4043 vitam
420 4001 506 4044 suam
537 3985 567 4042 in
590 3984 701 4061 stupris
725 3981 940 4060 adulteriisque
963 3968 1140 4042 consumsit.
1187 3978 1302 4041 Omitto

127 4075 276 4165 virgines,
301 4105 374 4166 quas
398 4087 658 4160 imminuit,·illud
682 4088 762 4147 enim
785 4085 940 4175 tolerabile
959 4083 1089 4162 judicari
1111 4084 1200 4146 solet.
1229 4082 1301 4157 Am·

128 4189 319 4270 pbitrpouem
341 4210 377 4255 ac
399 4191 779 4274 Tyndareumpraeteriro
802 4210 863 4254 non
878 4209 1021 4273 possum,
1045 4206 1173 4274 quorum
1195 4187 1302 4253 domos
