2874 4770
680 175 746 247 403

126 350 223 422 libus,
246 354 382 425 msticis,
405 353 594 432 pastoribus;
617 353 696 413 sicut
718 351 828 425 Roma,
864 351 920 415 sed
942 368 960 414 a
981 351 1140 426 divitibus,
1174 353 1304 416 dominis

127 455 265 516 honestis
288 460 319 516 et
343 454 490 517 nobilibus
512 455 713 526 Venetorum;
749 451 782 534 4)
798 473 859 517 nou
876 463 930 516 est
952 463 1132 519 constructa·
1145 475 1162 518 a
1177 459 1303 538 paganis

130 565 161 620 et
184 558 369 628 idololatris,
393 562 471 621 siout
493 558 592 636 Troja‚
615 558 769 631 Athenae,
793 557 849 619 sed
872 576 888 620 a
912 558 1088 622 Christianis
1112 567 1144 621 et
1166 561 1304 623 Crucihxi

129 663 312 732 cultoribus;
346 660 379 741 5)
403 682 462 725 non
486 670 533 725 est
556 661 711 724 aedificata
733 662 943 724 communibus
965 662 1112 743 lapidibus
1135 666 1304 743 vellignis,

127 767 206 826 sicut
228 763 331 838 Ulma,
359 765 495 847 Augusta
517 774 548 828 et
573 767 764 837 Constantia,
802 765 858 826 sed
881 748 1082 844 lapidibus'in
1104 765 1197 844 Troja
1216 752 1304 831 nohi-

127 869 233 940 litatis,
266 871 344 929 sicut
366 887 456 948 supra
478 876 575 949 patet:
615 866 647 947 6)
671 888 731 931 non
754 870 844 932 habet
867 890 1001 941 murum,
1035 873 1114 933 sicut
1136 872 1211 932 aliae
1234 874 1305 935 civi·

128 977 214 1043 tates,
239 990 445 1045 communem,
470 974 525 1035 sed
547 973 700 1052 quaelihet
722 971 829 1033 domus
853 981 899 1034 est
923 976 1007 1053 quasi
1030 993 1141 1054 perse
1165 983 1305 1048 castrum,

127 1093 163 1136 er
186 1092 244 1152 qua
266 1077 436 1139 resistentia
460 1077 637 1138 adversariis
660 1077 725 1137 fieri
748 1083 868 1155 potest,
902 1085 932 1139 et
955 1078 1067 1139 idcirco
1091 1084 1138 1139 est
1160 1079 1305 1158 inexpug-

126 1180 247 1251 nabilis,
280 1188 325 1241 tot
357 1183 571 1244 munitionibus
604 1187 758 1260 protecta;
782 1179 830 1255 ·7)
854 1188 976 1260 portum
1005 1182 1096 1244 hahet
1130 1182 1305 1254 mirabilem,

127 1299 218 1362 quem
241 1285 322 1345 nulla
345 1292 467 1347 externa
490 1284 595 1345 classis
623 1283 742 1362 ingredi
765 1291 882 1363 potest,
914 1304 971 1346 nec
995 1284 1156 1347 formidant
1179 1284 1305 1363 alicujus

126 1387 221 1449 hostis
244 1389 408 1449 incursum.

215 1491 357 1552 Secundo
380 1489 607 1551 commendatur
628 1490 700 1549 urbs
717 1488 912 1553 Venetiarum
936 1508 953 1551 a
977 1494 1186 1572 copiosissima
1208 1472 1304 1574 popu·

129 1594 239 1656 latione
264 1592 329 1675 (h).
376 1594 452 1654 Nam
482 1611 559 1654 anno
590 1591 711 1652 Domini
733 1589 797 1656 570
827 1593 949 1670 quidam
980 1601 1142 1674 tyrannus,
1178 1596 1305 1675 Daphon

129 1699 267 1769 nomine,
291 1696 405 1757 ltaliam
429 1696 596 1766 infestavit,
620 1713 680 1772 quo
704 1703 819 1756 terrore
836 1695 922 1756 multi
938 1699 1055 1761 nobiles
1072 1699 1200 1762 desertis
1224 1701 1304 1761 urbi·

129 1801 184 1861 hus
207 1819 262 1879 per
285 1802 449 1862 maritimas
472 1798 598 1878 paludes
614 1798 650 1860 ad
666 1799 862 1860 venetiarum
879 1803 1032 1863 civitatem
1054 1822 1088 1864 se
1104 1804 1304 1876 contulerunt,

130 1922 258 1982 quorum
282 1903 412 1966 adventu
445 1909 516 1964 tunc
540 1903 655 1964 Veneta
679 1904 783 1964 civitas
807 1905 917 1963 mirum
938 1906 969 1964 in
991 1906 1116 1968 modum
1141 1916 1228 1969 aucta
1250 1907 1305 1968 fuit

127 2009 160 2069 in
182 2008 294 2089 populo
318 2014 349 2067 et
370 2007 521 2068 aediliciis.
567 2006 632 2067 Nec
661 2007 755 2066 multo
785 2014 856 2085 post
888 2007 1042 2071 destructa
1070 2011 1126 2072 fuit
1148 2011 1305 2083 Heraclea,

129 2114 233 2174 civitas
256 2110 419 2190 populosa,
443 2128 460 2172 a
484 2129 542 2190 qua
565 2114 664 2172 omnis
688 2111 818 2191 populus
834 2111 977 2174 Venetias
993 2117 1224 2192 transmigravit.
1256 2115 1304 2176 lu-

128 2234 220 2296 super
249 2223 280 2279 et
302 2211 529 2295 Aquileirenses
560 2213 714 2275 destructa
743 2212 883 2292 Aquileja
915 2217 948 2276 in
971 2215 1166 2278 venetiarum
1197 2220 1303 2279 urbem

128 2322 313 2403 populariter
335 2321 583 2398 commigrarunt,
616 2317 710 2388 adeo,
742 2321 776 2377 ut
798 2324 869 2378 tunc
894 2317 1033 2389 ‚secunda
1063 2320 1144 2381 urbis
1174 2321 1305 2383 conditio

128 2425 222 2486 fuisse
246 2425 370 2487 dicatur.
416 2423 461 2483 De
484 2421 644 2483 Sclavonia
667 2421 757 2480 etiam
780 2420 868 2479 multi
889 2421 930 2480 ihi
954 2420 1105 2485 domicilia
1129 2424 1304 2487 aedificave-

130 2534 215 2600 runt,
255 2528 346 2590 etde
377 2527 525 2588 universis
555 2523 593 2584 de
624 2525 679 2585 suh
710 2523 796 2583 coelo
826 2523 916 2585 modo
947 2532 1051 2604 gentes
1080 2528 1122 2588 ibi
1152 2537 1306 2590 morantur

129 2635 160 2694 in
183 2640 266 2694 tanta
288 2630 495 2701 multitudine,
519 2635 553 2689 ut
575 2626 709 2688 mirabile
732 2629 770 2687 sit
787 2627 908 2700 videre;
933 2647 990 2690 uec
1013 2638 1060 2693 est
1081 2651 1226 2694 numerus
1250 2635 1305 2695 ho·

129 2740 243 2798 minum
266 2738 425 2814 pervices
449 2734 636 2795 currentium
652 2738 682 2792 et
697 2734 933 2806 recurrentium,
956 2752 1012 2811 per
1030 2737 1142 2798 canalia
1165 2740 1305 2817 navigan·

127 2843 210 2912 tium,
234 2843 264 2900 in
280 2839 391 2918 palatio
408 2837 439 2898 S.
456 2834 552 2899 Marci
574 2838 736 2909 stantium,
759 2838 790 2896 in
814 2836 879 2897 foro
895 2837 1023 2899 Rivialto
1040 2840 1305 2915 confabulantium,

125 2947 157 3007 iu
179 2945 293 3006 lentico
316 2949 347 3004 et
370 2942 440 3004 alibi
460 2942 695 3020 negotiantium,
718 2943 750 3001 in
772 2940 865 3002 valvis
897 2947 928 3002 et
954 2945 1071 3024 pategis
1096 2949 1304 3020 mercantium,

126 3049 158 3109 in
180 3049 333 3110 laboreriis
357 3046 563 3125 operantium,
585 3045 615 3104 in
638 3043 745 3123 plateis
769 3050 798 3109 ct
821 3046 895 3105 vicis
917 3047 1016 3106 otiose
1040 3050 1250 3128 spatiantium,
1274 3052 1305 3113 in

126 3153 264 3215 domibus
287 3151 501 3222 residentium,
524 3151 555 3209 in
578 3149 770 3209 monasteriis
790 3147 856 3209 Deo
879 3142 1089 3224 servientium,
1112 3156 1143 3215 in
1166 3156 1305 3216 ecclesiis

128 3259 274 3319 orantium
299 3262 329 3318 et
352 3255 550 3324 cantantium,
583 3253 615 3313 in
638 3252 749 3313 ambitu
774 3255 914 3315 exteriori
937 3254 1022 3316 ducis
1045 3261 1077 3316 et
1098 3258 1182 3318 atriis
1205 3258 1304 3319 eccle·

128 3362 241 3423 siarum
265 3358 517 3429 mendicantium,
540 3359 571 3418 iu
594 3357 793 3435 hospitalibus
816 3357 1039 3430 infirmantium,
1061 3362 1093 3421 in
1117 3363 1304 3421 consistoriis

129 3470 160 3524 et
181 3464 340 3542 praetoriis
364 3463 565 3532 causantium,
587 3462 618 3521 in
641 3461 753 3522 scholis
776 3459 964 3521 studentium
979 3466 1011 3521 et
1026 3460 1252 3540 disputantium,
1274 3465 1304 3524 in

125 3568 259 3630 tabernis
283 3564 508 3628 comedentium
531 3572 563 3625 et
584 3564 772 3635 bibentium,
794 3564 827 3623 in
849 3562 976 3624 theatris
991 3563 1175 3639 ludentium,
1198 3568 1229 3627 in
1252 3585 1303 3628 oc·

126 3671 214 3734 cultis
237 3670 314 3731 locis
329 3687 363 3729 se
380 3668 459 3731 ludis
475 3650 756 3748 depauperantiuru,
779 3669 810 3728 in
833 3669 972 3730 omnibus
994 3668 1069 3729 locis
1085 3669 1167 3731 urhis
1191 3671 1303 3732 artibus

122 3776 188 3835 suis
211 3774 425 3845 laborantium,
457 3775 488 3835 in
510 3773 683 3854 prostibulis
706 3772 810 3833 multis
833 3774 1048 3845 scortantium,
1078 3775 1109 3835 in
1132 3774 1303 3837 carceribus

125 3881 267 3959 proauis
291 3877 387 3956 culpis
409 3878 614 3949 swalentium,
644 3879 674 3938 in
697 3877 835 3938 omnibus
865 3877 937 3937 rivis
960 3893 1052 3938 naves
1075 3879 1250 3939 intrantium
1273 3885 1304 3938 et

126 3984 314 4055 exeuntium
337 3983 404 4042 sine
427 3987 528 4044 autem
552 3979 746 4053 confusione,
781 3987 884 4042 contra
908 3997 1069 4070 commuue
1093 3979 1225 4043 dictum:
1252 3981 1304 4042 uhi

126 4087 285 4168 multitudo
316 4087 358 4148 ibi
388 4085 544 4156 conlusio,
579 4083 729 4152 cohabitat
757 4085 815 4145 sihi
848 4090 909 4147 tam
938 4085 1096 4147 innumera
1130 4082 1301 4146 multitudo.

126 4187 262 4255 Aestima
291 4191 376 4255 enisu
407 4207 457 4255 ruo
487 4186 600 4254 cidisse
630 4193 728 4255 mum
749 4188 925 4253 universum
955 4189 989 4251 in
1022 4187 1135 4268 duplici
1166 4185 1303 4270 speculo,

1029 4301 1091 4358 26*
