<?xml version="1.0" encoding="UTF-8"?>
<!DOCTYPE html PUBLIC "-//W3C//DTD XHTML 1.0 Transitional//EN"
    "http://www.w3.org/TR/xhtml1/DTD/xhtml1-transitional.dtd">
<html xmlns="http://www.w3.org/1999/xhtml" xml:lang="en" lang="en">
 <head>
  <title>
</title>
<meta http-equiv="Content-Type" content="text/html;charset=utf-8" />
  <meta name='ocr-system' content='tesseract 3.04.00' />
  <meta name='ocr-capabilities' content='ocr_page ocr_carea ocr_par ocr_line ocrx_word'/>
</head>
<body>
  <div class='ocr_page' id='page_1' title='image "./fratrisfelicisf00fabrgoog_0127.png"; bbox 0 0 2874 4770; ppageno 0'>
   <div class='ocr_carea' id='block_1_1' title="bbox 723 197 788 268">
    <p class='ocr_par' dir='ltr' id='par_1_1' title="bbox 723 197 788 268">
     <span class='ocr_line' id='line_1_1' title="bbox 723 197 788 268; baseline -0.015 0"><span class='ocrx_word' id='word_1_1' title='bbox 723 197 788 268; x_wconf 78' lang='lat' dir='ltr'><strong>tal</strong></span> 
     </span>
    </p>
   </div>
   <div class='ocr_carea' id='block_1_2' title="bbox 164 373 1348 4288">
    <p class='ocr_par' dir='ltr' id='par_1_2' title="bbox 167 373 1348 1390">
     <span class='ocr_line' id='line_1_2' title="bbox 168 373 1348 455; baseline -0.006 -14"><span class='ocrx_word' id='word_1_2' title='bbox 168 377 248 441; x_wconf 87' lang='lat' dir='ltr'><strong>siout</strong></span> <span class='ocrx_word' id='word_1_3' title='bbox 268 377 377 440; x_wconf 89' lang='lat' dir='ltr'><strong>barcae</strong></span> <span class='ocrx_word' id='word_1_4' title='bbox 400 375 600 449; x_wconf 79' lang='lat' dir='ltr'><strong>Venetianae,</strong></span> <span class='ocrx_word' id='word_1_5' title='bbox 624 376 680 438; x_wconf 89' lang='lat' dir='ltr'><strong>sed</strong></span> <span class='ocrx_word' id='word_1_6' title='bbox 703 375 798 438; x_wconf 90' lang='lat' dir='ltr'><strong>multo</strong></span> <span class='ocrx_word' id='word_1_7' title='bbox 819 376 987 455; x_wconf 84' lang='lat' dir='ltr'><strong>longiores,</strong></span> <span class='ocrx_word' id='word_1_8' title='bbox 1011 378 1042 435; x_wconf 92' lang='lat' dir='ltr'><strong>et</strong></span> <span class='ocrx_word' id='word_1_9' title='bbox 1063 375 1175 454; x_wconf 89' lang='lat' dir='ltr'><strong>paratis</strong></span> <span class='ocrx_word' id='word_1_10' title='bbox 1198 373 1348 436; x_wconf 79' lang='lat' dir='ltr'><strong>naviculis</strong></span> 
     </span>
     <span class='ocr_line' id='line_1_3' title="bbox 168 478 1347 562; baseline -0.006 -18"><span class='ocrx_word' id='word_1_11' title='bbox 168 479 393 559; x_wconf 67' lang='lat' dir='ltr'><strong>amndinemm,</strong></span> <span class='ocrx_word' id='word_1_12' title='bbox 413 479 531 562; x_wconf 86' lang='lat' dir='ltr'><strong>paludis</strong></span> <span class='ocrx_word' id='word_1_13' title='bbox 562 483 690 561; x_wconf 87' lang='lat' dir='ltr'><strong>ingressi</strong></span> <span class='ocrx_word' id='word_1_14' title='bbox 712 487 783 543; x_wconf 91' lang='lat' dir='ltr'><strong>sunt</strong></span> <span class='ocrx_word' id='word_1_15' title='bbox 806 487 837 542; x_wconf 87' lang='lat' dir='ltr'><strong>et</strong></span> <span class='ocrx_word' id='word_1_16' title='bbox 859 478 966 541; x_wconf 85' lang='lat' dir='ltr'><strong>multis</strong></span> <span class='ocrx_word' id='word_1_17' title='bbox 987 479 1093 541; x_wconf 88' lang='lat' dir='ltr'><strong>diebus</strong></span> <span class='ocrx_word' id='word_1_18' title='bbox 1117 495 1186 538; x_wconf 93' lang='lat' dir='ltr'><strong>cum</strong></span> <span class='ocrx_word' id='word_1_19' title='bbox 1208 478 1347 538; x_wconf 84' lang='lat' dir='ltr'><strong>maximis</strong></span> 
     </span>
     <span class='ocr_line' id='line_1_4' title="bbox 168 573 1346 664; baseline -0.006 -17"><span class='ocrx_word' id='word_1_20' title='bbox 168 582 392 647; x_wconf 79' lang='lat' dir='ltr'><strong>difficultatibus</strong></span> <span class='ocrx_word' id='word_1_21' title='bbox 415 589 580 664; x_wconf 87' lang='lat' dir='ltr'><strong>penetratis</strong></span> <span class='ocrx_word' id='word_1_22' title='bbox 604 573 799 646; x_wconf 71' lang='lat' dir='ltr'><strong>arundinibus</strong></span> <span class='ocrx_word' id='word_1_23' title='bbox 821 587 971 645; x_wconf 89' lang='lat' dir='ltr'><strong>venerunt</strong></span> <span class='ocrx_word' id='word_1_24' title='bbox 993 583 1024 642; x_wconf 93' lang='lat' dir='ltr'><strong>in</strong></span> <span class='ocrx_word' id='word_1_25' title='bbox 1047 581 1149 643; x_wconf 90' lang='lat' dir='ltr'><strong>locum</strong></span> <span class='ocrx_word' id='word_1_26' title='bbox 1171 579 1346 661; x_wconf 80' lang='lat' dir='ltr'><strong>profundis-</strong></span> 
     </span>
     <span class='ocr_line' id='line_1_5' title="bbox 169 684 1346 768; baseline -0.003 -19"><span class='ocrx_word' id='word_1_27' title='bbox 169 689 279 750; x_wconf 89' lang='lat' dir='ltr'><strong>simum</strong></span> <span class='ocrx_word' id='word_1_28' title='bbox 303 694 334 749; x_wconf 89' lang='lat' dir='ltr'><strong>et</strong></span> <span class='ocrx_word' id='word_1_29' title='bbox 356 705 513 768; x_wconf 89' lang='lat' dir='ltr'><strong>magnum,</strong></span> <span class='ocrx_word' id='word_1_30' title='bbox 536 705 597 767; x_wconf 92' lang='lat' dir='ltr'><strong>quo</strong></span> <span class='ocrx_word' id='word_1_31' title='bbox 619 690 746 749; x_wconf 89' lang='lat' dir='ltr'><strong>transito</strong></span> <span class='ocrx_word' id='word_1_32' title='bbox 769 687 807 750; x_wconf 91' lang='lat' dir='ltr'><strong>ad</strong></span> <span class='ocrx_word' id='word_1_33' title='bbox 830 687 905 749; x_wconf 92' lang='lat' dir='ltr'><strong>duas</strong></span> <span class='ocrx_word' id='word_1_34' title='bbox 927 703 1019 766; x_wconf 89' lang='lat' dir='ltr'><strong>rupes</strong></span> <span class='ocrx_word' id='word_1_35' title='bbox 1042 684 1172 764; x_wconf 79' lang='lat' dir='ltr'><strong>grandes</strong></span> <span class='ocrx_word' id='word_1_36' title='bbox 1187 691 1346 756; x_wconf 89' lang='lat' dir='ltr'><strong>venerunt,</strong></span> 
     </span>
     <span class='ocr_line' id='line_1_6' title="bbox 169 787 1346 871; baseline -0.003 -20"><span class='ocrx_word' id='word_1_37' title='bbox 169 807 207 853; x_wconf 83' lang='lat' dir='ltr'><strong>cx</strong></span> <span class='ocrx_word' id='word_1_38' title='bbox 229 791 338 870; x_wconf 89' lang='lat' dir='ltr'><strong>quibus</strong></span> <span class='ocrx_word' id='word_1_39' title='bbox 360 794 405 853; x_wconf 90' lang='lat' dir='ltr'><strong>vis</strong></span> <span class='ocrx_word' id='word_1_40' title='bbox 428 793 535 871; x_wconf 91' lang='lat' dir='ltr'><strong>ingens</strong></span> <span class='ocrx_word' id='word_1_41' title='bbox 558 790 690 853; x_wconf 88' lang='lat' dir='ltr'><strong>fluminis</strong></span> <span class='ocrx_word' id='word_1_42' title='bbox 721 792 879 853; x_wconf 76' lang='lat' dir='ltr'><strong>emanabat</strong></span> <span class='ocrx_word' id='word_1_43' title='bbox 902 794 933 850; x_wconf 85' lang='lat' dir='ltr'><strong>et</strong></span> <span class='ocrx_word' id='word_1_44' title='bbox 956 789 1056 850; x_wconf 91' lang='lat' dir='ltr'><strong>lacum</strong></span> <span class='ocrx_word' id='word_1_45' title='bbox 1078 806 1113 849; x_wconf 91' lang='lat' dir='ltr'><strong>ac</strong></span> <span class='ocrx_word' id='word_1_46' title='bbox 1135 787 1277 868; x_wconf 89' lang='lat' dir='ltr'><strong>paludem</strong></span> <span class='ocrx_word' id='word_1_47' title='bbox 1301 788 1346 849; x_wconf 85' lang='lat' dir='ltr'><strong>ia·</strong></span> 
     </span>
     <span class='ocr_line' id='line_1_7' title="bbox 169 891 1345 974; baseline -0.004 -18"><span class='ocrx_word' id='word_1_48' title='bbox 169 894 275 956; x_wconf 87' lang='lat' dir='ltr'><strong>ciebat.</strong></span> <span class='ocrx_word' id='word_1_49' title='bbox 319 893 364 955; x_wconf 82' lang='lat' dir='ltr'><strong>Ab</strong></span> <span class='ocrx_word' id='word_1_50' title='bbox 387 895 536 956; x_wconf 93' lang='lat' dir='ltr'><strong>hocloco</strong></span> <span class='ocrx_word' id='word_1_51' title='bbox 559 895 686 956; x_wconf 90' lang='lat' dir='ltr'><strong>ulterius</strong></span> <span class='ocrx_word' id='word_1_52' title='bbox 710 893 877 974; x_wconf 87' lang='lat' dir='ltr'><strong>procedere</strong></span> <span class='ocrx_word' id='word_1_53' title='bbox 901 911 962 952; x_wconf 93' lang='lat' dir='ltr'><strong>non</strong></span> <span class='ocrx_word' id='word_1_54' title='bbox 984 898 1123 972; x_wconf 90' lang='lat' dir='ltr'><strong>poterant</strong></span> <span class='ocrx_word' id='word_1_55' title='bbox 1138 897 1263 971; x_wconf 89' lang='lat' dir='ltr'><strong>propter</strong></span> <span class='ocrx_word' id='word_1_56' title='bbox 1277 891 1345 952; x_wconf 90' lang='lat' dir='ltr'><strong>alti-</strong></span> 
     </span>
     <span class='ocr_line' id='line_1_8' title="bbox 168 993 1347 1077; baseline -0.004 -17"><span class='ocrx_word' id='word_1_57' title='bbox 168 996 306 1060; x_wconf 84' lang='lat' dir='ltr'><strong>tudinem</strong></span> <span class='ocrx_word' id='word_1_58' title='bbox 338 999 502 1070; x_wconf 89' lang='lat' dir='ltr'><strong>montium,</strong></span> <span class='ocrx_word' id='word_1_59' title='bbox 536 1014 612 1077; x_wconf 87' lang='lat' dir='ltr'><strong>quos</strong></span> <span class='ocrx_word' id='word_1_60' title='bbox 643 1001 771 1060; x_wconf 83' lang='lat' dir='ltr'><strong>transire</strong></span> <span class='ocrx_word' id='word_1_61' title='bbox 801 996 987 1076; x_wconf 88' lang='lat' dir='ltr'><strong>impossibile</strong></span> <span class='ocrx_word' id='word_1_62' title='bbox 1021 995 1162 1058; x_wconf 91' lang='lat' dir='ltr'><strong>videbant</strong></span> <span class='ocrx_word' id='word_1_63' title='bbox 1190 1002 1221 1055; x_wconf 89' lang='lat' dir='ltr'><strong>et</strong></span> <span class='ocrx_word' id='word_1_64' title='bbox 1243 997 1284 1056; x_wconf 90' lang='lat' dir='ltr'><strong>ita</strong></span> <span class='ocrx_word' id='word_1_65' title='bbox 1308 993 1347 1056; x_wconf 92' lang='lat' dir='ltr'><strong>ad</strong></span> 
     </span>
     <span class='ocr_line' id='line_1_9' title="bbox 168 1098 1347 1182; baseline -0.002 -19"><span class='ocrx_word' id='word_1_66' title='bbox 168 1103 288 1182; x_wconf 90' lang='lat' dir='ltr'><strong>propria</strong></span> <span class='ocrx_word' id='word_1_67' title='bbox 315 1103 449 1173; x_wconf 86' lang='lat' dir='ltr'><strong>reversi,</strong></span> <span class='ocrx_word' id='word_1_68' title='bbox 481 1119 540 1162; x_wconf 93' lang='lat' dir='ltr'><strong>non</strong></span> <span class='ocrx_word' id='word_1_69' title='bbox 575 1101 633 1162; x_wconf 90' lang='lat' dir='ltr'><strong>alia</strong></span> <span class='ocrx_word' id='word_1_70' title='bbox 661 1104 793 1182; x_wconf 81' lang='lat' dir='ltr'><strong>experti,</strong></span> <span class='ocrx_word' id='word_1_71' title='bbox 824 1119 915 1180; x_wconf 92' lang='lat' dir='ltr'><strong>quam</strong></span> <span class='ocrx_word' id='word_1_72' title='bbox 942 1103 1002 1164; x_wconf 92' lang='lat' dir='ltr'><strong>illa.</strong></span> <span class='ocrx_word' id='word_1_73' title='bbox 1052 1102 1170 1164; x_wconf 80' lang='lat' dir='ltr'><strong>Dicitur</strong></span> <span class='ocrx_word' id='word_1_74' title='bbox 1192 1103 1283 1163; x_wconf 88' lang='lat' dir='ltr'><strong>etiarn</strong></span> <span class='ocrx_word' id='word_1_75' title='bbox 1308 1098 1347 1161; x_wconf 94' lang='lat' dir='ltr'><strong>de</strong></span> 
     </span>
     <span class='ocr_line' id='line_1_10' title="bbox 167 1202 1345 1284; baseline -0.001 -18"><span class='ocrx_word' id='word_1_76' title='bbox 167 1205 227 1266; x_wconf 87' lang='lat' dir='ltr'><strong>vita</strong></span> <span class='ocrx_word' id='word_1_77' title='bbox 249 1202 516 1284; x_wconf 84' lang='lat' dir='ltr'><strong>Philosophorum,</strong></span> <span class='ocrx_word' id='word_1_78' title='bbox 541 1203 622 1282; x_wconf 91' lang='lat' dir='ltr'><strong>quod</strong></span> <span class='ocrx_word' id='word_1_79' title='bbox 644 1204 730 1267; x_wconf 89' lang='lat' dir='ltr'><strong>Plato</strong></span> <span class='ocrx_word' id='word_1_80' title='bbox 755 1208 864 1284; x_wconf 90' lang='lat' dir='ltr'><strong>spretis</strong></span> <span class='ocrx_word' id='word_1_81' title='bbox 888 1208 1027 1268; x_wconf 90' lang='lat' dir='ltr'><strong>omnihus</strong></span> <span class='ocrx_word' id='word_1_82' title='bbox 1050 1208 1154 1268; x_wconf 84' lang='lat' dir='ltr'><strong>amieis</strong></span> <span class='ocrx_word' id='word_1_83' title='bbox 1177 1211 1209 1266; x_wconf 89' lang='lat' dir='ltr'><strong>et</strong></span> <span class='ocrx_word' id='word_1_84' title='bbox 1224 1204 1345 1275; x_wconf 89' lang='lat' dir='ltr'><strong>divitiis,</strong></span> 
     </span>
     <span class='ocr_line' id='line_1_11' title="bbox 168 1305 1117 1390; baseline 0.001 -22"><span class='ocrx_word' id='word_1_85' title='bbox 168 1307 276 1386; x_wconf 87' lang='lat' dir='ltr'><strong>quihus</strong></span> <span class='ocrx_word' id='word_1_86' title='bbox 300 1305 483 1377; x_wconf 83' lang='lat' dir='ltr'><strong>abundabat,</strong></span> <span class='ocrx_word' id='word_1_87' title='bbox 505 1306 565 1371; x_wconf 85' lang='lat' dir='ltr'><strong>Nili</strong></span> <span class='ocrx_word' id='word_1_88' title='bbox 587 1308 812 1388; x_wconf 81' lang='lat' dir='ltr'><strong>inexplicabiles</strong></span> <span class='ocrx_word' id='word_1_89' title='bbox 834 1310 915 1390; x_wconf 87' lang='lat' dir='ltr'><strong>ripas</strong></span> <span class='ocrx_word' id='word_1_90' title='bbox 940 1311 1117 1390; x_wconf 84' lang='lat' dir='ltr'><strong>peragravit.</strong></span> 
     </span>
    </p>

    <p class='ocr_par' dir='ltr' id='par_1_3' title="bbox 164 1407 1348 4288">
     <span class='ocr_line' id='line_1_12' title="bbox 255 1407 1345 1491; baseline 0.001 -20"><span class='ocrx_word' id='word_1_91' title='bbox 255 1409 347 1490; x_wconf 86' lang='lat' dir='ltr'><strong>Origo</strong></span> <span class='ocrx_word' id='word_1_92' title='bbox 371 1427 443 1488; x_wconf 92' lang='lat' dir='ltr'><strong>ergo</strong></span> <span class='ocrx_word' id='word_1_93' title='bbox 467 1407 533 1486; x_wconf 87' lang='lat' dir='ltr'><strong>ejus</strong></span> <span class='ocrx_word' id='word_1_94' title='bbox 557 1417 604 1472; x_wconf 90' lang='lat' dir='ltr'><strong>est</strong></span> <span class='ocrx_word' id='word_1_95' title='bbox 626 1414 655 1472; x_wconf 94' lang='lat' dir='ltr'><strong>in</strong></span> <span class='ocrx_word' id='word_1_96' title='bbox 690 1410 845 1490; x_wconf 87' lang='lat' dir='ltr'><strong>paradiso,</strong></span> <span class='ocrx_word' id='word_1_97' title='bbox 879 1412 1080 1475; x_wconf 85' lang='lat' dir='ltr'><strong>inaccessibili</strong></span> <span class='ocrx_word' id='word_1_98' title='bbox 1112 1411 1234 1491; x_wconf 90' lang='lat' dir='ltr'><strong>quidem</strong></span> <span class='ocrx_word' id='word_1_99' title='bbox 1265 1412 1345 1482; x_wconf 89' lang='lat' dir='ltr'><strong>loco,</strong></span> 
     </span>
     <span class='ocr_line' id='line_1_13' title="bbox 167 1502 1346 1593; baseline -0.003 -16"><span class='ocrx_word' id='word_1_100' title='bbox 167 1513 308 1578; x_wconf 85' lang='lat' dir='ltr'><strong>sednon</strong></span> <span class='ocrx_word' id='word_1_101' title='bbox 330 1513 530 1585; x_wconf 88' lang='lat' dir='ltr'><strong>inhabitabili,</strong></span> <span class='ocrx_word' id='word_1_102' title='bbox 555 1502 640 1593; x_wconf 67' lang='lat' dir='ltr'><strong>guia,</strong></span> <span class='ocrx_word' id='word_1_103' title='bbox 664 1514 734 1574; x_wconf 89' lang='lat' dir='ltr'><strong>licet</strong></span> <span class='ocrx_word' id='word_1_104' title='bbox 758 1515 843 1576; x_wconf 85' lang='lat' dir='ltr'><strong>locus</strong></span> <span class='ocrx_word' id='word_1_105' title='bbox 866 1517 896 1577; x_wconf 93' lang='lat' dir='ltr'><strong>in</strong></span> <span class='ocrx_word' id='word_1_106' title='bbox 920 1514 1045 1576; x_wconf 84' lang='lat' dir='ltr'><strong>Oriente</strong></span> <span class='ocrx_word' id='word_1_107' title='bbox 1069 1518 1124 1588; x_wconf 90' lang='lat' dir='ltr'><strong>sit,</strong></span> <span class='ocrx_word' id='word_1_108' title='bbox 1157 1520 1346 1576; x_wconf 90' lang='lat' dir='ltr'><strong>nontamen</strong></span> 
     </span>
     <span class='ocr_line' id='line_1_14' title="bbox 168 1613 1348 1696; baseline -0.001 -16"><span class='ocrx_word' id='word_1_109' title='bbox 168 1624 215 1680; x_wconf 88' lang='lat' dir='ltr'><strong>est</strong></span> <span class='ocrx_word' id='word_1_110' title='bbox 236 1618 316 1680; x_wconf 89' lang='lat' dir='ltr'><strong>inter</strong></span> <span class='ocrx_word' id='word_1_111' title='bbox 339 1616 415 1678; x_wconf 88' lang='lat' dir='ltr'><strong>duos</strong></span> <span class='ocrx_word' id='word_1_112' title='bbox 438 1613 598 1696; x_wconf 84' lang='lat' dir='ltr'><strong>tropicos,</strong></span> <span class='ocrx_word' id='word_1_113' title='bbox 633 1618 702 1696; x_wconf 87' lang='lat' dir='ltr'><strong>quia</strong></span> <span class='ocrx_word' id='word_1_114' title='bbox 732 1617 799 1679; x_wconf 89' lang='lat' dir='ltr'><strong>talis</strong></span> <span class='ocrx_word' id='word_1_115' title='bbox 831 1619 916 1680; x_wconf 89' lang='lat' dir='ltr'><strong>locus</strong></span> <span class='ocrx_word' id='word_1_116' title='bbox 947 1619 1117 1682; x_wconf 88' lang='lat' dir='ltr'><strong>secundum</strong></span> <span class='ocrx_word' id='word_1_117' title='bbox 1147 1618 1348 1680; x_wconf 85' lang='lat' dir='ltr'><strong>Aristotelem</strong></span> 
     </span>
     <span class='ocr_line' id='line_1_15' title="bbox 167 1719 1346 1802; baseline -0.004 -14"><span class='ocrx_word' id='word_1_118' title='bbox 167 1719 199 1788; x_wconf 85' lang='grc'><strong>2.</strong></span> <span class='ocrx_word' id='word_1_119' title='bbox 221 1719 392 1802; x_wconf 80' lang='lat' dir='ltr'><strong>Metaphys.</strong></span> <span class='ocrx_word' id='word_1_120' title='bbox 417 1727 465 1782; x_wconf 89' lang='lat' dir='ltr'><strong>est</strong></span> <span class='ocrx_word' id='word_1_121' title='bbox 486 1720 686 1786; x_wconf 88' lang='lat' dir='ltr'><strong>inhabitabilis</strong></span> <span class='ocrx_word' id='word_1_122' title='bbox 708 1725 977 1801; x_wconf 82' lang='lat' dir='ltr'><strong>propternimiam</strong></span> <span class='ocrx_word' id='word_1_123' title='bbox 993 1724 1194 1794; x_wconf 86' lang='lat' dir='ltr'><strong>caliditatem,</strong></span> <span class='ocrx_word' id='word_1_124' title='bbox 1218 1740 1289 1784; x_wconf 91' lang='lat' dir='ltr'><strong>curn</strong></span> <span class='ocrx_word' id='word_1_125' title='bbox 1304 1722 1346 1783; x_wconf 91' lang='lat' dir='ltr'><strong>ihi</strong></span> 
     </span>
     <span class='ocr_line' id='line_1_16' title="bbox 167 1822 1345 1905; baseline 0.003 -20"><span class='ocrx_word' id='word_1_126' title='bbox 167 1824 214 1885; x_wconf 90' lang='lat' dir='ltr'><strong>sol</strong></span> <span class='ocrx_word' id='word_1_127' title='bbox 235 1826 266 1885; x_wconf 91' lang='lat' dir='ltr'><strong>in</strong></span> <span class='ocrx_word' id='word_1_128' title='bbox 289 1841 367 1884; x_wconf 88' lang='lat' dir='ltr'><strong>anno</strong></span> <span class='ocrx_word' id='word_1_129' title='bbox 389 1822 435 1883; x_wconf 93' lang='lat' dir='ltr'><strong>bis</strong></span> <span class='ocrx_word' id='word_1_130' title='bbox 458 1826 607 1897; x_wconf 89' lang='lat' dir='ltr'><strong>transeat;</strong></span> <span class='ocrx_word' id='word_1_131' title='bbox 640 1826 694 1897; x_wconf 84' lang='lat' dir='ltr'><strong>sed</strong></span> <span class='ocrx_word' id='word_1_132' title='bbox 713 1825 860 1891; x_wconf 75' lang='lat' dir='ltr'><strong>‚creditur</strong></span> <span class='ocrx_word' id='word_1_133' title='bbox 882 1845 952 1889; x_wconf 87' lang='lat' dir='ltr'><strong>esse</strong></span> <span class='ocrx_word' id='word_1_134' title='bbox 976 1833 1058 1889; x_wconf 82' lang='lat' dir='ltr'><strong>extra</strong></span> <span class='ocrx_word' id='word_1_135' title='bbox 1080 1828 1213 1905; x_wconf 91' lang='lat' dir='ltr'><strong>tropicos</strong></span> <span class='ocrx_word' id='word_1_136' title='bbox 1236 1842 1345 1888; x_wconf 91' lang='lat' dir='ltr'><strong>versus</strong></span> 
     </span>
     <span class='ocr_line' id='line_1_17' title="bbox 168 1927 1345 2003; baseline 0 -12"><span class='ocrx_word' id='word_1_137' title='bbox 168 1928 327 1991; x_wconf 75' lang='lat' dir='ltr'><strong>Orientem</strong></span> <span class='ocrx_word' id='word_1_138' title='bbox 350 1927 525 1990; x_wconf 85' lang='lat' dir='ltr'><strong>aestivalem</strong></span> <span class='ocrx_word' id='word_1_139' title='bbox 547 1930 596 1992; x_wconf 88' lang='lat' dir='ltr'><strong>vel</strong></span> <span class='ocrx_word' id='word_1_140' title='bbox 618 1931 795 2003; x_wconf 88' lang='lat' dir='ltr'><strong>hiemalem,</strong></span> <span class='ocrx_word' id='word_1_141' title='bbox 829 1933 877 1993; x_wconf 91' lang='lat' dir='ltr'><strong>vel</strong></span> <span class='ocrx_word' id='word_1_142' title='bbox 909 1931 987 1993; x_wconf 84' lang='lat' dir='ltr'><strong>torte</strong></span> <span class='ocrx_word' id='word_1_143' title='bbox 1012 1937 1058 1992; x_wconf 93' lang='lat' dir='ltr'><strong>est</strong></span> <span class='ocrx_word' id='word_1_144' title='bbox 1081 1933 1159 1991; x_wconf 91' lang='lat' dir='ltr'><strong>inter</strong></span> <span class='ocrx_word' id='word_1_145' title='bbox 1182 1929 1258 1991; x_wconf 91' lang='lat' dir='ltr'><strong>duos</strong></span> <span class='ocrx_word' id='word_1_146' title='bbox 1281 1937 1345 1991; x_wconf 88' lang='lat' dir='ltr'><strong>tro·</strong></span> 
     </span>
     <span class='ocr_line' id='line_1_18' title="bbox 167 2016 1344 2115; baseline -0.001 -20"><span class='ocrx_word' id='word_1_147' title='bbox 167 2035 252 2112; x_wconf 91' lang='lat' dir='ltr'><strong>picos</strong></span> <span class='ocrx_word' id='word_1_148' title='bbox 275 2034 330 2094; x_wconf 90' lang='lat' dir='ltr'><strong>suh</strong></span> <span class='ocrx_word' id='word_1_149' title='bbox 353 2016 563 2111; x_wconf 86' lang='lat' dir='ltr'><strong>aequinoctiali</strong></span> <span class='ocrx_word' id='word_1_150' title='bbox 587 2033 714 2106; x_wconf 88' lang='lat' dir='ltr'><strong>circulo,</strong></span> <span class='ocrx_word' id='word_1_151' title='bbox 748 2035 800 2096; x_wconf 93' lang='lat' dir='ltr'><strong>ubi</strong></span> <span class='ocrx_word' id='word_1_152' title='bbox 831 2034 935 2104; x_wconf 87' lang='lat' dir='ltr'><strong>dicunt</strong></span> <span class='ocrx_word' id='word_1_153' title='bbox 968 2035 1005 2098; x_wconf 91' lang='lat' dir='ltr'><strong>de</strong></span> <span class='ocrx_word' id='word_1_154' title='bbox 1036 2035 1164 2115; x_wconf 88' lang='lat' dir='ltr'><strong>sphaera</strong></span> <span class='ocrx_word' id='word_1_155' title='bbox 1195 2034 1344 2095; x_wconf 88' lang='lat' dir='ltr'><strong>materiali</strong></span> 
     </span>
     <span class='ocr_line' id='line_1_19' title="bbox 166 2135 1344 2218; baseline -0.002 -19"><span class='ocrx_word' id='word_1_156' title='bbox 166 2135 376 2218; x_wconf 88' lang='lat' dir='ltr'><strong>praedicantes</strong></span> <span class='ocrx_word' id='word_1_157' title='bbox 407 2152 477 2197; x_wconf 88' lang='lat' dir='ltr'><strong>esse</strong></span> <span class='ocrx_word' id='word_1_158' title='bbox 509 2138 665 2216; x_wconf 86' lang='lat' dir='ltr'><strong>regionem</strong></span> <span class='ocrx_word' id='word_1_159' title='bbox 695 2141 992 2218; x_wconf 86' lang='lat' dir='ltr'><strong>temperatissimam.</strong></span> <span class='ocrx_word' id='word_1_160' title='bbox 1037 2138 1082 2200; x_wconf 79' lang='lat' dir='ltr'><strong>Ab</strong></span> <span class='ocrx_word' id='word_1_161' title='bbox 1116 2139 1172 2199; x_wconf 90' lang='lat' dir='ltr'><strong>hac</strong></span> <span class='ocrx_word' id='word_1_162' title='bbox 1206 2136 1344 2198; x_wconf 91' lang='lat' dir='ltr'><strong>delluens</strong></span> 
     </span>
     <span class='ocr_line' id='line_1_20' title="bbox 167 2239 1348 2322; baseline -0.001 -19"><span class='ocrx_word' id='word_1_163' title='bbox 167 2239 252 2303; x_wconf 91' lang='lat' dir='ltr'><strong>Nilus</strong></span> <span class='ocrx_word' id='word_1_164' title='bbox 274 2239 466 2320; x_wconf 89' lang='lat' dir='ltr'><strong>progreditur</strong></span> <span class='ocrx_word' id='word_1_165' title='bbox 486 2256 542 2319; x_wconf 89' lang='lat' dir='ltr'><strong>per</strong></span> <span class='ocrx_word' id='word_1_166' title='bbox 573 2241 702 2321; x_wconf 52' lang='lat' dir='ltr'><strong>ignotas„</strong></span> <span class='ocrx_word' id='word_1_167' title='bbox 727 2249 759 2303; x_wconf 93' lang='lat' dir='ltr'><strong>et</strong></span> <span class='ocrx_word' id='word_1_168' title='bbox 787 2245 956 2322; x_wconf 91' lang='lat' dir='ltr'><strong>incognitas</strong></span> <span class='ocrx_word' id='word_1_169' title='bbox 990 2244 1075 2305; x_wconf 91' lang='lat' dir='ltr'><strong>nohis</strong></span> <span class='ocrx_word' id='word_1_170' title='bbox 1105 2250 1202 2305; x_wconf 91' lang='lat' dir='ltr'><strong>terras</strong></span> <span class='ocrx_word' id='word_1_171' title='bbox 1230 2249 1261 2303; x_wconf 91' lang='lat' dir='ltr'><strong>et</strong></span> <span class='ocrx_word' id='word_1_172' title='bbox 1289 2260 1348 2321; x_wconf 89' lang='lat' dir='ltr'><strong>per</strong></span> 
     </span>
     <span class='ocr_line' id='line_1_21' title="bbox 168 2346 1343 2428; baseline 0 -20"><span class='ocrx_word' id='word_1_173' title='bbox 168 2346 394 2418; x_wconf 86' lang='lat' dir='ltr'><strong>inhabitabiles,</strong></span> <span class='ocrx_word' id='word_1_174' title='bbox 418 2347 479 2405; x_wconf 89' lang='lat' dir='ltr'><strong>imo</strong></span> <span class='ocrx_word' id='word_1_175' title='bbox 502 2347 764 2409; x_wconf 88' lang='lat' dir='ltr'><strong>intransmeabiles</strong></span> <span class='ocrx_word' id='word_1_176' title='bbox 786 2351 944 2428; x_wconf 90' lang='lat' dir='ltr'><strong>regiones,</strong></span> <span class='ocrx_word' id='word_1_177' title='bbox 967 2355 1001 2409; x_wconf 92' lang='lat' dir='ltr'><strong>ut</strong></span> <span class='ocrx_word' id='word_1_178' title='bbox 1016 2348 1127 2427; x_wconf 90' lang='lat' dir='ltr'><strong>hospes</strong></span> <span class='ocrx_word' id='word_1_179' title='bbox 1144 2366 1160 2408; x_wconf 92' lang='lat' dir='ltr'><strong>a</strong></span> <span class='ocrx_word' id='word_1_180' title='bbox 1175 2348 1343 2411; x_wconf 89' lang='lat' dir='ltr'><strong>remotissi-</strong></span> 
     </span>
     <span class='ocr_line' id='line_1_22' title="bbox 167 2449 1341 2531; baseline -0.001 -19"><span class='ocrx_word' id='word_1_181' title='bbox 167 2450 225 2512; x_wconf 87' lang='lat' dir='ltr'><strong>mis</strong></span> <span class='ocrx_word' id='word_1_182' title='bbox 247 2449 322 2512; x_wconf 83' lang='lat' dir='ltr'><strong>lo&#39;cis</strong></span> <span class='ocrx_word' id='word_1_183' title='bbox 337 2451 471 2521; x_wconf 88' lang='lat' dir='ltr'><strong>veniens,</strong></span> <span class='ocrx_word' id='word_1_184' title='bbox 495 2449 595 2512; x_wconf 93' lang='lat' dir='ltr'><strong>lacum</strong></span> <span class='ocrx_word' id='word_1_185' title='bbox 616 2453 772 2531; x_wconf 89' lang='lat' dir='ltr'><strong>ingentem</strong></span> <span class='ocrx_word' id='word_1_186' title='bbox 794 2452 866 2514; x_wconf 84' lang='lat' dir='ltr'><strong>iacit</strong></span> <span class='ocrx_word' id='word_1_187' title='bbox 889 2458 919 2512; x_wconf 90' lang='lat' dir='ltr'><strong>ct</strong></span> <span class='ocrx_word' id='word_1_188' title='bbox 941 2450 1065 2512; x_wconf 90' lang='lat' dir='ltr'><strong>demum</strong></span> <span class='ocrx_word' id='word_1_189' title='bbox 1087 2468 1124 2511; x_wconf 81' lang='lat' dir='ltr'><strong>ex</strong></span> <span class='ocrx_word' id='word_1_190' title='bbox 1146 2449 1213 2512; x_wconf 91' lang='lat' dir='ltr'><strong>lacu</strong></span> <span class='ocrx_word' id='word_1_191' title='bbox 1235 2450 1341 2531; x_wconf 90' lang='lat' dir='ltr'><strong>rapido</strong></span> 
     </span>
     <span class='ocr_line' id='line_1_23' title="bbox 168 2554 1344 2636; baseline -0.004 -17"><span class='ocrx_word' id='word_1_192' title='bbox 168 2575 236 2619; x_wconf 88' lang='lat' dir='ltr'><strong>sese</strong></span> <span class='ocrx_word' id='word_1_193' title='bbox 259 2557 569 2636; x_wconf 88' lang='lat' dir='ltr'><strong>procipiensimpetu</strong></span> <span class='ocrx_word' id='word_1_194' title='bbox 599 2556 711 2618; x_wconf 91' lang='lat' dir='ltr'><strong>insulas</strong></span> <span class='ocrx_word' id='word_1_195' title='bbox 735 2555 864 2634; x_wconf 90' lang='lat' dir='ltr'><strong>grandes</strong></span> <span class='ocrx_word' id='word_1_196' title='bbox 887 2554 968 2616; x_wconf 87' lang='lat' dir='ltr'><strong>iacit</strong></span> <span class='ocrx_word' id='word_1_197' title='bbox 982 2562 1014 2616; x_wconf 89' lang='lat' dir='ltr'><strong>et</strong></span> <span class='ocrx_word' id='word_1_198' title='bbox 1036 2557 1193 2634; x_wconf 88' lang='lat' dir='ltr'><strong>regionem</strong></span> <span class='ocrx_word' id='word_1_199' title='bbox 1216 2556 1344 2616; x_wconf 88' lang='lat' dir='ltr'><strong>cinami-</strong></span> 
     </span>
     <span class='ocr_line' id='line_1_24' title="bbox 167 2659 1346 2738; baseline -0.003 -16"><span class='ocrx_word' id='word_1_200' title='bbox 167 2659 264 2722; x_wconf 84' lang='lat' dir='ltr'><strong>leram</strong></span> <span class='ocrx_word' id='word_1_201' title='bbox 287 2661 493 2738; x_wconf 90' lang='lat' dir='ltr'><strong>pertransiens</strong></span> <span class='ocrx_word' id='word_1_202' title='bbox 516 2661 605 2721; x_wconf 87' lang='lat' dir='ltr'><strong>variis</strong></span> <span class='ocrx_word' id='word_1_203' title='bbox 629 2661 770 2720; x_wconf 91' lang='lat' dir='ltr'><strong>incitatus</strong></span> <span class='ocrx_word' id='word_1_204' title='bbox 792 2660 988 2721; x_wconf 89' lang='lat' dir='ltr'><strong>irritamentis</strong></span> <span class='ocrx_word' id='word_1_205' title='bbox 1011 2660 1159 2720; x_wconf 88' lang='lat' dir='ltr'><strong>montium</strong></span> <span class='ocrx_word' id='word_1_206' title='bbox 1176 2664 1346 2720; x_wconf 88' lang='lat' dir='ltr'><strong>coarctatur</strong></span> 
     </span>
     <span class='ocr_line' id='line_1_25' title="bbox 168 2761 1344 2843; baseline -0.002 -18"><span class='ocrx_word' id='word_1_207' title='bbox 168 2763 305 2843; x_wconf 88' lang='lat' dir='ltr'><strong>rupibus,</strong></span> <span class='ocrx_word' id='word_1_208' title='bbox 330 2778 366 2822; x_wconf 84' lang='lat' dir='ltr'><strong>ex</strong></span> <span class='ocrx_word' id='word_1_209' title='bbox 389 2778 449 2839; x_wconf 89' lang='lat' dir='ltr'><strong>quo</strong></span> <span class='ocrx_word' id='word_1_210' title='bbox 472 2763 634 2822; x_wconf 88' lang='lat' dir='ltr'><strong>torrentior</strong></span> <span class='ocrx_word' id='word_1_211' title='bbox 656 2761 752 2823; x_wconf 85' lang='lat' dir='ltr'><strong>iactus</strong></span> <span class='ocrx_word' id='word_1_212' title='bbox 776 2761 814 2823; x_wconf 90' lang='lat' dir='ltr'><strong>ad</strong></span> <span class='ocrx_word' id='word_1_213' title='bbox 837 2781 908 2824; x_wconf 91' lang='lat' dir='ltr'><strong>eum</strong></span> <span class='ocrx_word' id='word_1_214' title='bbox 929 2763 1145 2843; x_wconf 83' lang='lat' dir='ltr'><strong>Aethiopicum</strong></span> <span class='ocrx_word' id='word_1_215' title='bbox 1166 2764 1267 2824; x_wconf 91' lang='lat' dir='ltr'><strong>locum</strong></span> <span class='ocrx_word' id='word_1_216' title='bbox 1290 2762 1344 2823; x_wconf 90' lang='lat' dir='ltr'><strong>de·</strong></span> 
     </span>
     <span class='ocr_line' id='line_1_26' title="bbox 167 2844 1344 2946; baseline -0.002 -19"><span class='ocrx_word' id='word_1_217' title='bbox 167 2844 302 2936; x_wconf 75' lang='lat' dir='ltr'><strong>veniens,</strong></span> <span class='ocrx_word' id='word_1_218' title='bbox 325 2866 376 2943; x_wconf 88' lang='lat' dir='ltr'><strong>qui</strong></span> <span class='ocrx_word' id='word_1_219' title='bbox 394 2862 580 2943; x_wconf 81' lang='lat' dir='ltr'><strong>Cattaduppa</strong></span> <span class='ocrx_word' id='word_1_220' title='bbox 595 2871 726 2936; x_wconf 88' lang='lat' dir='ltr'><strong>vocatur,</strong></span> <span class='ocrx_word' id='word_1_221' title='bbox 749 2871 810 2925; x_wconf 92' lang='lat' dir='ltr'><strong>tam</strong></span> <span class='ocrx_word' id='word_1_222' title='bbox 824 2866 973 2927; x_wconf 89' lang='lat' dir='ltr'><strong>violenter</strong></span> <span class='ocrx_word' id='word_1_223' title='bbox 988 2869 1067 2928; x_wconf 91' lang='lat' dir='ltr'><strong>inter</strong></span> <span class='ocrx_word' id='word_1_224' title='bbox 1081 2868 1185 2928; x_wconf 91' lang='lat' dir='ltr'><strong>obvios</strong></span> <span class='ocrx_word' id='word_1_225' title='bbox 1201 2864 1344 2946; x_wconf 88' lang='lat' dir='ltr'><strong>scopulos</strong></span> 
     </span>
     <span class='ocr_line' id='line_1_27' title="bbox 168 2966 1343 3049; baseline 0.001 -21"><span class='ocrx_word' id='word_1_226' title='bbox 168 2984 224 3029; x_wconf 91' lang='lat' dir='ltr'><strong>suo</strong></span> <span class='ocrx_word' id='word_1_227' title='bbox 246 2966 411 3045; x_wconf 90' lang='lat' dir='ltr'><strong>impellitur</strong></span> <span class='ocrx_word' id='word_1_228' title='bbox 433 2967 562 3044; x_wconf 87' lang='lat' dir='ltr'><strong>impetu,</strong></span> <span class='ocrx_word' id='word_1_229' title='bbox 596 2972 629 3028; x_wconf 90' lang='lat' dir='ltr'><strong>ut</strong></span> <span class='ocrx_word' id='word_1_230' title='bbox 661 2974 745 3028; x_wconf 91' lang='lat' dir='ltr'><strong>vasto</strong></span> <span class='ocrx_word' id='word_1_231' title='bbox 770 2986 915 3046; x_wconf 88' lang='lat' dir='ltr'><strong>aquarum</strong></span> <span class='ocrx_word' id='word_1_232' title='bbox 938 2989 972 3031; x_wconf 90' lang='lat' dir='ltr'><strong>se</strong></span> <span class='ocrx_word' id='word_1_233' title='bbox 994 2970 1197 3049; x_wconf 84' lang='lat' dir='ltr'><strong>frangentium</strong></span> <span class='ocrx_word' id='word_1_234' title='bbox 1222 2987 1343 3030; x_wconf 88' lang='lat' dir='ltr'><strong>rumore</strong></span> 
     </span>
     <span class='ocr_line' id='line_1_28' title="bbox 166 3067 1343 3150; baseline 0.003 -21"><span class='ocrx_word' id='word_1_235' title='bbox 166 3069 332 3131; x_wconf 90' lang='lat' dir='ltr'><strong>incolarum</strong></span> <span class='ocrx_word' id='word_1_236' title='bbox 355 3086 443 3130; x_wconf 89' lang='lat' dir='ltr'><strong>aures</strong></span> <span class='ocrx_word' id='word_1_237' title='bbox 464 3070 495 3129; x_wconf 94' lang='lat' dir='ltr'><strong>in</strong></span> <span class='ocrx_word' id='word_1_238' title='bbox 519 3067 695 3131; x_wconf 90' lang='lat' dir='ltr'><strong>surditatem</strong></span> <span class='ocrx_word' id='word_1_239' title='bbox 718 3089 814 3150; x_wconf 87' lang='lat' dir='ltr'><strong>usque</strong></span> <span class='ocrx_word' id='word_1_240' title='bbox 848 3072 964 3146; x_wconf 89' lang='lat' dir='ltr'><strong>laedat,</strong></span> <span class='ocrx_word' id='word_1_241' title='bbox 1001 3073 1099 3135; x_wconf 92' lang='lat' dir='ltr'><strong>adhuc</strong></span> <span class='ocrx_word' id='word_1_242' title='bbox 1131 3081 1231 3134; x_wconf 89' lang='lat' dir='ltr'><strong>auteur</strong></span> <span class='ocrx_word' id='word_1_243' title='bbox 1260 3078 1343 3133; x_wconf 81' lang='lat' dir='ltr'><strong>atrox</strong></span> 
     </span>
     <span class='ocr_line' id='line_1_29' title="bbox 168 3158 1342 3257; baseline 0.001 -22"><span class='ocrx_word' id='word_1_244' title='bbox 168 3158 372 3254; x_wconf 88' lang='lat' dir='ltr'><strong>spumansque</strong></span> <span class='ocrx_word' id='word_1_245' title='bbox 403 3173 502 3251; x_wconf 92' lang='lat' dir='ltr'><strong>amplo</strong></span> <span class='ocrx_word' id='word_1_246' title='bbox 533 3175 649 3252; x_wconf 90' lang='lat' dir='ltr'><strong>gurgite</strong></span> <span class='ocrx_word' id='word_1_247' title='bbox 682 3191 779 3252; x_wconf 86' lang='lat' dir='ltr'><strong>usque</strong></span> <span class='ocrx_word' id='word_1_248' title='bbox 803 3175 841 3236; x_wconf 92' lang='lat' dir='ltr'><strong>ad</strong></span> <span class='ocrx_word' id='word_1_249' title='bbox 863 3176 1084 3256; x_wconf 85' lang='lat' dir='ltr'><strong>Elephantilem</strong></span> <span class='ocrx_word' id='word_1_250' title='bbox 1108 3180 1266 3257; x_wconf 89' lang='lat' dir='ltr'><strong>regionem</strong></span> <span class='ocrx_word' id='word_1_251' title='bbox 1290 3175 1342 3236; x_wconf 92' lang='lat' dir='ltr'><strong>de-</strong></span> 
     </span>
     <span class='ocr_line' id='line_1_30' title="bbox 166 3277 1343 3360; baseline -0.001 -19"><span class='ocrx_word' id='word_1_252' title='bbox 166 3278 309 3350; x_wconf 91' lang='lat' dir='ltr'><strong>volvitur,</strong></span> <span class='ocrx_word' id='word_1_253' title='bbox 341 3278 411 3339; x_wconf 86' lang='lat' dir='ltr'><strong>hinc</strong></span> <span class='ocrx_word' id='word_1_254' title='bbox 443 3278 580 3357; x_wconf 86' lang='lat' dir='ltr'><strong>deposita</strong></span> <span class='ocrx_word' id='word_1_255' title='bbox 614 3278 757 3340; x_wconf 91' lang='lat' dir='ltr'><strong>violentia</strong></span> <span class='ocrx_word' id='word_1_256' title='bbox 790 3277 882 3351; x_wconf 91' lang='lat' dir='ltr'><strong>lenis,</strong></span> <span class='ocrx_word' id='word_1_257' title='bbox 924 3281 1061 3360; x_wconf 89' lang='lat' dir='ltr'><strong>placidus</strong></span> <span class='ocrx_word' id='word_1_258' title='bbox 1097 3299 1136 3342; x_wconf 90' lang='lat' dir='ltr'><strong>ac</strong></span> <span class='ocrx_word' id='word_1_259' title='bbox 1169 3280 1343 3359; x_wconf 91' lang='lat' dir='ltr'><strong>navigabilis</strong></span> 
     </span>
     <span class='ocr_line' id='line_1_31' title="bbox 168 3381 1343 3464; baseline 0 -20"><span class='ocrx_word' id='word_1_260' title='bbox 168 3382 296 3444; x_wconf 82' lang='lat' dir='ltr'><strong>efficitur</strong></span> <span class='ocrx_word' id='word_1_261' title='bbox 319 3387 351 3442; x_wconf 93' lang='lat' dir='ltr'><strong>et</strong></span> <span class='ocrx_word' id='word_1_262' title='bbox 372 3383 470 3460; x_wconf 92' lang='lat' dir='ltr'><strong>primo</strong></span> <span class='ocrx_word' id='word_1_263' title='bbox 495 3384 574 3443; x_wconf 89' lang='lat' dir='ltr'><strong>eirca</strong></span> <span class='ocrx_word' id='word_1_264' title='bbox 598 3381 800 3442; x_wconf 88' lang='lat' dir='ltr'><strong>Cercasorum</strong></span> <span class='ocrx_word' id='word_1_265' title='bbox 824 3383 968 3464; x_wconf 91' lang='lat' dir='ltr'><strong>oppidum</strong></span> <span class='ocrx_word' id='word_1_266' title='bbox 991 3385 1106 3463; x_wconf 68' lang='lat' dir='ltr'><strong>incipit.</strong></span> <span class='ocrx_word' id='word_1_267' title='bbox 1129 3400 1197 3443; x_wconf 91' lang='lat' dir='ltr'><strong>esse</strong></span> <span class='ocrx_word' id='word_1_268' title='bbox 1228 3385 1343 3463; x_wconf 80' lang='lat' dir='ltr'><strong>triplex,</strong></span> 
     </span>
     <span class='ocr_line' id='line_1_32' title="bbox 166 3485 1343 3566; baseline -0.001 -19"><span class='ocrx_word' id='word_1_269' title='bbox 166 3485 252 3564; x_wconf 88' lang='lat' dir='ltr'><strong>cujus</strong></span> <span class='ocrx_word' id='word_1_270' title='bbox 275 3503 344 3566; x_wconf 90' lang='lat' dir='ltr'><strong>pars</strong></span> <span class='ocrx_word' id='word_1_271' title='bbox 366 3503 425 3547; x_wconf 91' lang='lat' dir='ltr'><strong>una</strong></span> <span class='ocrx_word' id='word_1_272' title='bbox 449 3485 486 3547; x_wconf 89' lang='lat' dir='ltr'><strong>ad</strong></span> <span class='ocrx_word' id='word_1_273' title='bbox 510 3486 597 3547; x_wconf 89' lang='lat' dir='ltr'><strong>Delta</strong></span> <span class='ocrx_word' id='word_1_274' title='bbox 621 3489 650 3546; x_wconf 92' lang='lat' dir='ltr'><strong>in</strong></span> <span class='ocrx_word' id='word_1_275' title='bbox 681 3485 832 3566; x_wconf 76' lang='lat' dir='ltr'><strong>Chayrum</strong></span> <span class='ocrx_word' id='word_1_276' title='bbox 856 3496 887 3549; x_wconf 90' lang='lat' dir='ltr'><strong>et</strong></span> <span class='ocrx_word' id='word_1_277' title='bbox 909 3485 1034 3560; x_wconf 84' lang='lat' dir='ltr'><strong>Maiiam</strong></span> <span class='ocrx_word' id='word_1_278' title='bbox 1056 3485 1210 3548; x_wconf 89' lang='lat' dir='ltr'><strong>declinans</strong></span> <span class='ocrx_word' id='word_1_279' title='bbox 1234 3490 1343 3548; x_wconf 90' lang='lat' dir='ltr'><strong>iterum</strong></span> 
     </span>
     <span class='ocr_line' id='line_1_33' title="bbox 166 3589 1343 3670; baseline 0.002 -20"><span class='ocrx_word' id='word_1_280' title='bbox 166 3595 337 3669; x_wconf 89' lang='lat' dir='ltr'><strong>separatur,</strong></span> <span class='ocrx_word' id='word_1_281' title='bbox 371 3591 468 3651; x_wconf 85' lang='lat' dir='ltr'><strong>etsie</strong></span> <span class='ocrx_word' id='word_1_282' title='bbox 492 3589 604 3652; x_wconf 88' lang='lat' dir='ltr'><strong>divisus</strong></span> <span class='ocrx_word' id='word_1_283' title='bbox 629 3595 718 3668; x_wconf 86' lang='lat' dir='ltr'><strong>atque</strong></span> <span class='ocrx_word' id='word_1_284' title='bbox 742 3608 836 3670; x_wconf 89' lang='lat' dir='ltr'><strong>vagus</strong></span> <span class='ocrx_word' id='word_1_285' title='bbox 860 3594 926 3654; x_wconf 89' lang='lat' dir='ltr'><strong>aliis</strong></span> <span class='ocrx_word' id='word_1_286' title='bbox 954 3594 1052 3654; x_wconf 89' lang='lat' dir='ltr'><strong>etiam</strong></span> <span class='ocrx_word' id='word_1_287' title='bbox 1076 3591 1168 3652; x_wconf 89' lang='lat' dir='ltr'><strong>alveis</strong></span> <span class='ocrx_word' id='word_1_288' title='bbox 1191 3594 1271 3654; x_wconf 88' lang='lat' dir='ltr'><strong>varie</strong></span> <span class='ocrx_word' id='word_1_289' title='bbox 1294 3610 1343 3653; x_wconf 89' lang='lat' dir='ltr'><strong>se·</strong></span> 
     </span>
     <span class='ocr_line' id='line_1_34' title="bbox 166 3684 1344 3775; baseline 0.002 -21"><span class='ocrx_word' id='word_1_290' title='bbox 166 3694 277 3772; x_wconf 91' lang='lat' dir='ltr'><strong>paratis</strong></span> <span class='ocrx_word' id='word_1_291' title='bbox 299 3695 330 3752; x_wconf 92' lang='lat' dir='ltr'><strong>in</strong></span> <span class='ocrx_word' id='word_1_292' title='bbox 345 3701 464 3771; x_wconf 90' lang='lat' dir='ltr'><strong>septem</strong></span> <span class='ocrx_word' id='word_1_293' title='bbox 480 3699 636 3770; x_wconf 90' lang='lat' dir='ltr'><strong>postremo</strong></span> <span class='ocrx_word' id='word_1_294' title='bbox 646 3684 734 3755; x_wconf 58' lang='lat' dir='ltr'><strong>&#39;totus</strong></span> <span class='ocrx_word' id='word_1_295' title='bbox 756 3695 869 3757; x_wconf 90' lang='lat' dir='ltr'><strong>divisus</strong></span> <span class='ocrx_word' id='word_1_296' title='bbox 885 3697 1019 3775; x_wconf 89' lang='lat' dir='ltr'><strong>partibus</strong></span> <span class='ocrx_word' id='word_1_297' title='bbox 1035 3713 1156 3757; x_wconf 91' lang='lat' dir='ltr'><strong>omnem</strong></span> <span class='ocrx_word' id='word_1_298' title='bbox 1172 3695 1344 3775; x_wconf 83' lang='lat' dir='ltr'><strong>Aegyptum</strong></span> 
     </span>
     <span class='ocr_line' id='line_1_35' title="bbox 165 3796 1343 3878; baseline 0.002 -21"><span class='ocrx_word' id='word_1_299' title='bbox 165 3796 269 3874; x_wconf 88' lang='lat' dir='ltr'><strong>irrigat</strong></span> <span class='ocrx_word' id='word_1_300' title='bbox 291 3797 355 3856; x_wconf 88' lang='lat' dir='ltr'><strong>sole</strong></span> <span class='ocrx_word' id='word_1_301' title='bbox 378 3797 409 3856; x_wconf 91' lang='lat' dir='ltr'><strong>iu</strong></span> <span class='ocrx_word' id='word_1_302' title='bbox 432 3801 541 3855; x_wconf 84' lang='lat' dir='ltr'><strong>cancro</strong></span> <span class='ocrx_word' id='word_1_303' title='bbox 565 3798 712 3857; x_wconf 82' lang='lat' dir='ltr'><strong>existente</strong></span> <span class='ocrx_word' id='word_1_304' title='bbox 745 3815 843 3859; x_wconf 91' lang='lat' dir='ltr'><strong>annuo</strong></span> <span class='ocrx_word' id='word_1_305' title='bbox 876 3801 1081 3872; x_wconf 89' lang='lat' dir='ltr'><strong>incremento,</strong></span> <span class='ocrx_word' id='word_1_306' title='bbox 1115 3801 1219 3878; x_wconf 89' lang='lat' dir='ltr'><strong>sicque</strong></span> <span class='ocrx_word' id='word_1_307' title='bbox 1249 3806 1343 3861; x_wconf 89' lang='lat' dir='ltr'><strong>totam</strong></span> 
     </span>
     <span class='ocr_line' id='line_1_36' title="bbox 164 3897 1345 3978; baseline 0.003 -19"><span class='ocrx_word' id='word_1_308' title='bbox 164 3898 336 3978; x_wconf 81' lang='lat' dir='ltr'><strong>Aegyptum</strong></span> <span class='ocrx_word' id='word_1_309' title='bbox 351 3898 506 3977; x_wconf 84' lang='lat' dir='ltr'><strong>amplexus</strong></span> <span class='ocrx_word' id='word_1_310' title='bbox 521 3897 601 3960; x_wconf 92' lang='lat' dir='ltr'><strong>haud</strong></span> <span class='ocrx_word' id='word_1_311' title='bbox 616 3899 739 3961; x_wconf 90' lang='lat' dir='ltr'><strong>dubium</strong></span> <span class='ocrx_word' id='word_1_312' title='bbox 756 3900 813 3962; x_wconf 92' lang='lat' dir='ltr'><strong>Dei</strong></span> <span class='ocrx_word' id='word_1_313' title='bbox 838 3902 1026 3963; x_wconf 88' lang='lat' dir='ltr'><strong>ordinatione</strong></span> <span class='ocrx_word' id='word_1_314' title='bbox 1042 3920 1171 3964; x_wconf 87' lang='lat' dir='ltr'><strong>arenoso</strong></span> <span class='ocrx_word' id='word_1_315' title='bbox 1188 3909 1219 3964; x_wconf 89' lang='lat' dir='ltr'><strong>et</strong></span> <span class='ocrx_word' id='word_1_316' title='bbox 1232 3904 1345 3963; x_wconf 87' lang='lat' dir='ltr'><strong>sitienti</strong></span> 
     </span>
     <span class='ocr_line' id='line_1_37' title="bbox 166 4000 1342 4085; baseline 0.002 -22"><span class='ocrx_word' id='word_1_317' title='bbox 166 4003 230 4064; x_wconf 90' lang='lat' dir='ltr'><strong>solo</strong></span> <span class='ocrx_word' id='word_1_318' title='bbox 254 4018 362 4081; x_wconf 86' lang='lat' dir='ltr'><strong>aquarn</strong></span> <span class='ocrx_word' id='word_1_319' title='bbox 386 4007 416 4062; x_wconf 92' lang='lat' dir='ltr'><strong>et</strong></span> <span class='ocrx_word' id='word_1_320' title='bbox 439 4007 550 4061; x_wconf 92' lang='lat' dir='ltr'><strong>terram</strong></span> <span class='ocrx_word' id='word_1_321' title='bbox 572 4000 700 4073; x_wconf 90' lang='lat' dir='ltr'><strong>inducit,</strong></span> <span class='ocrx_word' id='word_1_322' title='bbox 725 4005 867 4066; x_wconf 91' lang='lat' dir='ltr'><strong>namhoc</strong></span> <span class='ocrx_word' id='word_1_323' title='bbox 882 4006 992 4085; x_wconf 84' lang='lat' dir='ltr'><strong>duplex</strong></span> <span class='ocrx_word' id='word_1_324' title='bbox 1008 4003 1136 4078; x_wconf 88' lang='lat' dir='ltr'><strong>malum,</strong></span> <span class='ocrx_word' id='word_1_325' title='bbox 1161 4004 1242 4084; x_wconf 89' lang='lat' dir='ltr'><strong>quod</strong></span> <span class='ocrx_word' id='word_1_326' title='bbox 1259 4023 1342 4066; x_wconf 90' lang='lat' dir='ltr'><strong>com·</strong></span> 
     </span>
     <span class='ocr_line' id='line_1_38' title="bbox 165 4102 1342 4189; baseline 0.001 -22"><span class='ocrx_word' id='word_1_327' title='bbox 165 4109 296 4168; x_wconf 89' lang='lat' dir='ltr'><strong>minatur</strong></span> <span class='ocrx_word' id='word_1_328' title='bbox 326 4105 408 4167; x_wconf 90' lang='lat' dir='ltr'><strong>Deus</strong></span> <span class='ocrx_word' id='word_1_329' title='bbox 435 4102 558 4167; x_wconf 77' lang='lat' dir='ltr'><strong>ludaeis</strong></span> <span class='ocrx_word' id='word_1_330' title='bbox 591 4124 652 4165; x_wconf 92' lang='lat' dir='ltr'><strong>non</strong></span> <span class='ocrx_word' id='word_1_331' title='bbox 683 4109 870 4171; x_wconf 90' lang='lat' dir='ltr'><strong>servantibus</strong></span> <span class='ocrx_word' id='word_1_332' title='bbox 901 4115 1067 4189; x_wconf 88' lang='lat' dir='ltr'><strong>praecepta</strong></span> <span class='ocrx_word' id='word_1_333' title='bbox 1089 4108 1150 4180; x_wconf 89' lang='lat' dir='ltr'><strong>Dei</strong></span> <span class='ocrx_word' id='word_1_334' title='bbox 1169 4107 1265 4171; x_wconf 88' lang='lat' dir='ltr'><strong>Levit.</strong></span> <span class='ocrx_word' id='word_1_335' title='bbox 1291 4105 1342 4172; x_wconf 83' lang='lat'><strong>26.</strong></span> 
     </span>
     <span class='ocr_line' id='line_1_39' title="bbox 166 4207 1345 4288; baseline 0.001 -16"><span class='ocrx_word' id='word_1_336' title='bbox 166 4208 288 4272; x_wconf 88' lang='lat' dir='ltr'><strong>diceus:</strong></span> <span class='ocrx_word' id='word_1_337' title='bbox 311 4208 396 4271; x_wconf 88' lang='lat' dir='ltr'><strong>Dabo</strong></span> <span class='ocrx_word' id='word_1_338' title='bbox 418 4208 539 4270; x_wconf 90' lang='lat' dir='ltr'><strong>coelum</strong></span> <span class='ocrx_word' id='word_1_339' title='bbox 557 4207 688 4288; x_wconf 85' lang='lat' dir='ltr'><strong>desuper</strong></span> <span class='ocrx_word' id='word_1_340' title='bbox 707 4210 844 4273; x_wconf 83' lang='lat' dir='ltr'><strong>terreum</strong></span> <span class='ocrx_word' id='word_1_341' title='bbox 859 4219 891 4272; x_wconf 83' lang='lat' dir='ltr'><strong>et</strong></span> <span class='ocrx_word' id='word_1_342' title='bbox 904 4217 1017 4273; x_wconf 87' lang='lat' dir='ltr'><strong>terram</strong></span> <span class='ocrx_word' id='word_1_343' title='bbox 1032 4228 1158 4273; x_wconf 87' lang='lat' dir='ltr'><strong>aeneam</strong></span> <span class='ocrx_word' id='word_1_344' title='bbox 1172 4217 1242 4284; x_wconf 83' lang='lat' dir='ltr'><strong>etc,</strong></span> <span class='ocrx_word' id='word_1_345' title='bbox 1257 4210 1345 4274; x_wconf 87' lang='lat' dir='ltr'><strong>adest</strong></span> 
     </span>
    </p>
   </div>
   <div class='ocr_carea' id='block_1_3' title="bbox 0 0 1442 4770">
    <p class='ocr_par' dir='ltr' id='par_1_4' title="bbox 0 0 1442 4770">
     <span class='ocr_line' id='line_1_40' title="bbox 0 0 1442 4770; baseline 0 0"><span class='ocrx_word' id='word_1_346' title='bbox 0 0 1442 4770; x_wconf 95' lang='lat' dir='ltr'><strong> </strong></span> 
     </span>
    </p>
   </div>
  </div>
 </body>
</html>
