2874 4770
694 147 759 215 343

139 333 171 389 et
193 326 426 389 cumfratribus
447 343 576 403 pransus
596 323 650 385 ini.
685 321 812 385 'Eodem
840 323 890 385 die
911 328 1062 385 venerunt
1081 320 1238 385 lletonam
1258 339 1314 403 pe·

139 431 253 509 regrini
275 429 312 491 de
335 429 469 509 partibus
490 427 677 498 Britanniae,
711 429 763 504 qui
789 445 843 506 per
865 435 976 488 terram
997 429 1064 488 sine
1093 429 1184 489 maris
1215 433 1313 488 trans-

138 537 183 595 itu
210 535 395 595 intraverant
419 551 515 611 usque
543 531 580 592 ad
606 539 718 592 terram
743 538 877 592 sanctam
905 534 937 592 in
961 530 1147 602 Jerusalem,
1175 529 1313 611 gyrando

139 644 266 717 pontum
280 637 428 697 Euxinum
451 654 506 715 per
521 637 697 714 longissima
710 637 828 706 itinera,
852 652 908 714 per
922 651 1000 712 quae.
1018 634 1194 713 frequenter
1207 633 1314 695 ludaei

139 741 350 821 ingrediuntur
372 748 403 800 et
425 739 632 818 egrediuntur,
660 745 691 798 et
713 757 769 816 per
792 756 858 798 eam
880 740 960 799 viam
982 739 1118 798 exierant
1130 754 1228 816 usque
1242 737 1313 808 buc,

139 854 169 906 et
191 847 232 906 ibi
254 861 308 924 per
331 861 413 904 mare
443 845 583 921 navigare
614 843 647 903 in
670 842 804 902 Siciliam
834 840 1032 901 intendebant
1061 845 1094 900 et
1121 841 1154 901 in
1175 839 1312 901 liomam.

137 949 182 1011 Ad
205 966 327 1009 omnem
350 949 431 1007 enirn
453 947 573 1027 plagam
596 943 752 1006 altletona
773 946 889 1007 invenit
910 945 1003 1005 homo
1025 944 1152 1022 navigia,
1174 945 1245 1021 quia
1266 952 1314 1005 est

136 1054 220 1132 qnasi
242 1055 272 1113 in
295 1051 396 1112 media
417 1052 464 1112 via
486 1050 524 1111 ad
545 1067 667 1110 omnem
692 1056 805 1111 terram
836 1056 867 1109 et
889 1064 983 1109 mare.
1028 1046 1138 1107 Facilis
1161 1048 1243 1107 enim
1265 1054 1313 1108 est

135 1159 283 1237 navigatio
298 1157 368 1218 inde
380 1152 669 1232 Constantinopolim
686 1160 790 1214 contra
805 1152 986 1232 aquilonem,
995 1148 1119 1230 Tyrum,
1128 1149 1314 1211 Sidonemin

134 1267 246 1322 terram
261 1268 398 1322 sanctam
412 1267 517 1321 contra
529 1261 686 1331 orientem,
701 1257 874 1338 Aegyptum
887 1264 918 1319 et
927 1255 1059 1319 Africam
1075 1263 1181 1316 contra
1197 1255 1312 1334 aquilo·

135 1384 205 1426 nem
223 1364 391 1443 [austrum]‚
403 1365 544 1436 Siciliam,
559 1362 684 1434 ltaliam,
693 1363 834 1423 Venetiae
850 1369 956 1422 contra
970 1360 1170 1422 occidentem.
1196 1359 1313 1420 Adves·

134 1475 313 1548 perascente
328 1467 377 1527 die
393 1467 462 1529 dato
480 1471 566 1547 signo
582 1467 670 1529 tubae
687 1466 725 1528 ad
747 1469 918 1546 ingressum
933 1467 1102 1545 galearum,
1125 1467 1229 1526 nescio
1252 1483 1314 1543 quo

134 1574 257 1650 negotio
275 1573 513 1643 circumventus,
537 1573 650 1632 exitum
664 1573 785 1631 navium
800 1571 932 1649 neglexi,
959 1571 1088 1632 conduxi
1104 1588 1177 1648 ergo
1191 1571 1313 1631 barcam

136 1681 167 1735 et
190 1673 227 1734 ad
243 1677 449 1752 promontoria
465 1675 637 1753 Sapientiae
653 1682 778 1735 secutus
800 1692 868 1735 sum
891 1674 992 1752 galeas
1015 1683 1046 1736 et
1071 1677 1227 1752 ingressus
1242 1693 1311 1735 sum
1404 1692 1414 1703 ·

135 1779 252 1858 galeam
280 1786 413 1839 nostram
445 1782 475 1840 in
504 1780 642 1839 cumbam
674 1798 787 1851 meam,
823 1786 855 1840 et
874 1780 915 1839 ita
936 1778 988 1838 illa
1019 1784 1109 1839 nocte
1133 1777 1169 1838 ad
1192 1776 1310 1838 radices

134 1882 307 1960 Sapientiae
322 1885 491 1960 quievimus
506 1885 536 1943 in
552 1885 643 1956 mari,
666 1886 733 1944 sine
748 1885 851 1961 quiete
867 1890 985 1955 tamen,
1008 1891 1134 1964 propter
1151 1891 1310 1945 ventorum

131 1987 296 2064 impulsum
319 1988 532 2064 importunum.

219 2090 275 2150 Die
299 2088 406 2163 xvix,
441 2109 517 2168 quae
552 2097 618 2152 esto
642 2091 796 2170 Sapientia
822 2091 908 2169 juxta
930 2091 1135 2153 calendarium
1156 2100 1306 2163 nostrum,

133 2200 198 2255 erat
220 2202 328 2255 ventus
352 2194 474 2273 quidem
496 2196 594 2256 bonus
618 2215 672 2274 pro
695 2198 803 2257 itinere
818 2203 941 2267 nostro,
963 2194 1018 2256 sed
1034 2196 1125 2255 nimis
1140 2194 1236 2266 fortis,
1260 2196 1309 2255 cui

131 2297 267 2358 naucleri
288 2297 488 2359 formidabant
510 2300 640 2359 classem
664 2303 871 2370 committere,
907 2304 939 2359 et
961 2297 1157 2375 diliberabant
1178 2298 1218 2358 ibi
1243 2313 1306 2356 ma-

132 2417 205 2459 nere
230 2418 326 2478 usque
351 2400 388 2461 ad
410 2392 621 2462 remissionem
645 2403 735 2463 venti.
765 2401 838 2461 Post
860 2400 1017 2480 prandium
1041 2399 1255 2460 descendimus
1277 2403 1308 2460 in

130 2503 254 2562 barcam
287 2509 317 2563 et
340 2521 436 2581 paene
471 2522 578 2566 omnes
608 2505 646 2566 de
669 2511 771 2566 nostra
800 2506 885 2583 galea
904 2504 951 2585 ‘ad
974 2503 1090 2567 radices
1113 2505 1309 2583 promontorii

133 2605 306 2683 Sapientiae
329 2609 548 2686 navigavimus,
572 2616 602 2669 et
623 2605 678 2688 (b)
702 2611 742 2670 ibi
761 2608 890 2687 juvenes
914 2607 1041 2670 diversis
1059 2606 1140 2685 jocis
1162 2607 1307 2680 luserunt,

133 2726 223 2769 senes
248 2728 317 2770 vero
342 2711 488 2772 sedebant
513 2719 543 2772 et
566 2713 769 2792 respiciebant
800 2713 847 2774 vel
869 2715 1089 2793 spatiabantur,
1121 2712 1307 2775 delectabilis

131 2816 212 2875 enim
236 2821 267 2874 et
289 2818 459 2893 graminosa
483 2817 622 2894 planities
646 2824 711 2879 erat
733 2817 788 2878 sub
812 2826 914 2878 monte
930 2834 1023 2895 super
1045 2817 1137 2877 maris
1159 2817 1253 2887 littus,
1276 2826 1307 2878 et

129 2917 238 2977 arduus
262 2936 297 2978 ao
321 2918 398 2979 altus
421 2937 565 2981 ascensus
589 2929 767 3000 perpetras
792 2929 822 2982 et
845 2940 937 3001 mpes
959 2939 1080 2982 sursum
1107 2922 1138 2980 in
1162 2939 1304 3001 promon-

129 3022 250 3082 torium.
291 3021 468 3083 Dimisimus
492 3041 564 3101 ergo
587 3043 641 3085 nos
664 3027 817 3104 peregrini
840 3024 985 3105 populum
1007 3023 1162 3086 ludentem
1185 3033 1215 3086 et
1238 3045 1304 3086 sur-

128 3141 196 3183 sum
217 3126 248 3184 in
272 3123 364 3184 altum
388 3144 458 3186 cum
480 3127 581 3187 labore
605 3147 714 3206 magno
737 3129 928 3190 ascendimus
956 3132 987 3190 in
1010 3130 1131 3190 culmen
1161 3148 1303 3209 promon-

128 3229 196 3287 torii
219 3234 251 3287 et
272 3229 313 3289 ibi
334 3229 425 3306 longe
447 3229 569 3309 lateque
593 3250 647 3310 per
670 3251 753 3294 mare
776 3236 1043 3313 circumspeximus
1065 3236 1095 3293 in
1119 3237 1305 3311 provinciam

126 3328 268 3407 Acbajae‚
293 3349 423 3410 cumque
447 3353 503 3414 per
526 3336 631 3397 horam
654 3341 683 3398 in
707 3345 810 3400 monte
834 3357 949 3399 moram
964 3338 1153 3408 fecissemus,
1176 3337 1304 3399 descen·

128 3432 200 3494 dere
223 3435 408 3513 incepimus,
440 3445 470 3499 et
493 3438 564 3500 dum
591 3441 746 3520 paululum
780 3442 1046 3503 descendissemus
1077 3442 1161 3500 etin
1184 3439 1304 3501 arbusta

127 3544 159 3599 et
180 3538 322 3598 scabrosa
344 3539 410 3600 loca
433 3544 639 3615 venissemus,
671 3547 803 3606 subtraxi
826 3564 874 3606 me
897 3563 915 3605 a
938 3545 1029 3605 sociis
1052 3550 1084 3604 et
1106 3545 1138 3604 in
1160 3561 1303 3622 promon-

125 3643 195 3702 torii
218 3660 364 3702 cacumen
387 3646 561 3720 reascendi,
585 3654 618 3708 ut
639 3650 723 3709 solus
746 3667 848 3710 essem
870 3651 926 3721 ibi,
955 3654 1078 3729 propter
1100 3665 1220 3708 eausam
1238 3647 1302 3725 jam

126 3744 374 3824 subjungendam.
420 3746 454 3809 ln
477 3752 544 3829 ipso
567 3755 649 3813 enim
672 3739 822 3814 descensu
845 3756 927 3815 venit
948 3753 1022 3814 mihi
1051 3755 1084 3813 in
1104 3759 1240 3814 mentem
1264 3752 1302 3813 de

125 3847 260 3910 dicendis
284 3855 433 3931 vesperis,
456 3857 525 3933 quia
540 3857 613 3919 hora
636 3860 809 3937 vespertina
830 3858 947 3932 aderat,
971 3866 1002 3920 et
1017 3877 1087 3920 cum
1100 3860 1301 3939 inspexissem

126 3953 344 4028 calendarium,
368 3964 399 4016 et
421 3977 456 4018 o.
473 3961 661 4038 Sapientiam
682 3962 844 4034 vidissem,
876 3963 934 4026 dixi
958 3965 1047 4026 mihi:
1070 3966 1123 4027 bas
1146 3984 1299 4046 vesperas,

125 4063 264 4120 aeternae
281 4059 453 4138 Sapientiae
468 4064 583 4138 laudes,
606 4085 668 4127 non
682 4069 741 4129 nisi
754 4070 785 4129 in
801 4075 905 4128 monte
920 4069 1091 4147 Sapientiae
1107 4070 1209 4131 dicere
1227 4090 1299 4132 con·

126 4161 221 4233 venit;
256 4166 362 4243 sicque
394 4167 553 4229 reascendi
585 4176 617 4228 et
639 4176 717 4231 totas
751 4188 893 4250 vesperas
925 4189 981 4252 per
1007 4191 1058 4234 me
1087 4174 1204 4235 cantavi
1232 4175 1299 4235 sine
