2902 4710
700 146 741 212 75

132 318 201 383 die(
236 321 303 383 Est·
327 323 407 383 enim
445 322 507 383 avis
537 321 674 393 funesta,
698 331 729 383 ct
758 338 881 401 semper
906 319 1019 382 sinistri
1034 319 1168 398 augurii,
1191 323 1222 379 et
1236 317 1307 377 mali

133 428 251 487 venturi
273 429 387 488 nuntia.
433 424 519 487 Unde
544 425 668 487 Ovidius
692 423 725 484 L.
750 424 785 483 V.
809 423 1010 502 hictarnorph.

366 541 508 610 Foedaque
527 543 707 608 divulseris,
727 543 833 594 venturi
853 540 948 594 nuntia
966 543 1062 606 luctus,

365 631 485 698 ignavus
504 632 592 695 bubo,
612 629 698 681 dirum
718 629 877 681 mortalibus
896 644 983 679 omen.

203 734 331 796 *Dicunt
355 738 452 808 euim,
482 737 563 814 quod
591 737 662 798 dum
686 744 810 816 apparet
833 743 864 796 et
889 735 1086 806 vociferatur,
1117 735 1308 813 praesagium

133 839 172 898 sit
196 838 312 898 mortis.
358 838 429 899 ideo
454 839 624 900 secuudum
649 846 806 919 poetarum
841 839 921 899 dicta
957 837 1142 917 Ascalaphus
1158 855 1194 897 ex
1209 834 1307 896 Ache·

132 948 219 1002 route
248 949 280 1002 et
308 943 445 1023 Nympha
475 944 532 1003 sub
570 942 657 1002 undis
695 945 813 1021 genitus
854 950 986 1004 mutatus
1022 942 1115 1023 (101
1140 938 1183 1018 a)
1214 948 1261 1001 cst
1291 959 1308 1001 a

134 1045 245 1107 Cerere
270 1048 301 1106 iu
328 1048 494 1117 bubonem,
528 1065 564 1107 eo
584 1045 665 1124 quod
687 1045 898 1126 Proserpinam
920 1050 974 1107 tria
1003 1064 1094 1125 grana
1115 1045 1185 1105 mali
1205 1044 1308 1123 punici

132 1155 269 1227 gustasse
292 1149 330 1210 dc
352 1150 491 1211 viridario
515 1150 648 1211 Plutonis
672 1150 752 1229 apud
774 1150 885 1209 interos
909 1150 1056 1228 prodidit,
1080 1145 1308 1227 propterquod

133 1250 313 1332 Proserpina
335 1271 395 1313 uon
419 1272 454 1314 ex
488 1260 551 1314 toto
585 1254 719 1324 Plutoni,
750 1256 801 1332 qui
831 1271 898 1314 eam
928 1259 1082 1333 rupuerat,
1114 1250 1210 1312 oblata
1241 1250 1305 1309 luit.

132 1355 195 1416 Sed
223 1362 253 1417 et
278 1356 396 1436 Jupiter
424 1365 544 1418 cautum
574 1360 703 1419 bubonis
732 1358 863 1430 horruit,
893 1357 962 1417 ideo
991 1357 1143 1417 cornicem
1170 1372 1187 1414 a
1213 1353 1307 1424 laeva,

132 1465 163 1520 ct
193 1477 316 1521 corvum
345 1459 383 1520 ad
408 1459 543 1520 dextram
565 1479 650 1522 suam
676 1479 784 1521 canere
801 1461 888 1532 iecit,
916 1463 985 1538 quia
1012 1476 1118 1518 corvus
1142 1462 1188 1516 est
1214 1457 1306 1533 aptis·

133 1565 227 1624 simus
256 1563 294 1623 ad
325 1566 462 1641 auguria,
496 1572 525 1624 et
555 1564 726 1643 praetendit
750 1563 818 1623 ielix
842 1565 1014 1641 augurium,
1042 1563 1144 1621 cornix
1165 1578 1237 1621 vcro
1261 1561 1306 1617 in·

133 1663 218 1736 felix,
256 1668 282 1726 si
312 1683 328 1726 a
358 1665 469 1726 dextris
499 1674 560 1737 cst,
598 1668 735 1728 similiter
766 1685 889 1736 corvus,
930 1668 955 1725 si
986 1664 1024 1725 ad
1055 1665 1207 1724 sinistram
1240 1679 1305 1721 cro·
1359 1682 1368 1689 ·

134 1770 221 1840 citat3
246 1770 326 1829 bubo
354 1777 471 1841 autem,
501 1790 517 1831 a
545 1789 734 1849 quacumque
760 1777 843 1848 parte
870 1787 904 1828 se
928 1773 1046 1837 teneat,
1075 1766 1177 1827 infelix
1202 1767 1308 1826 nuntia

133 1878 190 1930 est.
236 1871 346 1932 Contra
377 1872 451 1933 haec
482 1874 613 1953 disputat
643 1875 828 1953 Augustinus
859 1870 922 1933 Lib.
949 1870 997 1931 lv.
1025 1869 1062 1929 de
1086 1870 1212 1930 Ciuitate
1241 1868 1308 1939 Dei,

133 1991 198 2052 cap.
216 1970 268 2036 30.
313 1973 360 2034 An
399 1983 499 2036 autem
537 1979 616 2038 bubo
647 1979 850 2056 praesenserit
880 1983 1009 2034 mortem
1040 1974 1189 2052 peregrini
1219 1989 1306 2051 prae·

132 2078 303 2148 stantioris,
334 2081 384 2155 qui
415 2083 517 2139 statim
545 2080 582 2140 dc
610 2087 678 2158 post
702 2082 789 2150 obiit,
822 2079 922 2139 dicere
945 2096 1007 2137 non
1035 2077 1148 2148 audeo,
1178 2082 1307 2136 mortem
1393 2097 1398 2104 ·

132 2186 233 2241 tamen
270 2180 336 2257 ejus
372 2183 596 2243 bubulationem
633 2191 828 2243 consecutam
864 2184 944 2251 scio,
985 2197 1176 2258 nequaquam
1206 2186 1308 2239 lamen

134 2301 255 2345 oausam
280 2288 386 2345 mortis
411 2284 574 2345 clamorem
597 2287 725 2346 bubonis
748 2287 841 2346 luisse
866 2285 967 2345 credo.

223 2387 299 2448 Cum
322 2394 423 2447 autem
447 2388 511 2449 dies
534 2390 630 2448 iactus
664 2397 762 2459 esset,
794 2389 1021 2450 sollicitavimus
1053 2385 1306 2464 Tanguardinum

131 2497 166 2552 ut
187 2491 317 2552 litteram
340 2494 519 2569 promissam
534 2493 678 2553 libertatis
694 2495 778 2553 nobis
795 2493 900 2554 afferet
915 2494 1018 2562 citius,
1042 2492 1209 2570 incepimus
1227 2491 1307 2549 enim

132 2596 238 2673 longas
261 2595 371 2655 habere
394 2595 483 2655 horas
507 2603 537 2656 et
560 2597 710 2668 taedium,
735 2606 766 2657 ct
788 2597 930 2658 habitatio
953 2602 1056 2655 nostra
1078 2596 1156 2653 inter
1171 2590 1305 2651 infideles

132 2700 219 2758 nimis
242 2699 472 2778 protrahebatur
495 2707 524 2760 el
548 2702 813 2763 vehementissime
838 2704 992 2762 timuimus
1016 2717 1171 2771 recessum
1187 2699 1306 2757 navium

133 2803 168 2863 ab
200 2801 380 2863 Alexandria
414 2806 480 2864 sine
513 2806 608 2866 nobis.
667 2804 783 2867 Idcirco
826 2824 918 2866 unum
958 2805 996 2865 de
1027 2803 1170 2864 militibus
1202 2802 1306 2862 tertiae

132 2907 285 2966 societatis
309 2908 485 2986 petivimus,
522 2916 553 2967 ut
583 2927 650 2968 cum
679 2910 914 2988 negotiatoribus
947 2908 1140 2977 Christianis,
1174 2907 1224 2983 qui
1254 2904 1306 2964 de·

132 3009 281 3070 scendcre
303 3011 397 3087 parati
422 3018 524 3080 erant,
547 3012 758 3073 Alexandriam
782 3011 982 3073 descenderet
1012 3018 1043 3070 et
1072 3011 1112 3070 ibi
1143 3009 1307 3087 hospitium

79 3142 83 3155 ·
132 3130 186 3189 pro
207 3111 292 3172 uobis
317 3111 492 3192 disponeret
515 3121 546 3172 et
569 3117 606 3177 de
629 3135 754 3177 recessu
777 3119 915 3187 navium,
940 3118 965 3175 si
989 3131 1115 3175 necesse
1137 3113 1228 3183 toret,
1251 3130 1306 3173 nos

132 3234 186 3296 per
202 3220 338 3278 nuntium
356 3220 493 3278 avisarct.
524 3219 605 3279 Haec
631 3228 733 3280 autem
748 3219 867 3280 occulte
883 3221 1113 3298 practicavimus
1129 3235 1198 3277 cum
1213 3216 1305 3276 milite

132 3322 215 3380 socio
239 3328 342 3380 nostro
367 3327 396 3380 et
420 3323 670 3399 negotiatoribus,
701 3328 731 3382 et
755 3322 826 3381 nihil
852 3321 1061 3400 Tunguardino
1085 3321 1228 3391 diximus,
1253 3318 1306 3379 do·

132 3423 282 3484 lositatem
300 3426 378 3483 enirn
396 3443 481 3485 sunm
498 3426 666 3504 intelligere
688 3427 870 3504 incepimus,
895 3433 925 3484 et
941 3427 1109 3493 timuimus,
1134 3423 1214 3501 quod
1230 3423 1307 3484 lorte

132 3526 267 3586 studiose
292 3526 484 3587 eductionem
507 3536 641 3599 nostram
665 3510 867 3607 protraheret,
896 3535 930 3589 ut
958 3545 1049 3588 naves
1083 3529 1306 3607 negligeremus

133 3636 163 3690 et
186 3647 240 3709 per
264 3630 397 3690 hiemem
420 3633 450 3691 in
484 3635 621 3693 manibus
652 3632 718 3709 ejus
750 3650 898 3692 essemus.
944 3631 1016 3691 Post
1046 3631 1202 3691 meridiem
1236 3649 1307 3709 ergo

131 3742 279 3794 venerunt
311 3735 370 3794 duo
393 3733 491 3795 Mauri
520 3754 589 3795 cum
622 3737 729 3806 asinis,
764 3741 797 3794 ut
826 3734 968 3795 tollerent
997 3735 1122 3794 militem
1156 3753 1224 3795 cum
1253 3752 1307 3795 sua

132 3837 334 3917 suppellectili
376 3844 407 3897 et
442 3840 472 3897 in
505 3839 657 3898 balacrum
686 3837 832 3898 ducerent
862 3837 900 3897 ad
931 3838 990 3898 Nili
1019 3845 1153 3916 portum,
1187 3841 1218 3898 in
1247 3856 1306 3916 quo

133 3943 233 4002 stabat
255 3943 339 4003 navis
363 3960 417 4019 pro
441 3941 591 4002 descensu
615 3941 680 4017 ejus
704 3950 735 4001 et
757 3948 960 4003 mercatorum
982 3948 1094 4020 parata.
1139 3943 1218 4003 Dum
1235 3960 1307 4020 crgo

132 4047 220 4106 miles
245 4047 383 4107 sacculos
408 4064 479 4107 suos
503 4051 632 4124 aptaret,
655 4047 816 4125 imponens
833 4047 941 4114 asinis,
965 4045 1071 4121 etjam
1088 4053 1208 4123 paratus
1224 4049 1305 4106 exire

131 4148 240 4221 rediet,¹
261 4167 323 4210 non
346 4152 464 4230 potuit,
487 4151 558 4226 quia
579 4155 683 4227 portae
706 4155 839 4211 serratas
864 4157 957 4222 erant,
982 4154 1012 4208 et
1026 4149 1126 4210 nullus
1142 4149 1179 4209 de
1194 4148 1307 4209 familia
