2874 4770
671 123 753 239 fas

124 325 183 370 nus
207 311 239 369 et
253 306 363 369 Tanais
385 304 486 366 incola
508 301 674 367 Atlanticas
689 309 817 366 noscant
839 303 1026 385 Hesperides
1043 310 1075 366 et
1093 320 1201 364 eorum
1215 303 1306 363 etiam

125 416 248 490 gustent
280 427 371 475 aurea
403 410 498 479 mala,
535 407 687 472 terrentes
721 407 888 487 Aethiopes
921 416 954 470 et
983 409 1085 471 Nilum
1118 413 1149 469 ct
1179 405 1307 482 libycas

126 522 231 595 postes
255 513 375 595 gelidus
398 512 610 591 Hyperboreos
644 511 752 572 lustret
774 518 806 573 et
827 511 972 573 Sarmata.
1019 512 1071 572 Sic
1097 520 1129 573 et
1152 511 1305 589 llispanus

126 616 314 697 Maurusque
340 619 476 680 visitatus
503 617 604 677 visitet
624 613 733 676 Persas
755 622 788 676 et
801 614 892 677 lndos
908 623 938 676 et
953 617 1141 687 Caucasum,
1164 622 1194 676 et
1209 613 1306 675 Thule

127 722 233 782 ultima
255 722 353 803 calcet
374 719 561 804 Taprobanis
583 719 694 780 littora.
738 719 776 780 Et
799 737 871 780 cum
903 738 958 782 sua
980 723 1109 783 invicem
1137 727 1310 800 permutant

127 826 215 897 bona,
239 844 298 886 non
315 825 414 885 solum
430 841 531 883 mores
547 821 647 901 (222
664 818 708 899 a)
732 823 878 902 legesque
901 830 932 884 et
955 825 1074 886 babitus
1096 828 1254 895 iubentur,
1275 823 1308 884 lit

128 928 277 1006 quinimo',
298 928 353 1005 ‘qui
375 925 497 988 sedum
521 927 649 987 alterum
663 929 806 998 intuetur,
831 946 870 988 er
892 927 990 990 altero
1013 932 1100 1010 quasi
1122 931 1162 990 sit
1184 928 1307 998 mundo,

127 1050 185 1094 nec
214 1050 275 1093 uno
309 1031 479 1110 eodemque
512 1049 619 1092 secum
652 1031 695 1092 illi
730 1032 838 1093 ambiri
876 1050 993 1094 oceano
1030 1033 1201 1103 arbitratur,
1232 1033 1309 1092 ritus

132 1138 275 1206 misceat,
299 1133 389 1195 tidem
405 1137 611 1196 mercimoniis
627 1137 843 1207 communicet,
866 1138 1013 1198 amicitias
1031 1136 1159 1215 jungat,
1183 1141 1215 1196 et
1237 1133 1309 1196 dum

125 1257 179 1300 sua
203 1237 327 1308 docent,
350 1235 472 1307 idiotice
495 1237 613 1300 discant
636 1246 668 1299 et
690 1239 797 1301 aliena.
842 1239 881 1299 Et
902 1242 947 1300 sic
968 1239 1018 1311 ut,
1034 1235 1076 1300 'ut
1096 1257 1175 1318 quos
1193 1238 1309 1300 iecerat

127 1341 267 1404 distantia
289 1342 428 1423 locorum
455 1349 629 1413 extraneos,
657 1344 808 1423 navigatio
826 1341 935 1421 jungat
957 1342 1108 1421 iaciatque
1131 1340 1307 1403 concordes

128 1444 202 1518 Quis
228 1462 342 1524 quaeso
365 1461 511 1524 umquam
533 1445 633 1507 ΡΗ.
656 1444 839 1507 credidisset
852 1445 987 1523 iutumm
1002 1448 1120 1507 socium
1134 1445 1309 1516 infidelium,

129 1555 161 1610 et
183 1548 362 1615 familiarem
377 1547 443 1610 lieri
464 1549 681 1621 irrenatorum,
711 1551 761 1611 cni
784 1552 876 1617 etiam
897 1566 1028 1613 necesse
1050 1549 1164 1610 lactum
1186 1556 1235 1610 est
1256 1567 1309 1628 ap·

130 1650 276 1731 plaudere
298 1646 400 1713 Turco
424 1658 455 1712 et
487 1652 638 1713 confidere
670 1659 702 1714 et
725 1655 888 1716 connivere
909 1653 1092 1725 Sarraceno,
1121 1651 1308 1715 concordare

131 1754 272 1824 Tartaro,
307 1756 518 1835 obtemperare
552 1754 642 1818 Arabi
674 1763 704 1818 et
735 1757 904 1837 Aegyptio,
936 1759 1136 1819 reverentiam
1168 1755 1309 1819 exbibete

131 1855 317 1932 Mahometo,
334 1861 476 1920 umorem
487 1860 649 1922 ostendere
660 1861 812 1924 barbaro?
834 1861 901 1923 lloc
910 1868 1008 1924 totum
1019 1879 1104 1922 mare
1114 1849 1309 1938 conglutinat.

221 1962 298 2024 Sunt
319 1971 478 2042 praeterea
501 1970 532 2024 et
555 1965 612 2024 alia
634 1965 745 2036 multa,
768 1981 847 2042 quae
869 1965 928 2024 etsi
949 1971 1034 2026 tanta
1055 1983 1115 2026 non
1131 1965 1190 2024 sint
1214 1962 1309 2022 admi·

129 2069 247 2129 ratione
271 2070 450 2147 conspicua,
481 2075 552 2129 sunt
573 2067 675 2129 lorsan
698 2069 830 2130 utilitate
851 2070 993 2135 continua
1015 2069 1140 2128 cariora.
1184 2064 1312 2127 Praebet

129 2171 188 2232 hoc
220 2188 303 2232 mare
336 2171 445 2233 lembis
476 2172 592 2235 infinita
623 2174 826 2250 piscationum
858 2172 1035 2245 commoda,
1064 2172 1173 2250 quibus
1194 2171 1244 2239 tit,
1277 2177 1310 2232 ut

130 2276 270 2355 opiparas
294 2274 422 2338 divitum
444 2294 570 2339 mensae
591 2278 708 2356 magnis
733 2283 823 2355 atque
845 2276 960 2355 sapidis
983 2275 1115 2355 piscibus
1147 2280 1311 2336 onerentur

133 2383 165 2438 et
187 2395 337 2457 pauperes
368 2381 539 2441 minoribus
570 2382 756 2451 nutriantur,
784 2381 843 2441 boc
870 2383 998 2460 insuper
1024 2384 1197 2460 praestante
1228 2384 1309 2438 tran·

133 2481 225 2561 quillo
258 2476 301 2542 er'
324 2480 432 2544 insulis
454 2482 604 2567 tortilibus
635 2501 762 2563 pecora,
789 2483 927 2561 iumenta
957 2491 1048 2562 atque
1079 2483 1245 2552 frumenta,
1278 2487 1311 2541 et

132 2579 516 2666 opportunaquaeounqne
532 2589 625 2649 victui
648 2594 679 2647 et
701 2589 908 2650 continentem
922 2590 1015 2648 etiam
1029 2588 1208 2648 alterutrum
1223 2583 1308 2645 dele·

132 2698 245 2752 rantur.
291 2689 350 2750 Dat
383 2689 489 2753 validis
521 2693 707 2772 infirmisque
739 2694 838 2754 larara
870 2700 903 2753 et
930 2692 993 2753 sale
1022 2709 1079 2752 suo
1113 2690 1214 2751 valere
1236 2687 1309 2747 iacit

131 2792 273 2873 insipida,
305 2795 462 2859 humectat
487 2796 661 2876 adjacentes
681 2797 815 2877 undique
839 2805 935 2858 terras
964 2796 1093 2876 ejusque
1115 2798 1218 2855 meatu
1239 2790 1309 2852 sub·

131 2903 270 2959 terraneo
293 2899 393 2961 tistula
413 2901 537 2980 implet,
561 2921 597 2963 er
619 2902 728 2982 quibus
743 2901 843 2963 tontes
857 2901 1004 2962 habemus
1027 2907 1058 2961 et
1072 2897 1210 2966 ilumina,
1234 2913 1309 2976 quo·

130 3019 197 3061 rum
219 3004 280 3064 nisi
302 3011 462 3084 susceptor
483 2986 622 3078 adesset,
643 3009 675 3067 in
702 3005 886 3068 convallibus
901 3006 1029 3067 maxima
1044 3004 1200 3064 bominum
1221 3004 1309 3079 peste

130 3113 309 3168 marcerent.
356 3092 547 3172 utbreviter
580 3112 693 3189 antiqui
716 3108 914 3171 consideratis
936 3110 1051 3170 naturis
1074 3125 1175 3168 rerum
1200 3121 1309 3183 aquam

131 3217 253 3277 omnino
276 3217 404 3294 primaru
427 3215 521 3278 fuisse
546 3232 669 3276 causam
691 3215 885 3284 asserebant,
918 3229 1047 3292 eamque
1068 3212 1099 3271 in
1121 3229 1156 3271 se
1179 3208 1309 3270 &unam

130 3319 241 3380 habere
272 3325 407 3379 mentem
435 3321 535 3381 omnia
566 3319 803 3398 producentem,
827 3336 885 3379 nec
908 3317 996 3378 aliter
1028 3335 1120 3394 quam
1142 3313 1221 3394 apud
1251 3330 1307 3373 nos

130 3424 248 3504 plantas
270 3423 441 3497 humectat,
474 3426 519 3484 sic
542 3443 578 3486 ex
600 3426 709 3504 abysso
731 3423 964 3501 scaturiginibus
986 3421 1107 3480 emissis
1135 3421 1167 3507 in
1189 3414 1309 3477 coelum

131 3545 228 3606 usque
252 3527 352 3590 sidera
381 3535 412 3590 et
433 3536 572 3591 ornatum
601 3530 753 3609 reliquum
784 3545 874 3588 manu
904 3523 1022 3585 madida
1053 3521 1227 3583 fabricasse.
1272 3515 1310 3576 Et

130 3637 250 3694 tautum
273 3629 310 3694 de
333 3632 397 3695 illo.
557 3626 561 3631 ¹

443 3850 567 3921 Exitus
593 3851 630 3920 et
655 3863 815 3919 recessus
841 3864 863 3916 a
888 3842 986 3915 mari.

216 4055 311 4136 lgitur
332 4061 403 4134 posi
424 4054 526 4116 datam
549 4051 624 4112 mari
652 4046 898 4109 benedictionem
926 4044 1121 4107 conduximus
1151 4056 1248 4118 equos
1276 4046 1309 4100 et

132 4160 267 4221 terrastri
288 4160 397 4221 itinere
419 4155 588 4238 procedere
621 4155 790 4232 incepimus
823 4158 854 4212 et
875 4169 936 4213 uno
966 4152 1083 4228 impetn
1104 4147 1145 4208 de
1166 4142 1307 4221 blargcro
