2874 4770
688 189 757 262 1ίῖ

130 384 257 452 aggeres
280 385 439 436 arenarum
458 368 491 430 in
514 367 662 448 aliquibus
685 369 760 445 locis
789 367 1067 450 supereminebant.
1108 358 1184 431 Tota
1207 373 1308 430 autem

130 473 182 535 illa
205 489 353 553 aquarum
376 474 570 551 congregatio
593 479 657 534 erat
673 456 776 544 salsa,
792 471 837 534 des
852 474 1011 559 maritimis
1034 475 1122 553 aquis
1137 473 1308 552 irrumpen-

130 576 210 636 tibus
233 592 288 655 per
310 577 388 641 ostia
410 576 480 637 Nili.
524 573 631 646 Porro,
655 577 686 636 in
708 575 759 637 illa
781 575 946 637 latitudine>
959 595 1020 637 non
1042 581 1183 656 poterant
1197 581 1307 636 nautae

130 678 226 738 nostri
250 677 378 756 amplius
407 694 515 740 navem
548 678 668 739 trahere
698 684 822 759 propter
845 680 1093 758 profunditatem,
1127 679 1183 742 sed
1205 679 1306 741 nobis·

131 797 199 841 cum
221 777 377 842 sedebant.
423 779 614 860 vagabamur
637 802 710 862 ergo
732 785 764 844 in
786 784 937 843 incertum
960 784 991 844 in
1015 784 1116 862 aquis,
1145 801 1225 843 nunc
1248 783 1307 844 huc
1370 803 1378 812 s·

130 902 218 945 nunc.
233 884 322 956 illue,
348 902 407 946 nec
429 884 572 964 progredi
587 892 762 965 poteramus
778 887 956 966 prohibente
970 905 1026 948 nos
1043 887 1190 947 contrario
1206 891 1305 948 vento.

129 986 163 1048 ln
186 988 244 1048 ista
267 1004 340 1066 ergo
363 987 489 1049 confusa
512 989 782 1052 circumvolutione
807 989 984 1052 devenimus
1007 997 1090 1052 extra
1112 1006 1214 1051 veram
1238 1007 1306 1068 gur·
1398 970 1400 975 ’

130 1093 224 1169 gitem
238 1098 270 1152 et
284 1092 404 1156 alveum
418 1092 494 1164 Nili,
518 1109 650 1172 eumque
666 1086 868 1174 perdidimus,
885 1095 955 1173 quia
971 1108 1048 1173 aqua
1064 1092 1181 1156 turbida
1196 1093 1309 1172 pariter

129 1199 160 1256 et
183 1196 300 1257 turbata
323 1201 387 1256 erat
419 1202 450 1257 et
483 1197 565 1258 venti
597 1198 697 1275 magni
726 1202 756 1257 et
791 1213 867 1275 aqua
899 1197 1062 1269 instabilis,
1094 1212 1151 1256 nec
1182 1193 1308 1255 fundum
1385 1207 1388 1212 “

128 1296 233 1371 videre
256 1306 432 1378 poteramus
455 1305 486 1360 et
508 1301 551 1360 ita
574 1318 664 1380 supra
687 1318 774 1380 agros
798 1308 830 1361 et
852 1318 976 1380 campos
998 1301 1217 1378 navigavimus,
1241 1303 1305 1358 tan·

129 1401 200 1464 dem
223 1402 342 1482 longius
366 1401 495 1483 projecti
518 1405 549 1463 in
571 1410 695 1465 tenuem
718 1421 826 1482 aquam
850 1402 1027 1465 devenimus
1051 1410 1082 1464 et
1104 1405 1136 1463 in
1157 1404 1308 1463 incertum

128 1505 317 1577 ferebamur,
353 1523 511 1585 quousque
535 1507 566 1566 in
587 1506 783 1567 bithalassum
804 1507 977 1580 incidimus,
1010 1510 1193 1587 impegimus
1226 1508 1308 1566 enim

128 1615 159 1674 in
181 1630 341 1674 arenarum
363 1626 507 1691 aggeres,
531 1626 606 1690 quos
629 1627 691 1669 non
714 1608 842 1670 vidimus
858 1617 889 1672 et
905 1613 990 1676 navis
1006 1612 1079 1673 limo
1094 1611 1182 1696 infixa
1196 1611 1308 1671 mansit
1382 1600 1385 1606 ⁴

127 1716 306 1789 immobilis,
331 1718 467 1794 quamvis
491 1730 567 1794 aqua
590 1712 841 1776 mira-celeritate
865 1721 897 1776 et
918 1717 1109 1778 vehementia
1133 1719 1307 1776 moveretur

128 1825 234 1891 vento,
258 1821 350 1881 navis
365 1814 466 1881 tamen
489 1824 592 1879 nostra
615 1833 672 1878 nec
695 1816 862 1895 agitabatur
885 1817 1026 1882 fluetibus
1049 1838 1117 1881 eam
1141 1797 1305 1880 fortissime

128 1923 382 2002 percutientibus;
407 1920 465 2002 qua
480 1928 606 2002 propter
622 1927 731 1982 nautae
755 1923 849 1982 nostri
872 1940 907 1982 se
931 1922 1120 1991 denudantes
1143 1926 1173 1983 in
1196 1940 1306 2002 aquam

127 2026 351 2089 descenderunt
366 2035 397 2087 et
410 2027 505 2088 multo
530 2026 632 2087 labore
648 2040 756 2112 navem
772 2041 788 2084 a
802 2025 1080 2090 locor'emoverunt
1094 2032 1128 2086 et
1141 2028 1304 2105 reingressi

125 2133 237 2193 iterum
260 2131 456 2211 agitabamur
463 2131 535 2191 sine
567 2145 731 2210 progressu
763 2135 794 2189 et
825 2146 947 2190 rursum
976 2131 1007 2189 in
1039 2126 1130 2191 alium
1163 2146 1304 2209 aggerem

124 2233 285 2295 incidimus
308 2240 341 2293 et
362 2233 471 2294 lortius
493 2232 575 2295 infixi
598 2249 688 2310 quam
710 2233 793 2309 prius
816 2233 972 2342 stetimus?
997 2237 1105 2294 nautae
1122 2251 1196 2312 ergo
1209 2235 1305 2294 nostrl

127 2339 206 2399 siout
227 2339 312 2416 prius
335 2339 467 2398 maximo
490 2317 592 2397 labore
608 2333 794 2395 conabantur
809 2352 917 2396 navem
931 2354 1089 2398 removere
1105 2343 1136 2397 et
1157 2344 1305 2397 remotam

127 2440 288 2500 tentabant
304 2456 372 2499 eam
393 2441 424 2499 in
447 2456 553 2500 verum
576 2439 696 2500 alveum
719 2437 865 2500 reducere
889 2443 951 2501 et
942 2459 973 2501 m
996 2441 1081 2516 aquis
1103 2440 1184 2499 ibam
1206 2457 1304 2518 usque

128 2561 220 2624 super
250 2536 426 2605 umbilicum
455 2550 486 2604 et
518 2561 609 2623 saepe
641 2545 671 2603 in
696 2559 804 2621 aquam
826 2543 960 2604 totaliter
976 2541 1128 2603 cadebant
1150 2549 1181 2602 et
1202 2543 1233 2602 in
1256 2542 1304 2603 his

128 2665 220 2726 saepe
244 2647 337 2708 humo
360 2647 504 2708 haerebat
527 2649 690 2709 etiterum
725 2654 815 2726 atque
837 2649 948 2710 iterum
971 2647 1073 2710 evulsa
1097 2647 1303 2725 quassabatur

129 2749 264 2813 Tandem
286 2757 388 2812 autem
411 2768 536 2831 magnus
561 2759 591 2814 et
622 2754 812 2832 importunus
843 2749 956 2813 aillavit
983 2757 1104 2822 ventus,
1135 2767 1303 2828 navemque

127 2855 165 2918 de
199 2837 337 2916 manibus
371 2862 531 2917 nautarum
565 2857 663 2935 rapuit
696 2863 725 2916 et
759 2873 826 2916 eam
858 2855 962 2933 grandi
996 2857 1129 2934 impetu
1139 2855 1170 2915 in
1203 2853 1303 2913 locum
1392 2857 1403 2861 “

128 2960 324 3021 tenuissimae
348 2977 443 3038 aquae
466 2959 587 3037 injecit,
611 2961 661 3022 ubi
683 2967 747 3021 tam
767 2958 885 3020 fortiter
909 2960 972 3020 luto
996 2958 1083 3020 infixa
1106 2959 1198 3028 stetit,
1222 2955 1304 3034 quod

127 3079 248 3123 omnem
279 3078 366 3142 spem
395 3079 463 3123 eam
492 3064 632 3126 movendi
656 3065 810 3125 amisimus
834 3069 864 3123 et
887 3064 917 3122 in
939 3062 1075 3143 periculo
1099 3081 1159 3123 non
1181 3059 1302 3120 modico

125 3166 252 3239 luimus';
268 3214 270 3220 s
284 3183 354 3227 nam
383 3166 474 3228 simili
504 3165 678 3228 diffortunio
701 3164 821 3227 tradunt
842 3165 978 3227 Aeneam
1001 3170 1092 3229 vitam
1114 3165 1246 3225 finivisse
1269 3165 1300 3222 in

125 3269 225 3333 lluvio.
271 3269 375 3347 ‘Porro
411 3288 503 3332 naves
545 3269 694 3349 quaedam
724 3268 762 3330 de
794 3271 869 3331 mari
901 3270 1101 3332 ascendentes
1136 3267 1229 3349 (116
1256 3264 1299 3344 a)

125 3380 227 3435 contra
243 3390 298 3434 nos
314 3371 424 3433 eodem
439 3371 528 3434 dubio
542 3374 725 3451 terebantur,
748 3374 923 3434 nescientes
940 3371 1017 3433 alvei
1030 3368 1168 3443 tractum,
1191 3378 1300 3432 ventus

124 3483 226 3540 tamen
248 3477 313 3540 vela
337 3492 443 3537 corum
464 3478 609 3556 implebat
624 3483 655 3537 et
670 3474 827 3542 celerrime
843 3475 986 3547 ducebat,
1010 3478 1101 3536 etiam
1116 3474 1188 3536 dum
1203 3475 1300 3535 lutum

125 3584 303 3661 tangerent,
325 3580 480 3642 sulcabant
503 3587 539 3642 et·
556 3599 665 3660 aquam
687 3586 718 3639 et
741 3580 838 3641 lutum
861 3579 937 3642 duce
968 3586 1069 3642 vento.
1115 3577 1195 3639 Dum
1218 3579 1300 3638 enim

125 3685 272 3748 vidissent
295 3702 351 3745 nos
374 3684 438 3745 luto
461 3686 567 3747 infixos
591 3703 608 3746 a
631 3690 735 3745 nostro
758 3685 877 3744 tramite
893 3682 1127 3745 'declinaverunt
1148 3687 1179 3742 et
1193 3680 1299 3741 felices

127 3805 163 3851 ex
184 3792 289 3849 nostro
312 3788 450 3867 periculo
472 3789 543 3850 lacti
567 3789 803 3867 praeterierunt,
825 3789 860 3867 Asi
875 3803 877 3806 ·
892 3788 973 3847 enim
1005 3787 1037 3846 in
1068 3791 1169 3846 nostra
1193 3785 1301 3845 semita

126 3894 323 3965 mansissent,
347 3892 428 3954 infixi
450 3892 580 3954 luissent
603 3894 684 3952 sicut
706 3896 737 3952 et
759 3907 824 3952 nos.
869 3889 954 3952 Aliae
978 3883 1069 3950 etiam
1091 3905 1184 3950 naves
1208 3904 1298 3965 quae-

127 3994 196 4058 dam
218 3996 378 4076 speciebus
403 3997 572 4057 aromaticis
596 4002 737 4057 oneratae
760 3995 963 4073 sequebantur
985 4012 1041 4054 nos
1065 3999 1095 4053 et
1116 3995 1147 4053 in
1171 3990 1299 4051 candem

128 4096 348 4162 damnationem
371 4099 558 4162 devenerunt
592 4094 707 4160 stantes
730 4100 794 4160 luto
816 4099 922 4160 infixae
945 4104 977 4159 et
991 4098 1127 4161 maximis
1144 4096 1298 4157 conatibus

130 4202 241 4265 clitum
263 4204 455 4282 quaerebant.
502 4203 568 4266 Hoc
591 4210 691 4266 autem
714 4208 830 4267 tantum
851 4203 965 4265 bonum
988 4203 1067 4264 vitae
1090 4205 1211 4261 nostrae
1227 4198 1298 4259 sub·
