2874 4770
694 146 758 216 225

135 300 278 388 evocatus
301 318 489 383 ablaxentio
511 321 695 400 imperatore
724 320 928 384 transfretavit
955 325 1134 386 cumomni
1163 342 1219 387 sna
1241 327 1311 387 sub-

134 426 244 488 stantia
263 423 491 496 Alexandriam,
514 426 565 486 ubi
588 432 620 486 et
641 426 729 486 beata
753 426 913 487 Catharina
935 445 1024 506 passa
1047 436 1104 491 est.

220 529 294 591 Post
316 531 445 592 multum
474 532 620 610 temporis
644 529 752 591 Graeci
781 550 902 592 rursum
932 550 1036 612 regern
1066 537 1096 595 in
1118 533 1218 594 insula
1240 550 1312 594 con·
1374 613 1381 622 ἱ

135 635 315 707 stituerunt,
338 634 391 712 qui
413 651 518 711 reges,
551 635 631 694 siout
661 639 691 694 et
714 652 821 694 omnes
846 633 970 707 Graeci,
1000 655 1061 697 non
1080 635 1237 697 'modicum
1267 638 1312 696 in·

134 736 206 803 festi
227 736 342 800 Latinis
364 737 502 810 fuerunt;
540 718 662 816 quidam
696 743 798 798 autem
833 756 926 816 regno
957 738 1067 818 adepto
1102 739 1312 801 effoeminatns

136 840 269 904 Graecus
297 839 407 902 multas
436 840 637 920 turpitudines
670 842 851 920 operabatur
881 844 913 902 in
947 842 1094 902 foeminas
1127 845 1311 921 peregrinas,

135 948 187 1026 qni
209 945 394 1007 dominicum
416 944 609 1024 sepulchrum
632 947 663 1005 in
680 944 850 1006 Jerusalem
873 947 994 1007 visitare
1018 964 1054 1006 ex
1076 945 1236 1008 devotione
1258 956 1323 1008 vo·'

133 1049 251 1123 lebant,
274 1056 306 1111 et
328 1049 401 1111 dum
418 1048 456 1111 ad
478 1049 606 1111 insulam
625 1049 815 1128 appulerunt,
838 1053 902 1127 rapi
924 1050 997 1111 fecit
1019 1051 1048 1110 vi
1071 1049 1107 1109 ab
1131 1066 1168 1108 eo
1192 1048 1333 1110 desido-¹

133 1160 213 1216 ratas
243 1161 276 1216 et
307 1155 340 1214 in
361 1155 420 1215 boc
442 1171 500 1214 nec
523 1153 669 1214 nobilium
691 1153 807 1214 filiabus
829 1171 887 1214 neo
905 1154 1049 1241 'uxoribus
1073 1152 1239 1213 deferebat.
1270 1151 1312 1213 Ea

134 1261 217 1320 enirn
230 1263 413 1338 tempestate
430 1257 591 1318 multitudo
606 1274 714 1336 magna
728 1258 973 1335 peregrinabatur
988 1259 1019 1318 in
1034 1255 1203 1318 Jerusalem
1222 1261 1311 1334 quot-

132 1362 224 1435 tidie,
254 1365 325 1442 qnia
347 1381 475 1442 regnum
489 1360 805 1441 llierosolymitannm
833 1360 897 1439 jam
920 1361 957 1423 ad
980 1359 1103 1422 Latinos
1133 1359 1312 1420 translatum

131 1466 240 1529 fuerat.
274 1466 407 1545 Contigit
430 1472 547 1538 autem,
572 1464 654 1544 quod
677 1465 799 1526 domina
822 1464 933 1535 Osina,
957 1465 1100 1526 Richardi
1123 1465 1203 1541 regis
1227 1461 1311 1541 Ang-

132 1568 192 1636 liae
224 1587 326 1642 soror,
360 1571 514 1634 devotaria
544 1572 581 1633 ad
613 1572 745 1652 Cyprum
774 1574 892 1651 navigio
922 1571 1088 1633 declinaret
1116 1578 1147 1632 et
1174 1570 1244 1631 inde
1279 1571 1311 1630 in

132 1676 245 1734 terram
268 1680 404 1735 sanctam
427 1675 652 1748 transfretaret,
677 1694 765 1754 qnam
788 1675 911 1755 quidem
934 1694 986 1737 rex
1009 1676 1064 1737 snb
1088 1676 1191 1754 specie
1215 1674 1310 1734 hone·

131 1777 219 1837 statis
240 1779 375 1839 invitavit
397 1785 429 1839 et
450 1797 572 1840 ornnem
596 1779 662 1856 ejus
686 1782 859 1842 comitivnm
888 1786 920 1841 et
951 1782 1065 1860 optime
1089 1796 1124 1840 ac
1146 1775 1312 1839 honorifice

131 1884 322 1961 procuravit3
347 1900 416 1943 cnm
439 1890 541 1944 autem
563 1882 684 1944 domina
704 1883 862 1944 festinaret
885 1881 922 1943 ad
944 1881 1132 1954 Jerusalem,
1155 1883 1234 1942 siout
1256 1898 1310 1958 pe·

130 1985 245 2063 tegrini
266 2003 372 2047 ornnes
394 1986 508 2047 faciunt
535 1989 567 2047 in
599 1987 698 2065 Cypro
723 1988 902 2059 existentes,
926 1987 1023 2048 noluit
1045 2004 1113 2047 eam
1136 2004 1188 2047 rex
1211 1985 1310 2046 dimit·

131 2094 216 2162 tere,
247 2091 305 2151 nisi
326 2093 518 2169 promitteret
540 2108 573 2151 se
597 2108 787 2153 reversuram
810 2091 848 2153 ad
870 2109 950 2152 eum.
990 2091 1119 2152 Domina
1142 2107 1214 2168 ergo
1237 2086 1312 2148 nihil

130 2194 203 2255 mali
233 2196 385 2273 suspicata
414 2197 648 2274 promissionem
680 2196 753 2257 fecit
787 2202 819 2257 et
847 2196 883 2257 ad
912 2195 979 2258 loca
1014 2202 1118 2256 sancta
1150 2194 1310 2272 navigavit.

131 2296 247 2370 Quibus
279 2300 406 2362 visitatis
433 2301 471 2360 in
500 2301 631 2380 Cyprum
664 2299 702 2361 ad
734 2317 839 2378 regem
862 2300 992 2369 revenit,
1025 2315 1077 2358 rex
1108 2314 1181 2375 ergo
1212 2298 1311 2375 ipsam

131 2401 285 2480 accipiens
307 2404 337 2465 vi
353 2405 505 2483 oppressit
521 2410 552 2464 et
566 2404 705 2465 violatam
722 2403 802 2464 abire
818 2402 979 2481 permisit·
995 2400 1096 2473 Quae,
1119 2405 1153 2461 ut
1175 2400 1207 2459 in
1226 2396 1309 2475 Ang-

129 2503 323 2578 liam-venit,
346 2509 447 2566 omnia
469 2523 546 2585 qnae
570 2506 627 2566 sibi
651 2505 837 2578 acciderant,
860 2505 944 2565 fratri
962 2509 1130 2582 conquesta
1153 2506 1214 2574 est,
1238 2517 1310 2560 con·

131 2606 227 2671 'citans
249 2611 351 2690 ipsum
372 2611 569 2673 vehementer
591 2616 694 2671 contra
717 2614 936 2687 stupratorem,
954 2609 1045 2687 Cypri
1067 2624 1183 2684 regem.
1231 2603 1309 2664 Con·

130 2718 255 2793 gregata
276 2719 379 2775 autem
402 2715 500 2775 classe
524 2731 647 2791 inagna,
672 2720 825 2791 tamquam
847 2718 951 2774 contra
966 2710 1158 2781 Trossonios,
1175 2707 1309 2768 arabicas

130 2804 237 2896 gentes
259 2816 377 2895 Syriam
399 2818 607 2896 possidentes,
630 2817 839 2896 profecturus,
862 2822 1007 2877 armatam
1026 2812 1250 2875 multitudinem
1272 2809 1309 2871 ab

128 2916 245 2997 Anglia.
259 2936 315 2997 per
337 2937 420 2981 mare
446 2920 563 2993 eduxit,
589 2921 681 2982 etde
706 2920 858 2981 Catalonis
882 2937 917 2980 ao
939 2917 1048 2980 Siculis
1075 2918 1222 2997 plurimos
1245 2915 1308 2976 suis

129 3022 226 3100 copiis
249 3020 383 3099 adjunxit
412 3029 443 3084 et
471 3025 502 3084 in
528 3023 660 3103 Cyprum
691 3025 792 3096 irruit,
823 3023 1029 3084 miserabilem
1060 3024 1150 3082 nimis
1174 3028 1308 3098 stragem

128 3122 203 3189 feeit
224 3123 341 3202 sibique
363 3125 492 3186 insulam
514 3128 648 3189 totaliter
666 3129 801 3206 subegit,
834 3144 939 3205 regem
962 3132 993 3186 et
1016 3142 1121 3186 omnes
1144 3123 1211 3202 ejus
1235 3123 1308 3183 ami-

131 3242 186 3289 eos
220 3228 440 3290 exterminavit
495 3227 614 3293 lnterea
647 3232 823 3301 saladinus,
856 3228 985 3310 Aegypti
1019 3228 1183 3300 soldanus,
1221 3231 1308 3305 capta

128 3330 355 3411 Hierosolyma,
380 3334 551 3395 (luidonem
574 3353 677 3414 regem
700 3335 814 3414 expulit
836 3349 946 3410 regno,
970 3333 1020 3392 cui
1042 3329 1209 3392 bichardus
1225 3328 1307 3408 Ang-

128 3433 188 3497 liae
219 3453 272 3497 rex
295 3436 430 3515 Cyprum
459 3440 490 3499 in
524 3441 842 3518 recompensationem
872 3434 963 3497 dedit
1007 3433 1107 3512 Atque
1130 3432 1189 3493 hoo
1218 3431 1308 3493 modo

127 3538 245 3601 insulae
267 3548 393 3619 propter
415 3540 481 3619 ejus
506 3545 657 3622 antiquam
681 3543 756 3621 regii
779 3540 909 3601 nominis
929 3537 1107 3616 dignitatem
1128 3536 1213 3614 regni
1235 3538 1307 3597 titu-

127 3641 193 3706 lum
205 3643 306 3705 dedit.
338 3647 449 3725 Sioque
463 3648 574 3708 iterum
589 3662 717 3723 regnum
733 3660 802 3703 esse
818 3643 940 3721 ¹incepit
963 3656 1042 3700 anno
1065 3639 1187 3701 Domini
1214 3637 1308 3704 MCC.

128 3750 162 3808 et
184 3745 301 3808 duravit
323 3749 369 3808 sio
392 3750 477 3809 annis
500 3748 602 3809 multis
618 3747 673 3807 sub
689 3747 812 3807 nomine
829 3745 915 3822 regni
929 3742 1203 3822 Hierosolymitani,
1227 3740 1308 3821 quod
1414 3758 1417 3763 ’

127 3847 211 3909 illino
234 3849 275 3909 ibi
298 3851 475 3911 translatum
498 3850 563 3911 fuit.
589 3848 684 3931 (152
701 3845 745 3927 a)
775 3847 993 3926 Frequentibus
1016 3853 1118 3909 tamen
1139 3848 1307 3908 incommo-

128 3949 176 4014 dis
199 3952 431 4015 ettumultibus
453 3953 616 4015 vexabatur
647 3970 775 4032 regnum
803 3969 859 4030 per
887 3950 1070 4011 Sarracenos
1099 3949 1155 4010 sibi
1184 3949 1307 4027 propin·

128 4073 206 4136 quos
240 4064 272 4118 et
293 4074 348 4138 per
371 4055 501 4128 anooa,
535 4058 662 4118 maxime
693 4061 795 4118 autem
825 4073 881 4134 per
902 4052 1036 4117 Venetos
1066 4059 1097 4114 et
1120 4053 1307 4123 Genuenses,

129 4163 184 4242 qui
214 4161 295 4225 inter
325 4178 360 4226 ss
387 4160 544 4226 discordes
573 4165 671 4224 totum
693 4159 780 4239 quasi
809 4173 892 4222 mae
921 4164 954 4220 et
976 4155 1042 4236 ejus
1071 4155 1185 4218 insulas
1207 4154 1307 4218 turba·

1040 4275 1074 4328 15
