2874 4770
700 252 744 324 43

133 429 273 510 Aegypti.
318 432 355 492 Et
378 433 514 509 quamvis
536 431 592 490 hae
616 429 785 511 pyramides
808 431 869 490 sint
891 445 971 489 nunc
993 428 1084 506 longe
1109 445 1127 487 a
1148 423 1312 502 Babylonia

134 553 229 606 nova,
263 537 335 597 olim
356 543 458 596 tamen
482 541 547 595 erat
569 536 673 594 civitas
698 542 759 594 tam
781 553 906 614 magna,
939 531 1020 612 quod
1054 532 1090 591 ab
1114 530 1192 589 intra
1215 532 1311 597 erant,

135 639 214 697 sicut
244 637 451 699 demonstrant
482 641 586 700 ruinae
614 656 670 717 per
700 639 857 719 circuitum
886 638 966 698 iilius
994 635 1062 695 loci.
1107 632 1140 693 ln
1163 632 1220 691 hoc
1243 631 1311 690 loco

134 740 190 801 iuit
213 743 429 802 coemeterium
460 744 651 820 antiquorum
681 759 788 819 regum
810 740 954 820 Aegypti,
986 755 1078 816 super
1104 753 1232 814 quorum
1261 750 1310 793 se-

133 843 257 924 pulchra
288 845 442 924 erigebant
469 843 602 906 aedificia
632 844 880 922 quadrangularia
911 843 949 904 de
984 841 1122 920 quadris,
1162 841 1193 898 iu
1232 835 1311 915 pede

132 949 207 1017 lata,
241 954 273 1008 ct
294 950 324 1008 in
347 949 439 1009 altum
470 949 560 1009 ducta
589 967 644 1026 per
674 949 850 1008 continuum
879 946 1107 1007 decrementum
1137 940 1312 1012 latitudinis,

132 1053 189 1121 ita,
219 1050 301 1128 quod
330 1050 451 1112 culmen
480 1058 617 1112 remanet
652 1056 790 1121 acutum,
825 1053 904 1111 sicut
931 1055 1010 1110 tecta
1042 1048 1179 1108 turrium.
1235 1044 1312 1104 Sunt

133 1160 235 1215 autem
259 1154 336 1215 duae
360 1154 530 1234 pyramides
554 1154 641 1215 valde
657 1157 843 1226 eminentes,
867 1155 961 1214 mirae
976 1148 1189 1228 magnitudinis
1213 1155 1245 1207 et
1266 1146 1309 1208 la-

132 1256 280 1329 titudinis,
310 1260 388 1343 sicut
415 1264 547 1329 montes,
576 1260 636 1330 ita,
668 1258 748 1336 quod
771 1276 788 1318 a
810 1248 899 1335 longe
931 1257 1013 1318 visae
1044 1257 1189 1332 apparent
1211 1256 1310 1310 turres

132 1377 211 1420 esse.
256 1360 290 1421 in
312 1361 357 1420 his
380 1362 551 1422 invenimus
573 1361 708 1423 diversas
724 1363 839 1422 litteras
853 1367 887 1421 et
901 1360 1066 1439 scripturas
1081 1354 1167 1415 nobis
1184 1355 1310 1431 ignotas,

133 1466 162 1524 in
186 1484 246 1525 uno
269 1466 371 1525 tamen
393 1466 488 1526 latere
511 1465 566 1525 hos
591 1465 776 1543 subscriptos
799 1462 969 1529 inveunnus
991 1479 1111 1532 versus,
1142 1457 1310 1536 insculptos

132 1568 231 1628 latiuis
254 1569 361 1629 litteris
384 1574 416 1627 et
435 1570 597 1648 scriptura:

286 1717 348 1769 Vidi
366 1717 524 1787 Pyramides
543 1717 604 1770 sine
623 1724 665 1783 te,
685 1717 842 1771 dulcissime
861 1719 946 1770 frater
981 1755 1094 1770 .....
1118 1717 1152 1768 R.

289 1805 324 1855 Et
343 1803 408 1869 tibi,
428 1805 497 1873 quod
516 1804 607 1871 potui,
627 1804 754 1855 lacrimas
772 1803 817 1855 hic
835 1810 944 1856 moeste'
956 1804 1065 1869 profudi
1090 1842 1096 1854 .
1132 1804 1152 1854 1.

289 1890 324 1940 Et
342 1890 430 1942 nostri
448 1891 604 1942 memoriam
623 1891 710 1943 luctus
730 1891 800 1941 hanc
818 1892 912 1959 sculpo
931 1893 1067 1958 quereiam
1088 1930 1094 1942 .
1114 1891 1152 1944 M.

288 1973 332 2026 Sit
350 1991 448 2027 nomen
468 1976 565 2028 decimi
584 1963 711 2028 centaurii
730 1976 850 2045 pyramis
869 1977 925 2028 alte
955 2015 1093 2031 ......
1121 1979 1153 2029 Α.
1221 2046 1225 2048 ἡ

287 2060 428 2114 Pontifieis
447 2062 606 2130 comitisque
624 2063 677 2115 tuis
696 2069 812 2130 tyranne
823 2061 972 2130 ,amemphis
983 2100 1093 2116 .....
1125 2061 1154 2117 S.

289 2147 391 2200 Lustra
409 2166 456 2201 sex
475 2149 547 2201 inter
565 2148 690 2201 censoris
709 2148 830 2200 consulis
849 2163 911 2200 esse
925 2185 1092 2201 .......
1124 2146 1152 2200 S.

178 2299 182 2304 ’
217 2287 333 2349 Horum
348 2306 492 2352 versuum
509 2293 727 2369 expositionem
743 2296 774 2350 et
788 2289 977 2351 intellectum
993 2290 1115 2359 nescio,
1138 2289 1165 2347 si
1182 2287 1310 2351 habeam

131 2388 234 2449 audire
251 2390 286 2449 ab
303 2394 465 2451 exercitato
489 2391 702 2460 versificatore,
726 2393 814 2467 cupio
831 2393 1021 2450 sententiam.
1057 2387 1186 2449 Tantum
1209 2395 1326 2449 autem·

132 2507 188 2566 ego
213 2507 249 2549 ex
273 2493 317 2550 eis
339 2491 496 2570 intelligo,
522 2490 601 2571 quod
624 2491 698 2551 ialsa
721 2499 768 2551 est
791 2492 872 2553 rudis
896 2492 976 2569 tulgi
992 2493 1110 2569 opinio,
1133 2509 1211 2569 quae
1226 2490 1308 2564 dicit,

132 2592 185 2653 has
209 2593 380 2670 pyramides
404 2613 473 2656 esse
496 2597 632 2674 granaria
647 2593 787 2673 Josephi,
810 2596 846 2655 ab
871 2613 907 2655 eo
931 2595 968 2656 ad
991 2596 1048 2655 hoc
1071 2602 1251 2666 constructa,
1276 2601 1310 2656 ut

130 2696 171 2754 ihi
194 2695 379 2758 frumentum
401 2707 528 2778 poneret
561 2698 775 2759 reservandum
808 2698 845 2760 ad
869 2698 1036 2760 vitandos
1062 2696 1136 2778 (90
1152 2695 1195 2774 a)
1219 2698 1307 2758 steri·

129 2800 237 2872 litatis,
269 2803 347 2863 sicut
378 2804 505 2865 habetur
535 2805 661 2865 Genesis
685 2799 737 2865 41.
783 2803 937 2881 Denique,
972 2805 999 2863 si
1022 2804 1113 2862 etiam
1136 2819 1241 2863 versus
1264 2804 1308 2871 illi

129 2907 333 2977 continerent,
362 2909 403 2968 ihi
426 2909 521 2969 iuisse
544 2906 733 2968 reconditum
756 2907 956 2979 frumentum,
990 2914 1020 2968 et
1044 2907 1213 2986 pyramides
1237 2927 1330 2986 esse,

128 3007 236 3068 horrea
259 3011 407 3087 regionis,
432 3011 616 3072 delusoriam
639 3005 825 3090 Scripturam
849 3013 1024 3081 arbitrarer,
1050 3029 1118 3070 cum
1142 3011 1241 3073 nuilus
1265 3015 1305 3076 sit

64 3109 69 3119 '
127 3109 213 3170 locus
235 3112 265 3170 iu
289 3112 508 3191 pyramidibus,
540 3131 617 3195 quae
641 3132 699 3175 non
724 3114 759 3173 ab
782 3116 863 3174 intus
887 3120 1008 3199 cavatae
1033 3122 1119 3185 sunt,
1153 3115 1208 3176 sed
1231 3134 1305 3178 una·

129 3229 266 3290 quaeque
292 3221 338 3275 est
362 3217 477 3294 integra
501 3217 610 3289 moles,
635 3219 772 3277 maximis
789 3217 911 3295 quadris
928 3197 1061 3296 undique
1079 3225 1236 3297 compacta
1251 3237 1306 3298 per

128 3321 225 3376 toturn
248 3334 358 3397 corpus
381 3320 484 3391 molis,
508 3318 626 3390 demto,
651 3308 732 3397 quod
754 3322 785 3380 iu
808 3321 1028 3398 compositione
1052 3320 1234 3398 quadrorum
1257 3328 1305 3384 est

128 3416 488 3492 derelictumostiolum,
522 3422 577 3500 per
599 3423 680 3501 quod
703 3430 750 3484 est
772 3426 911 3483 introitus
935 3425 965 3483 in
989 3442 1098 3502 eorpus
1122 3426 1226 3497 molis,
1250 3411 1328 3487 sed

128 3521 164 3580 ab
186 3523 267 3582 intus
290 3543 349 3584 non
373 3533 428 3586 est·
442 3524 538 3602 majus
562 3526 709 3603 spatium,
732 3527 791 3585 nisi
814 3527 895 3604 quod
917 3527 1007 3588 homo
1025 3537 1125 3607 potest
1141 3529 1182 3589 ihi
1197 3530 1304 3591 stando

127 3628 291 3698 contineri,
322 3647 378 3688 nec
411 3637 458 3690 est
487 3628 586 3706 aliquo
620 3626 709 3686 modo
732 3629 773 3688 ibi
796 3630 926 3706 spatium
950 3648 1084 3692 annonae
1109 3641 1139 3694 et
1161 3634 1304 3694 frumeuti

128 3731 334 3791 conservandi.
380 3731 480 3804 Quare
503 3733 605 3791 aute-iu
629 3735 779 3810 peregrini
802 3736 959 3795 nominent
981 3737 1010 3794 in
1035 3737 1097 3795 suis
1120 3737 1230 3796 libellis
1249 3737 1302 3799 has

126 3832 297 3910 pyramides
320 3834 427 3894 horrea
450 3833 577 3912 ioseph,
602 3836 729 3894 aestimo
752 3836 829 3896 hanc
853 3854 921 3897 esse
944 3841 1106 3909 rationem,
1131 3842 1200 3917 quia
1215 3857 1301 3918 pyra-

126 3935 222 3996 mides
252 3937 317 3996 illas
341 3938 470 4015 alonge
500 3924 706 4016 conspiciunt,
737 3945 768 3998 et
798 3959 857 4000 uon
888 3941 1037 4002 ducuntur
1054 3941 1101 4002 ad
1136 3961 1202 4014 eas,
1234 3945 1304 4021 quia

126 4045 195 4098 sunt
219 4057 308 4116 supra
331 4025 525 4118 Babyloniam
549 4048 580 4101 et
602 4047 682 4101 trans
707 4041 822 4114 Niium;
856 4044 924 4104 ideo
948 4061 999 4105 eas
1023 4047 1118 4106 moles
1135 4054 1303 4122 cernentes

125 4148 230 4219 putant
253 4132 304 4202 eas
328 4161 397 4204 esse
421 4145 457 4204 ab
480 4146 560 4204 intus
584 4146 745 4222 spatiosas,
770 4145 850 4223 quod
872 4165 932 4207 non
957 4156 1011 4210 est.
1058 4151 1119 4210 Nos
1143 4157 1244 4212 autem
1264 4149 1303 4210 de

125 4246 248 4322 speciali
280 4249 411 4308 amicitia
433 4247 673 4312 Mamalucorum
705 4250 742 4312 de
766 4253 918 4332 Hungaria
944 4255 1055 4317 fuimus
1090 4261 1171 4314 trans
1200 4251 1304 4316 Nilum
