2902 4710
746 151 811 218 242

101 355 104 359 ·
189 329 329 391 dicebant
360 344 413 388 eos
448 343 518 386 esse
550 330 649 388 socios
685 322 858 407 geniorum,
884 327 1000 398 larum,
1031 308 1184 406 penatum.
1231 324 1309 402 Sunt
1336 332 1368 393 et

190 432 246 494 alia
268 432 396 511 plurima
420 429 510 509 Cypri
533 430 690 503 notabilia,
727 432 805 491 sicut
834 449 921 492 mons
945 438 1067 492 sanctae
1091 432 1209 502 crucis,
1243 428 1282 491 de
1306 448 1367 511 quo

125 617 127 622 Ι
188 536 220 598 Ρ.
243 534 266 598 Ι.
290 532 579 612 Ι11116611111111.
624 534 662 595 Et
683 541 799 596 tantum
822 533 859 596 de
884 535 975 615 Cypri
998 533 1214 616 descriptione.
1261 587 1265 595 ,

418 837 577 911 invectio
605 838 726 909 contra
755 833 861 926 Cypri
886 834 1130 925 provisionem.

275 1039 354 1102 Satis
375 1058 415 1101 ex
436 1015 689 1119 praecedentibus
720 1037 943 1117 patetimsulae
967 1036 1058 1117 Cypri
1080 1035 1214 1103 conditio
1245 1041 1277 1097 et
1292 1027 1366 1114 'eJus

187 1150 282 1211 status
306 1161 341 1204 ac
364 1139 555 1222 regimenio
578 1141 737 1204 mundanis
761 1148 792 1203 et
818 1127 1022 1203 saecularibus
1046 1138 1138 1202 etde
1154 1140 1220 1219 ejus
1236 1147 1368 1220 quatuor

187 1248 390 1309 dioecesibus.
421 1247 467 1307 De
490 1247 682 1322 dioecesanis
707 1252 807 1306 autem
830 1252 861 1306 et
876 1246 974 1318 clero,
997 1245 1135 1324 plebanis
1159 1245 1365 1322 et'religiosis,

186 1353 269 1430 loqui
292 1370 354 1412 non
377 1369 503 1430 possum
525 1351 584 1428 nisi
608 1368 677 1411 cum
688 1349 794 1411 cordis
810 1331 1035 1421 amaritudine,
1049 1357 1079 1410 ei
1103 1351 1129 1410 si
1144 1350 1228 1428 loqui
1243 1348 1365 1422 vellem,

83 1531 88 1542 ι
186 1469 245 1517 nou
269 1474 403 1535 possem,
426 1457 484 1515 nisi
506 1455 598 1517 velim
620 1473 654 1515 os
670 1457 703 1516 in
718 1442 837 1515 coelum
852 1471 992 1532 ponere·
1007 1452 1133 1522 Summe
1156 1451 1367 1517 necessarlum

187 1567 270 1621 esset
292 1578 347 1638 pro
364 1559 440 1620 lidei
464 1559 628 1620 catholicae
652 1558 811 1637 dignitate,
843 1557 945 1646 ,quod
958 1549 1002 1618 in
1016 1557 1127 1619 finibus
1146 1557 1367 1631 ultimisxcbri·

186 1667 301 1725 stiaoae
316 1663 485 1740 religionis,
509 1667 544 1721 ut
559 1660 754 1740 est‘Cyprus,
770 1667 956 1741 ponerentur
971 1663 1108 1741 episcopi
1123 1664 1240 1734 maturi,
1270 1661 1366 1745 fortes

187 1775 218 1828 et
240 1770 271 1828 in
296 1766 434 1826 ecclesiis
457 1767 520 1826 suis
543 1763 736 1825 residentiam
762 1764 925 1836 babentes,
961 1766 1012 1844 qui
1042 1766 1133 1846 verbo
1163 1773 1195 1826 et
1225 1765 1366 1845 exemplo

187 1890 248 1931 non
272 1870 370 1930 solum
393 1869 450 1929 sibi
473 1867 619 1940 subditos,
643 1868 696 1928 scd
720 1874 859 1945 graecos,
876 1884 1029 1941 armenos,
1053 1857 1243 1930 ‹et-caeteros
1267 1869 1366 1946 schis-

187 1975 313 2034 maticos
337 1990 372 2032 ac
395 1973 559 2032 orientales
582 1973 752 2051 haereticos
776 1971 812 2032 ad
836 1973 985 2034 ccclesiae
1004 1989 1145 2034 romanae
1169 1970 1367 2035 dilectionem

185 2078 366 2138 inclinarent
399 2059 654 2148 et‘Sarracenom
689 2074 804 2139 Turcos
827 2078 859 2136 in
881 2078 1124 2139 ammirationem
1144 2083 1302 2139 verterent
1326 2078 1365 2139 ob

185 2183 313 2259 insignia
352 2181 506 2260 virtutum.
563 2179 709 2240 Praefatis
741 2181 823 2240 enim
851 2185 1050 2243 monstruosis
1083 2183 1221 2260 gentibus
1248 2181 1367 2261 Cyprus

185 2285 318 2363 undique
338 2282 523 2369 circumdata
546 2291 606 2356 est,
626 2291 657 2345 et
679 2283 826 2362 quottidie
851 2270 905 2363 pro
929 2287 993 2346 suis
1017 2287 1146 2365 negotiis
1170 2284 1367 2365 per-insulae

185 2391 278 2450 totius
301 2389 368 2450 loca
391 2394 545 2467 vagantur.
591 2387 664 2454 Ideo
688 2391 784 2467 magis
814 2396 898 2450 essct
925 2390 967 2450 ibi
996 2391 1169 2451 necessaria
1197 2391 1366 2470 maturitas,

117 2501 119 2505 ·
186 2509 275 2572 quam
298 2493 412 2553 Romae
436 2493 594 2563 sanctitas,
629 2499 661 2564 et
681 2477 867 2554 tolerabilius
891 2500 938 2558 est
960 2493 1076 2557 Romae
1095 2488 1170 2557 ¹esse
1193 2511 1364 2566 excessum,

186 2616 276 2677 quam
297 2597 339 2657 ibi
362 2596 463 2683 videre
487 2586 599 2656 malum
623 2597 808 2675 exemplum,
1181 2590 1189 2595 ’

273 2701 409 2771 Scimus,
433 2698 516 2778 quod
538 2701 570 2759 in
592 2700 743 2777 primitiva
759 2701 897 2780 ecclesia,
911 2703 949 2764 ad
970 2700 1036 2763 loca
1060 2701 1182 2782 gentilia
1204 2701 1365 2764 mitteban-

185 2811 235 2866 tur
257 2803 439 2882 principales
462 2801 610 2880 Apostoli,
634 2801 715 2872 unde
738 2802 846 2866 Petrus
870 2813 900 2867 et
919 2806 1071 2867 lohannes
1094 2806 1217 2869 fuerunt
1236 2808 1367 2867 missia

186 2905 355 2967 Jerusalem
377 2908 408 2967 in
431 2906 614 2977 Samariam,
646 2905 749 2968 Actor.
773 2907 834 2968 vti.
868 2910 968 2971 -Nune
1000 2917 1102 2970 autem
1132 2912 1183 2989 qui
1206 2913 1367 2974 mittuntur

186 3009 224 3071 ad
246 3010 296 3070 illa
319 3017 453 3070 extrema
475 3009 558 3080 loca,
582 3018 615 3071 ut
637 3008 698 3070 sint
721 3012 871 3090 episcopi,
894 3014 1016 3076 videant
1031 3016 1090 3093 ipsi
1103 3015 1271 3088 mittentes,
1294 3029 1366 3077 uam

186 3113 293 3174 iratres
325 3113 363 3174 de
393 3112 546 3174 ordinibus
577 3110 832 3188 Mendicantium‚
868 3120 918 3195 qui
934 3103 1160 3196 ,paupertatem
1190 3116 1365 3203 -proiessam

84 3270 88 3279 .
185 3219 409 3290 abominantur,
427 3219 570 3295 castitate
588 3213 850 3291 nondiiiclumtur,
874 3220 1047 3283 obedientia
1062 3229 1243 3293 onerantur,
1266 3221 1365 3300 etqui

110 3364 126 3387 ..ι
186 3324 407 3384 observantiam
434 3339 506 3384 suae
528 3322 650 3400 regulae
663 3321 856 3385 detestantur
878 3331 908 3386 et
924 3325 1003 3386 ferre
1019 3327 1155 3388 habitum
1184 3302 1366 3404 despectum

186 3428 394 3489 monachalem
416 3425 672 3499 verecundantur,
705 3409 742 3488 ad
765 3428 815 3490 illa
838 3429 905 3490 loca
935 3430 1124 3491 destinantur
1157 3426 1293 3506 episcopi
1327 3423 1367 3486 ad

186 3549 291 3592 eorum
324 3531 511 3592 adulationes
543 3538 573 3590 et
596 3546 704 3609 preces
733 3540 763 3593 et
786 3534 978 3595 mendicatas
997 3535 1092 3615 (158
1116 3529 1159 3610 a)
1193 3532 1366 3610 principum

186 3640 217 3694 et
239 3635 384 3695 nobilium
414 3636 621 3714 promotiones
658 3642 689 3706 et
710 3621 938 3730 nonnumquam
962 3638 999 3699 ad
1022 3638 1120 3698 oblata
1143 3637 1245 3713 iniqua
1267 3641 1300 3695 et
1323 3635 1365 3695 si·

186 3741 323 3799 moniaca
346 3756 488 3810 munera,
521 3756 598 3816 quae
622 3741 680 3816 ipsi
711 3742 743 3800 in
771 3744 888 3803 ratione
918 3742 1182 3819 eleemosynarum
1213 3738 1366 3800 aCbristi

184 3842 322 3903 fidelibus
347 3848 529 3922 acceperunt
551 3845 616 3920 pias
640 3843 695 3903 scd
717 3844 807 3906 lalsas
829 3847 995 3925 allegantes
1012 3849 1127 3906 causas
1161 3843 1365 3904 Conversatus

185 3946 228 4008 lui
251 3947 288 4008 ad
311 3955 432 4025 tempus
455 3964 525 4005 cum
548 3947 692 4025 episcopo
718 3947 879 4026 Paphiensi
903 3953 934 4010 in
955 3948 1009 4012 tali
1033 3966 1120 4010 casu:
1144 3946 1274 4027 quadam
1296 3947 1365 4010 vice

184 4051 279 4110 tribus
303 4050 416 4111 diebus
433 4048 548 4110 detenti
571 4049 682 4111 luimus
697 4053 727 4112 in
744 4060 832 4134 portu
849 4054 1011 4116 Salimensi
1028 4052 1127 4133 Cypri,
1151 4058 1182 4112 et
1198 4050 1365 4122 dicebatur,

186 4154 267 4234 quod
289 4154 350 4216 duo
374 4154 509 4233 episcopi
533 4161 645 4230 essent
658 4160 776 4220 venturi
799 4165 830 4219 et
852 4159 1010 4221 nobiscum
1034 4139 1366 4244 navigaturirjtamdem
