<?xml version="1.0" encoding="UTF-8"?>
<!DOCTYPE html PUBLIC "-//W3C//DTD XHTML 1.0 Transitional//EN"
    "http://www.w3.org/TR/xhtml1/DTD/xhtml1-transitional.dtd">
<html xmlns="http://www.w3.org/1999/xhtml" xml:lang="en" lang="en">
 <head>
  <title>
</title>
<meta http-equiv="Content-Type" content="text/html;charset=utf-8" />
  <meta name='ocr-system' content='tesseract 3.04.00' />
  <meta name='ocr-capabilities' content='ocr_page ocr_carea ocr_par ocr_line ocrx_word'/>
</head>
<body>
  <div class='ocr_page' id='page_1' title='image "./fratrisfelicisf00fabrgoog_0229.png"; bbox 0 0 2874 4770; ppageno 0'>
   <div class='ocr_carea' id='block_1_1' title="bbox 742 131 808 202">
    <p class='ocr_par' dir='ltr' id='par_1_1' title="bbox 742 131 808 202">
     <span class='ocr_line' id='line_1_1' title="bbox 742 131 808 202; baseline 0 0"><span class='ocrx_word' id='word_1_1' title='bbox 742 131 808 202; x_wconf 76' lang='lat'><strong>226</strong></span> 
     </span>
    </p>
   </div>
   <div class='ocr_carea' id='block_1_2' title="bbox 106 304 1384 4219">
    <p class='ocr_par' dir='ltr' id='par_1_2' title="bbox 106 304 1384 3165">
     <span class='ocr_line' id='line_1_2' title="bbox 188 304 1373 390; baseline -0.008 -13"><span class='ocrx_word' id='word_1_2' title='bbox 188 314 275 390; x_wconf 78' lang='lat' dir='ltr'><strong>hant,</strong></span> <span class='ocrx_word' id='word_1_3' title='bbox 307 312 442 374; x_wconf 88' lang='lat' dir='ltr'><strong>undeet</strong></span> <span class='ocrx_word' id='word_1_4' title='bbox 466 310 563 388; x_wconf 91' lang='lat' dir='ltr'><strong>Tyrus</strong></span> <span class='ocrx_word' id='word_1_5' title='bbox 591 311 748 390; x_wconf 82' lang='lat' dir='ltr'><strong>insyria,</strong></span> <span class='ocrx_word' id='word_1_6' title='bbox 776 310 880 371; x_wconf 81' lang='lat' dir='ltr'><strong>civitas</strong></span> <span class='ocrx_word' id='word_1_7' title='bbox 913 304 1060 369; x_wconf 88' lang='lat' dir='ltr'><strong>ditissima</strong></span> <span class='ocrx_word' id='word_1_8' title='bbox 1090 312 1125 368; x_wconf 88' lang='lat' dir='ltr'><strong>et</strong></span> <span class='ocrx_word' id='word_1_9' title='bbox 1146 308 1373 386; x_wconf 77' lang='lat' dir='ltr'><strong>negotiatorum</strong></span> 
     </span>
     <span class='ocr_line' id='line_1_3' title="bbox 189 411 1372 495; baseline -0.008 -17"><span class='ocrx_word' id='word_1_10' title='bbox 189 423 301 488; x_wconf 86' lang='lat' dir='ltr'><strong>mater,</strong></span> <span class='ocrx_word' id='word_1_11' title='bbox 325 422 448 495; x_wconf 89' lang='lat' dir='ltr'><strong>propter</strong></span> <span class='ocrx_word' id='word_1_12' title='bbox 471 432 524 475; x_wconf 88' lang='lat' dir='ltr'><strong>ecs</strong></span> <span class='ocrx_word' id='word_1_13' title='bbox 548 415 757 476; x_wconf 86' lang='lat' dir='ltr'><strong>aSarracenis</strong></span> <span class='ocrx_word' id='word_1_14' title='bbox 780 411 934 474; x_wconf 90' lang='lat' dir='ltr'><strong>destructa</strong></span> <span class='ocrx_word' id='word_1_15' title='bbox 956 417 1012 472; x_wconf 89' lang='lat' dir='ltr'><strong>est.</strong></span> <span class='ocrx_word' id='word_1_16' title='bbox 1056 411 1101 473; x_wconf 78' lang='lat' dir='ltr'><strong>Eo</strong></span> <span class='ocrx_word' id='word_1_17' title='bbox 1125 413 1213 472; x_wconf 91' lang='lat' dir='ltr'><strong>enim</strong></span> <span class='ocrx_word' id='word_1_18' title='bbox 1236 417 1372 489; x_wconf 89' lang='lat' dir='ltr'><strong>ternpore</strong></span> 
     </span>
     <span class='ocr_line' id='line_1_4' title="bbox 190 515 1372 598; baseline -0.006 -17"><span class='ocrx_word' id='word_1_19' title='bbox 190 519 366 581; x_wconf 89' lang='lat' dir='ltr'><strong>Genueuses</strong></span> <span class='ocrx_word' id='word_1_20' title='bbox 389 538 449 580; x_wconf 90' lang='lat' dir='ltr'><strong>non</strong></span> <span class='ocrx_word' id='word_1_21' title='bbox 473 521 571 580; x_wconf 89' lang='lat' dir='ltr'><strong>minus</strong></span> <span class='ocrx_word' id='word_1_22' title='bbox 595 523 735 598; x_wconf 86' lang='lat' dir='ltr'><strong>potentes</strong></span> <span class='ocrx_word' id='word_1_23' title='bbox 759 523 844 577; x_wconf 90' lang='lat' dir='ltr'><strong>erant</strong></span> <span class='ocrx_word' id='word_1_24' title='bbox 866 524 947 577; x_wconf 89' lang='lat' dir='ltr'><strong>terra</strong></span> <span class='ocrx_word' id='word_1_25' title='bbox 970 522 1001 577; x_wconf 89' lang='lat' dir='ltr'><strong>et</strong></span> <span class='ocrx_word' id='word_1_26' title='bbox 1023 518 1119 588; x_wconf 87' lang='lat' dir='ltr'><strong>mari,</strong></span> <span class='ocrx_word' id='word_1_27' title='bbox 1144 532 1241 595; x_wconf 88' lang='lat' dir='ltr'><strong>quam</strong></span> <span class='ocrx_word' id='word_1_28' title='bbox 1256 515 1372 584; x_wconf 80' lang='lat' dir='ltr'><strong>veneti,</strong></span> 
     </span>
     <span class='ocr_line' id='line_1_5' title="bbox 190 616 1372 696; baseline -0.008 -11"><span class='ocrx_word' id='word_1_29' title='bbox 190 624 299 685; x_wconf 91' lang='lat' dir='ltr'><strong>multas</strong></span> <span class='ocrx_word' id='word_1_30' title='bbox 322 625 403 685; x_wconf 91' lang='lat' dir='ltr'><strong>enim</strong></span> <span class='ocrx_word' id='word_1_31' title='bbox 426 622 540 683; x_wconf 90' lang='lat' dir='ltr'><strong>insulas</strong></span> <span class='ocrx_word' id='word_1_32' title='bbox 569 622 600 681; x_wconf 91' lang='lat' dir='ltr'><strong>in</strong></span> <span class='ocrx_word' id='word_1_33' title='bbox 633 621 708 680; x_wconf 86' lang='lat' dir='ltr'><strong>mari</strong></span> <span class='ocrx_word' id='word_1_34' title='bbox 737 619 886 680; x_wconf 87' lang='lat' dir='ltr'><strong>habebant</strong></span> <span class='ocrx_word' id='word_1_35' title='bbox 920 625 951 680; x_wconf 90' lang='lat' dir='ltr'><strong>et</strong></span> <span class='ocrx_word' id='word_1_36' title='bbox 973 617 1119 680; x_wconf 79' lang='lat' dir='ltr'><strong>Graeciae</strong></span> <span class='ocrx_word' id='word_1_37' title='bbox 1145 617 1279 696; x_wconf 83' lang='lat' dir='ltr'><strong>grandes</strong></span> <span class='ocrx_word' id='word_1_38' title='bbox 1304 616 1372 678; x_wconf 84' lang='lat' dir='ltr'><strong>civi·</strong></span> 
     </span>
     <span class='ocr_line' id='line_1_6' title="bbox 190 720 1372 806; baseline -0.007 -18"><span class='ocrx_word' id='word_1_39' title='bbox 190 733 269 788; x_wconf 87' lang='lat' dir='ltr'><strong>tates</strong></span> <span class='ocrx_word' id='word_1_40' title='bbox 293 726 507 806; x_wconf 82' lang='lat' dir='ltr'><strong>possidebant,</strong></span> <span class='ocrx_word' id='word_1_41' title='bbox 530 726 635 802; x_wconf 91' lang='lat' dir='ltr'><strong>utique</strong></span> <span class='ocrx_word' id='word_1_42' title='bbox 658 720 792 783; x_wconf 90' lang='lat' dir='ltr'><strong>necdum</strong></span> <span class='ocrx_word' id='word_1_43' title='bbox 812 724 894 782; x_wconf 88' lang='lat' dir='ltr'><strong>enirn</strong></span> <span class='ocrx_word' id='word_1_44' title='bbox 917 722 1009 783; x_wconf 86' lang='lat' dir='ltr'><strong>Turci</strong></span> <span class='ocrx_word' id='word_1_45' title='bbox 1031 729 1150 784; x_wconf 92' lang='lat' dir='ltr'><strong>tantum</strong></span> <span class='ocrx_word' id='word_1_46' title='bbox 1172 722 1372 792; x_wconf 80' lang='lat' dir='ltr'><strong>invaluerant,</strong></span> 
     </span>
     <span class='ocr_line' id='line_1_7' title="bbox 190 816 1372 905; baseline -0.004 -14"><span class='ocrx_word' id='word_1_47' title='bbox 190 830 244 891; x_wconf 92' lang='lat' dir='ltr'><strong>sed</strong></span> <span class='ocrx_word' id='word_1_48' title='bbox 268 830 429 891; x_wconf 87' lang='lat' dir='ltr'><strong>Christiani</strong></span> <span class='ocrx_word' id='word_1_49' title='bbox 452 832 544 890; x_wconf 89' lang='lat' dir='ltr'><strong>etiam</strong></span> <span class='ocrx_word' id='word_1_50' title='bbox 572 827 672 889; x_wconf 88' lang='lat' dir='ltr'><strong>adhuc</strong></span> <span class='ocrx_word' id='word_1_51' title='bbox 702 825 740 887; x_wconf 85' lang='lat' dir='ltr'><strong>ad</strong></span> <span class='ocrx_word' id='word_1_52' title='bbox 769 824 853 886; x_wconf 91' lang='lat' dir='ltr'><strong>littus</strong></span> <span class='ocrx_word' id='word_1_53' title='bbox 876 827 960 905; x_wconf 90' lang='lat' dir='ltr'><strong>ponti</strong></span> <span class='ocrx_word' id='word_1_54' title='bbox 981 816 1086 887; x_wconf 81' lang='lat' dir='ltr'><strong>Euxini</strong></span> <span class='ocrx_word' id='word_1_55' title='bbox 1120 831 1153 886; x_wconf 90' lang='lat' dir='ltr'><strong>et</strong></span> <span class='ocrx_word' id='word_1_56' title='bbox 1177 823 1269 901; x_wconf 83' lang='lat' dir='ltr'><strong>juxta</strong></span> <span class='ocrx_word' id='word_1_57' title='bbox 1290 824 1372 904; x_wconf 92' lang='lat' dir='ltr'><strong>palu·</strong></span> 
     </span>
     <span class='ocr_line' id='line_1_8' title="bbox 191 927 1375 1001; baseline -0.003 -8"><span class='ocrx_word' id='word_1_58' title='bbox 191 932 261 994; x_wconf 90' lang='lat' dir='ltr'><strong>dem</strong></span> <span class='ocrx_word' id='word_1_59' title='bbox 285 931 450 994; x_wconf 88' lang='lat' dir='ltr'><strong>Moeotidis</strong></span> <span class='ocrx_word' id='word_1_60' title='bbox 473 933 610 993; x_wconf 83' lang='lat' dir='ltr'><strong>civitates</strong></span> <span class='ocrx_word' id='word_1_61' title='bbox 633 929 799 1001; x_wconf 88' lang='lat' dir='ltr'><strong>habebant,</strong></span> <span class='ocrx_word' id='word_1_62' title='bbox 823 927 878 989; x_wconf 88' lang='lat' dir='ltr'><strong>sub</strong></span> <span class='ocrx_word' id='word_1_63' title='bbox 901 929 1014 991; x_wconf 75' lang='lat' dir='ltr'><strong>ditione</strong></span> <span class='ocrx_word' id='word_1_64' title='bbox 1037 938 1140 992; x_wconf 83' lang='lat' dir='ltr'><strong>autem</strong></span> <span class='ocrx_word' id='word_1_65' title='bbox 1164 929 1375 991; x_wconf 88' lang='lat' dir='ltr'><strong>Genuensium</strong></span> 
     </span>
     <span class='ocr_line' id='line_1_9' title="bbox 192 1028 1373 1113; baseline -0.003 -16"><span class='ocrx_word' id='word_1_66' title='bbox 192 1044 243 1097; x_wconf 91' lang='lat' dir='ltr'><strong>aut</strong></span> <span class='ocrx_word' id='word_1_67' title='bbox 265 1036 462 1097; x_wconf 79' lang='lat' dir='ltr'><strong>Venetorum.</strong></span> <span class='ocrx_word' id='word_1_68' title='bbox 509 1034 609 1112; x_wconf 80' lang='lat' dir='ltr'><strong>Reges</strong></span> <span class='ocrx_word' id='word_1_69' title='bbox 632 1040 735 1093; x_wconf 87' lang='lat' dir='ltr'><strong>autem</strong></span> <span class='ocrx_word' id='word_1_70' title='bbox 755 1028 845 1113; x_wconf 83' lang='lat' dir='ltr'><strong>Cypri</strong></span> <span class='ocrx_word' id='word_1_71' title='bbox 868 1051 997 1096; x_wconf 88' lang='lat' dir='ltr'><strong>necesse</strong></span> <span class='ocrx_word' id='word_1_72' title='bbox 1019 1034 1186 1104; x_wconf 86' lang='lat' dir='ltr'><strong>habebant,</strong></span> <span class='ocrx_word' id='word_1_73' title='bbox 1212 1053 1284 1096; x_wconf 91' lang='lat' dir='ltr'><strong>cum</strong></span> <span class='ocrx_word' id='word_1_74' title='bbox 1307 1050 1373 1111; x_wconf 88' lang='lat' dir='ltr'><strong>reg-</strong></span> 
     </span>
     <span class='ocr_line' id='line_1_10' title="bbox 191 1136 1373 1215; baseline -0.004 -14"><span class='ocrx_word' id='word_1_75' title='bbox 191 1158 264 1201; x_wconf 91' lang='lat' dir='ltr'><strong>num</strong></span> <span class='ocrx_word' id='word_1_76' title='bbox 288 1157 392 1201; x_wconf 89' lang='lat' dir='ltr'><strong>eorum</strong></span> <span class='ocrx_word' id='word_1_77' title='bbox 415 1144 498 1199; x_wconf 92' lang='lat' dir='ltr'><strong>esset</strong></span> <span class='ocrx_word' id='word_1_78' title='bbox 520 1137 606 1215; x_wconf 89' lang='lat' dir='ltr'><strong>quasi</strong></span> <span class='ocrx_word' id='word_1_79' title='bbox 627 1137 659 1195; x_wconf 88' lang='lat' dir='ltr'><strong>in</strong></span> <span class='ocrx_word' id='word_1_80' title='bbox 682 1136 783 1197; x_wconf 92' lang='lat' dir='ltr'><strong>medio</strong></span> <span class='ocrx_word' id='word_1_81' title='bbox 807 1140 1023 1211; x_wconf 85' lang='lat' dir='ltr'><strong>constitutum,</strong></span> <span class='ocrx_word' id='word_1_82' title='bbox 1046 1144 1077 1197; x_wconf 92' lang='lat' dir='ltr'><strong>et</strong></span> <span class='ocrx_word' id='word_1_83' title='bbox 1099 1137 1237 1197; x_wconf 82' lang='lat' dir='ltr'><strong>Venetos</strong></span> <span class='ocrx_word' id='word_1_84' title='bbox 1262 1144 1292 1197; x_wconf 87' lang='lat' dir='ltr'><strong>et</strong></span> <span class='ocrx_word' id='word_1_85' title='bbox 1316 1137 1373 1196; x_wconf 86' lang='lat' dir='ltr'><strong>Ge-</strong></span> 
     </span>
     <span class='ocr_line' id='line_1_11' title="bbox 191 1238 1374 1318; baseline -0.003 -15"><span class='ocrx_word' id='word_1_86' title='bbox 191 1261 323 1305; x_wconf 90' lang='lat' dir='ltr'><strong>nuenses</strong></span> <span class='ocrx_word' id='word_1_87' title='bbox 347 1257 526 1303; x_wconf 84' lang='lat' dir='ltr'><strong>conservare</strong></span> <span class='ocrx_word' id='word_1_88' title='bbox 549 1240 678 1310; x_wconf 87' lang='lat' dir='ltr'><strong>amicos,</strong></span> <span class='ocrx_word' id='word_1_89' title='bbox 712 1241 763 1317; x_wconf 89' lang='lat' dir='ltr'><strong>qui</strong></span> <span class='ocrx_word' id='word_1_90' title='bbox 786 1246 887 1301; x_wconf 89' lang='lat' dir='ltr'><strong>tamen</strong></span> <span class='ocrx_word' id='word_1_91' title='bbox 910 1241 989 1300; x_wconf 84' lang='lat' dir='ltr'><strong>inter</strong></span> <span class='ocrx_word' id='word_1_92' title='bbox 1011 1258 1046 1301; x_wconf 90' lang='lat' dir='ltr'><strong>se</strong></span> <span class='ocrx_word' id='word_1_93' title='bbox 1068 1257 1192 1318; x_wconf 89' lang='lat' dir='ltr'><strong>semper</strong></span> <span class='ocrx_word' id='word_1_94' title='bbox 1216 1238 1374 1301; x_wconf 87' lang='lat' dir='ltr'><strong>discordes</strong></span> 
     </span>
     <span class='ocr_line' id='line_1_12' title="bbox 193 1341 1375 1423; baseline -0.004 -15"><span class='ocrx_word' id='word_1_95' title='bbox 193 1354 292 1417; x_wconf 88' lang='lat' dir='ltr'><strong>crant,</strong></span> <span class='ocrx_word' id='word_1_96' title='bbox 316 1345 395 1406; x_wconf 93' lang='lat' dir='ltr'><strong>unde</strong></span> <span class='ocrx_word' id='word_1_97' title='bbox 420 1341 607 1404; x_wconf 89' lang='lat' dir='ltr'><strong>consuetudo</strong></span> <span class='ocrx_word' id='word_1_98' title='bbox 631 1349 710 1414; x_wconf 88' lang='lat' dir='ltr'><strong>erat,</strong></span> <span class='ocrx_word' id='word_1_99' title='bbox 734 1349 767 1404; x_wconf 88' lang='lat' dir='ltr'><strong>ut</strong></span> <span class='ocrx_word' id='word_1_100' title='bbox 790 1345 880 1403; x_wconf 89' lang='lat' dir='ltr'><strong>certis</strong></span> <span class='ocrx_word' id='word_1_101' title='bbox 903 1345 974 1404; x_wconf 86' lang='lat' dir='ltr'><strong>anni</strong></span> <span class='ocrx_word' id='word_1_102' title='bbox 996 1345 1184 1423; x_wconf 79' lang='lat' dir='ltr'><strong>temporibus</strong></span> <span class='ocrx_word' id='word_1_103' title='bbox 1208 1362 1263 1404; x_wconf 80' lang='lat' dir='ltr'><strong>rer</strong></span> <span class='ocrx_word' id='word_1_104' title='bbox 1284 1343 1375 1422; x_wconf 81' lang='lat' dir='ltr'><strong>Cypri</strong></span> 
     </span>
     <span class='ocr_line' id='line_1_13' title="bbox 194 1444 1374 1524; baseline -0.004 -13"><span class='ocrx_word' id='word_1_105' title='bbox 194 1455 397 1511; x_wconf 89' lang='lat' dir='ltr'><strong>mercatorum</strong></span> <span class='ocrx_word' id='word_1_106' title='bbox 414 1447 601 1507; x_wconf 79' lang='lat' dir='ltr'><strong>Venetorum</strong></span> <span class='ocrx_word' id='word_1_107' title='bbox 628 1451 658 1506; x_wconf 94' lang='lat' dir='ltr'><strong>et</strong></span> <span class='ocrx_word' id='word_1_108' title='bbox 682 1446 889 1507; x_wconf 86' lang='lat' dir='ltr'><strong>Genuensium</strong></span> <span class='ocrx_word' id='word_1_109' title='bbox 908 1446 1029 1524; x_wconf 87' lang='lat' dir='ltr'><strong>judices</strong></span> <span class='ocrx_word' id='word_1_110' title='bbox 1054 1447 1146 1508; x_wconf 88' lang='lat' dir='ltr'><strong>simul</strong></span> <span class='ocrx_word' id='word_1_111' title='bbox 1169 1447 1315 1509; x_wconf 81' lang='lat' dir='ltr'><strong>invitaret</strong></span> <span class='ocrx_word' id='word_1_112' title='bbox 1338 1444 1374 1507; x_wconf 93' lang='lat' dir='ltr'><strong>ad</strong></span> 
     </span>
     <span class='ocr_line' id='line_1_14' title="bbox 195 1545 1375 1632; baseline -0.003 -18"><span class='ocrx_word' id='word_1_113' title='bbox 195 1553 415 1632; x_wconf 92' lang='lat' dir='ltr'><strong>capessendum</strong></span> <span class='ocrx_word' id='word_1_114' title='bbox 446 1554 608 1614; x_wconf 90' lang='lat' dir='ltr'><strong>amicitiam</strong></span> <span class='ocrx_word' id='word_1_115' title='bbox 636 1559 843 1630; x_wconf 86' lang='lat' dir='ltr'><strong>utrorumque.</strong></span> <span class='ocrx_word' id='word_1_116' title='bbox 889 1550 977 1612; x_wconf 81' lang='lat' dir='ltr'><strong>duno</strong></span> <span class='ocrx_word' id='word_1_117' title='bbox 1009 1558 1111 1612; x_wconf 92' lang='lat' dir='ltr'><strong>autem</strong></span> <span class='ocrx_word' id='word_1_118' title='bbox 1135 1550 1261 1611; x_wconf 87' lang='lat' dir='ltr'><strong>Domini</strong></span> <span class='ocrx_word' id='word_1_119' title='bbox 1292 1545 1375 1613; x_wconf 81' lang='lat'><strong>1369</strong></span> 
     </span>
     <span class='ocr_line' id='line_1_15' title="bbox 194 1654 1377 1735; baseline -0.003 -19"><span class='ocrx_word' id='word_1_120' title='bbox 194 1655 319 1728; x_wconf 89' lang='lat' dir='ltr'><strong>Petrus,</strong></span> <span class='ocrx_word' id='word_1_121' title='bbox 346 1675 399 1718; x_wconf 82' lang='lat' dir='ltr'><strong>rex</strong></span> <span class='ocrx_word' id='word_1_122' title='bbox 422 1657 526 1735; x_wconf 88' lang='lat' dir='ltr'><strong>Cypri,</strong></span> <span class='ocrx_word' id='word_1_123' title='bbox 560 1655 633 1717; x_wconf 89' lang='lat' dir='ltr'><strong>dum</strong></span> <span class='ocrx_word' id='word_1_124' title='bbox 653 1663 799 1734; x_wconf 89' lang='lat' dir='ltr'><strong>utrosque</strong></span> <span class='ocrx_word' id='word_1_125' title='bbox 823 1654 959 1716; x_wconf 88' lang='lat' dir='ltr'><strong>dominos</strong></span> <span class='ocrx_word' id='word_1_126' title='bbox 981 1655 1158 1726; x_wconf 90' lang='lat' dir='ltr'><strong>invitasset,</strong></span> <span class='ocrx_word' id='word_1_127' title='bbox 1183 1662 1251 1716; x_wconf 92' lang='lat' dir='ltr'><strong>orta</strong></span> <span class='ocrx_word' id='word_1_128' title='bbox 1275 1656 1377 1714; x_wconf 93' lang='lat' dir='ltr'><strong>estin</strong></span> 
     </span>
     <span class='ocr_line' id='line_1_16' title="bbox 196 1757 1377 1837; baseline -0.003 -15"><span class='ocrx_word' id='word_1_129' title='bbox 196 1764 331 1823; x_wconf 86' lang='lat' dir='ltr'><strong>convivio</strong></span> <span class='ocrx_word' id='word_1_130' title='bbox 351 1761 505 1820; x_wconf 89' lang='lat' dir='ltr'><strong>contentio</strong></span> <span class='ocrx_word' id='word_1_131' title='bbox 528 1761 608 1820; x_wconf 89' lang='lat' dir='ltr'><strong>inter</strong></span> <span class='ocrx_word' id='word_1_132' title='bbox 630 1777 684 1819; x_wconf 91' lang='lat' dir='ltr'><strong>cos</strong></span> <span class='ocrx_word' id='word_1_133' title='bbox 708 1757 745 1818; x_wconf 89' lang='lat' dir='ltr'><strong>de</strong></span> <span class='ocrx_word' id='word_1_134' title='bbox 769 1758 863 1836; x_wconf 90' lang='lat' dir='ltr'><strong>priori</strong></span> <span class='ocrx_word' id='word_1_135' title='bbox 885 1775 1050 1830; x_wconf 91' lang='lat' dir='ltr'><strong>consessu,</strong></span> <span class='ocrx_word' id='word_1_136' title='bbox 1073 1775 1204 1836; x_wconf 87' lang='lat' dir='ltr'><strong>cumque</strong></span> <span class='ocrx_word' id='word_1_137' title='bbox 1229 1775 1283 1819; x_wconf 84' lang='lat' dir='ltr'><strong>rer</strong></span> <span class='ocrx_word' id='word_1_138' title='bbox 1307 1775 1377 1837; x_wconf 90' lang='lat' dir='ltr'><strong>pro·</strong></span> 
     </span>
     <span class='ocr_line' id='line_1_17' title="bbox 195 1859 1378 1943; baseline -0.003 -18"><span class='ocrx_word' id='word_1_139' title='bbox 195 1865 319 1943; x_wconf 90' lang='lat' dir='ltr'><strong>pensior</strong></span> <span class='ocrx_word' id='word_1_140' title='bbox 340 1863 465 1923; x_wconf 79' lang='lat' dir='ltr'><strong>Venetis</strong></span> <span class='ocrx_word' id='word_1_141' title='bbox 484 1861 656 1932; x_wconf 80' lang='lat' dir='ltr'><strong>uideretur,</strong></span> <span class='ocrx_word' id='word_1_142' title='bbox 679 1860 825 1940; x_wconf 89' lang='lat' dir='ltr'><strong>indignati</strong></span> <span class='ocrx_word' id='word_1_143' title='bbox 849 1859 1028 1922; x_wconf 88' lang='lat' dir='ltr'><strong>Genuenses</strong></span> <span class='ocrx_word' id='word_1_144' title='bbox 1052 1863 1143 1922; x_wconf 90' lang='lat' dir='ltr'><strong>armis</strong></span> <span class='ocrx_word' id='word_1_145' title='bbox 1166 1879 1256 1922; x_wconf 91' lang='lat' dir='ltr'><strong>suam</strong></span> <span class='ocrx_word' id='word_1_146' title='bbox 1279 1860 1378 1940; x_wconf 92' lang='lat' dir='ltr'><strong>digni·</strong></span> 
     </span>
     <span class='ocr_line' id='line_1_18' title="bbox 106 1954 1378 2044; baseline -0.002 -17"><span class='ocrx_word' id='word_1_147' title='bbox 106 1954 110 1963; x_wconf 52' lang='lat'><strong><em>‘</em></strong></span> <span class='ocrx_word' id='word_1_148' title='bbox 194 1973 288 2027; x_wconf 89' lang='lat' dir='ltr'><strong>tatem</strong></span> <span class='ocrx_word' id='word_1_149' title='bbox 320 1982 500 2026; x_wconf 87' lang='lat' dir='ltr'><strong>conservare</strong></span> <span class='ocrx_word' id='word_1_150' title='bbox 534 1971 705 2026; x_wconf 88' lang='lat' dir='ltr'><strong>statuerunt</strong></span> <span class='ocrx_word' id='word_1_151' title='bbox 740 1970 771 2024; x_wconf 91' lang='lat' dir='ltr'><strong>et</strong></span> <span class='ocrx_word' id='word_1_152' title='bbox 802 1963 925 2025; x_wconf 89' lang='lat' dir='ltr'><strong>insidias</strong></span> <span class='ocrx_word' id='word_1_153' title='bbox 966 1966 999 2025; x_wconf 91' lang='lat' dir='ltr'><strong>in</strong></span> <span class='ocrx_word' id='word_1_154' title='bbox 1031 1965 1106 2025; x_wconf 91' lang='lat' dir='ltr'><strong>locis</strong></span> <span class='ocrx_word' id='word_1_155' title='bbox 1138 1967 1216 2044; x_wconf 89' lang='lat' dir='ltr'><strong>aptis</strong></span> <span class='ocrx_word' id='word_1_156' title='bbox 1250 1964 1378 2025; x_wconf 89' lang='lat' dir='ltr'><strong>Venetis</strong></span> 
     </span>
     <span class='ocr_line' id='line_1_19' title="bbox 195 2067 1378 2148; baseline 0.001 -20"><span class='ocrx_word' id='word_1_157' title='bbox 195 2075 384 2148; x_wconf 89' lang='lat' dir='ltr'><strong>paraverunt.</strong></span> <span class='ocrx_word' id='word_1_158' title='bbox 430 2067 497 2139; x_wconf 86' lang='lat' dir='ltr'><strong>Quo</strong></span> <span class='ocrx_word' id='word_1_159' title='bbox 521 2075 677 2147; x_wconf 90' lang='lat' dir='ltr'><strong>comperto</strong></span> <span class='ocrx_word' id='word_1_160' title='bbox 700 2086 806 2128; x_wconf 87' lang='lat' dir='ltr'><strong>omnes</strong></span> <span class='ocrx_word' id='word_1_161' title='bbox 831 2067 1008 2129; x_wconf 88' lang='lat' dir='ltr'><strong>Genueuses</strong></span> <span class='ocrx_word' id='word_1_162' title='bbox 1039 2068 1077 2129; x_wconf 91' lang='lat' dir='ltr'><strong>de</strong></span> <span class='ocrx_word' id='word_1_163' title='bbox 1100 2071 1194 2129; x_wconf 90' lang='lat' dir='ltr'><strong>muris</strong></span> <span class='ocrx_word' id='word_1_164' title='bbox 1223 2069 1378 2148; x_wconf 89' lang='lat' dir='ltr'><strong>praecipi·</strong></span> 
     </span>
     <span class='ocr_line' id='line_1_20' title="bbox 196 2169 1381 2250; baseline -0.001 -17"><span class='ocrx_word' id='word_1_165' title='bbox 196 2174 252 2233; x_wconf 88' lang='lat' dir='ltr'><strong>tari</strong></span> <span class='ocrx_word' id='word_1_166' title='bbox 272 2169 363 2248; x_wconf 91' lang='lat' dir='ltr'><strong>jussit</strong></span> <span class='ocrx_word' id='word_1_167' title='bbox 386 2173 415 2232; x_wconf 92' lang='lat' dir='ltr'><strong>in</strong></span> <span class='ocrx_word' id='word_1_168' title='bbox 439 2177 502 2232; x_wconf 82' lang='lat' dir='ltr'><strong>totu</strong></span> <span class='ocrx_word' id='word_1_169' title='bbox 524 2171 638 2243; x_wconf 89' lang='lat' dir='ltr'><strong>insula,</strong></span> <span class='ocrx_word' id='word_1_170' title='bbox 670 2174 823 2250; x_wconf 91' lang='lat' dir='ltr'><strong>quaesitos</strong></span> <span class='ocrx_word' id='word_1_171' title='bbox 857 2179 889 2232; x_wconf 85' lang='lat' dir='ltr'><strong>et</strong></span> <span class='ocrx_word' id='word_1_172' title='bbox 910 2173 1051 2234; x_wconf 82' lang='lat' dir='ltr'><strong>inventos</strong></span> <span class='ocrx_word' id='word_1_173' title='bbox 1075 2170 1255 2232; x_wconf 83' lang='lat' dir='ltr'><strong>Genuenses</strong></span> <span class='ocrx_word' id='word_1_174' title='bbox 1279 2170 1381 2232; x_wconf 91' lang='lat' dir='ltr'><strong>occidi</strong></span> 
     </span>
     <span class='ocr_line' id='line_1_21' title="bbox 192 2273 1378 2356; baseline -0.003 -18"><span class='ocrx_word' id='word_1_175' title='bbox 192 2276 294 2356; x_wconf 77' lang='lat' dir='ltr'><strong>jussit.</strong></span> <span class='ocrx_word' id='word_1_176' title='bbox 339 2277 405 2337; x_wconf 82' lang='lat' dir='ltr'><strong>Dux</strong></span> <span class='ocrx_word' id='word_1_177' title='bbox 428 2283 528 2336; x_wconf 89' lang='lat' dir='ltr'><strong>autern</strong></span> <span class='ocrx_word' id='word_1_178' title='bbox 551 2276 665 2354; x_wconf 88' lang='lat' dir='ltr'><strong>primus</strong></span> <span class='ocrx_word' id='word_1_179' title='bbox 682 2273 901 2346; x_wconf 83' lang='lat' dir='ltr'><strong>Geuuensium‚</strong></span> <span class='ocrx_word' id='word_1_180' title='bbox 925 2280 994 2356; x_wconf 85' lang='lat' dir='ltr'><strong>ante</strong></span> <span class='ocrx_word' id='word_1_181' title='bbox 1018 2292 1110 2353; x_wconf 88' lang='lat' dir='ltr'><strong>quem</strong></span> <span class='ocrx_word' id='word_1_182' title='bbox 1131 2274 1232 2336; x_wconf 87' lang='lat' dir='ltr'><strong>nullus</strong></span> <span class='ocrx_word' id='word_1_183' title='bbox 1256 2276 1298 2335; x_wconf 89' lang='lat' dir='ltr'><strong>ibi</strong></span> <span class='ocrx_word' id='word_1_184' title='bbox 1323 2274 1378 2336; x_wconf 95' lang='lat' dir='ltr'><strong>du·</strong></span> 
     </span>
     <span class='ocr_line' id='line_1_22' title="bbox 199 2360 1379 2457; baseline -0.003 -14"><span class='ocrx_word' id='word_1_185' title='bbox 199 2384 289 2452; x_wconf 82' lang='lat' dir='ltr'><strong>cavit,</strong></span> <span class='ocrx_word' id='word_1_186' title='bbox 321 2380 496 2441; x_wconf 89' lang='lat' dir='ltr'><strong>Dominicus</strong></span> <span class='ocrx_word' id='word_1_187' title='bbox 525 2377 639 2450; x_wconf 88' lang='lat' dir='ltr'><strong>dictus,</strong></span> <span class='ocrx_word' id='word_1_188' title='bbox 671 2377 729 2437; x_wconf 92' lang='lat' dir='ltr'><strong>hoc</strong></span> <span class='ocrx_word' id='word_1_189' title='bbox 759 2377 860 2439; x_wconf 93' lang='lat' dir='ltr'><strong>audito</strong></span> <span class='ocrx_word' id='word_1_190' title='bbox 893 2360 989 2447; x_wconf 83' lang='lat' dir='ltr'><strong>classe</strong></span> <span class='ocrx_word' id='word_1_191' title='bbox 1020 2381 1186 2440; x_wconf 89' lang='lat' dir='ltr'><strong>instaurata</strong></span> <span class='ocrx_word' id='word_1_192' title='bbox 1208 2379 1379 2457; x_wconf 88' lang='lat' dir='ltr'><strong>improvise</strong></span> 
     </span>
     <span class='ocr_line' id='line_1_23' title="bbox 197 2482 1379 2564; baseline -0.004 -17"><span class='ocrx_word' id='word_1_193' title='bbox 197 2487 371 2564; x_wconf 87' lang='lat' dir='ltr'><strong>supervenit</strong></span> <span class='ocrx_word' id='word_1_194' title='bbox 402 2490 432 2544; x_wconf 90' lang='lat' dir='ltr'><strong>et</strong></span> <span class='ocrx_word' id='word_1_195' title='bbox 462 2484 562 2543; x_wconf 90' lang='lat' dir='ltr'><strong>omnia</strong></span> <span class='ocrx_word' id='word_1_196' title='bbox 592 2482 716 2552; x_wconf 86' lang='lat' dir='ltr'><strong>evertit,</strong></span> <span class='ocrx_word' id='word_1_197' title='bbox 748 2499 853 2560; x_wconf 89' lang='lat' dir='ltr'><strong>regem</strong></span> <span class='ocrx_word' id='word_1_198' title='bbox 882 2499 954 2543; x_wconf 87' lang='lat' dir='ltr'><strong>vero</strong></span> <span class='ocrx_word' id='word_1_199' title='bbox 985 2488 1017 2543; x_wconf 90' lang='lat' dir='ltr'><strong>et</strong></span> <span class='ocrx_word' id='word_1_200' title='bbox 1049 2485 1185 2562; x_wconf 90' lang='lat' dir='ltr'><strong>reginam</strong></span> <span class='ocrx_word' id='word_1_201' title='bbox 1215 2498 1288 2542; x_wconf 90' lang='lat' dir='ltr'><strong>cum</strong></span> <span class='ocrx_word' id='word_1_202' title='bbox 1312 2483 1379 2544; x_wconf 87' lang='lat' dir='ltr'><strong>aliis</strong></span> 
     </span>
     <span class='ocr_line' id='line_1_24' title="bbox 197 2584 1380 2668; baseline -0.003 -19"><span class='ocrx_word' id='word_1_203' title='bbox 197 2589 299 2650; x_wconf 91' lang='lat' dir='ltr'><strong>multis</strong></span> <span class='ocrx_word' id='word_1_204' title='bbox 324 2590 457 2668; x_wconf 87' lang='lat' dir='ltr'><strong>captivos</strong></span> <span class='ocrx_word' id='word_1_205' title='bbox 481 2586 562 2648; x_wconf 80' lang='lat' dir='ltr'><strong>duxit</strong></span> <span class='ocrx_word' id='word_1_206' title='bbox 578 2584 714 2644; x_wconf 88' lang='lat' dir='ltr'><strong>Genuam</strong></span> <span class='ocrx_word' id='word_1_207' title='bbox 743 2591 774 2645; x_wconf 92' lang='lat' dir='ltr'><strong>et</strong></span> <span class='ocrx_word' id='word_1_208' title='bbox 799 2585 897 2665; x_wconf 91' lang='lat' dir='ltr'><strong>spolia</strong></span> <span class='ocrx_word' id='word_1_209' title='bbox 918 2587 1067 2663; x_wconf 87' lang='lat' dir='ltr'><strong>ingentia,</strong></span> <span class='ocrx_word' id='word_1_210' title='bbox 1092 2585 1271 2662; x_wconf 89' lang='lat' dir='ltr'><strong>insulaeque</strong></span> <span class='ocrx_word' id='word_1_211' title='bbox 1289 2602 1380 2664; x_wconf 88' lang='lat' dir='ltr'><strong>prae-</strong></span> 
     </span>
     <span class='ocr_line' id='line_1_25' title="bbox 198 2689 1381 2772; baseline -0.005 -16"><span class='ocrx_word' id='word_1_212' title='bbox 198 2694 270 2756; x_wconf 84' lang='lat' dir='ltr'><strong>fecit</strong></span> <span class='ocrx_word' id='word_1_213' title='bbox 293 2695 444 2772; x_wconf 88' lang='lat' dir='ltr'><strong>quendam</strong></span> <span class='ocrx_word' id='word_1_214' title='bbox 468 2693 670 2754; x_wconf 86' lang='lat' dir='ltr'><strong>Genuensem.</strong></span> <span class='ocrx_word' id='word_1_215' title='bbox 716 2689 831 2768; x_wconf 89' lang='lat' dir='ltr'><strong>Regina</strong></span> <span class='ocrx_word' id='word_1_216' title='bbox 860 2697 962 2751; x_wconf 89' lang='lat' dir='ltr'><strong>autem</strong></span> <span class='ocrx_word' id='word_1_217' title='bbox 993 2691 1024 2750; x_wconf 94' lang='lat' dir='ltr'><strong>in</strong></span> <span class='ocrx_word' id='word_1_218' title='bbox 1047 2692 1219 2769; x_wconf 81' lang='lat' dir='ltr'><strong>captivitate</strong></span> <span class='ocrx_word' id='word_1_219' title='bbox 1243 2693 1381 2751; x_wconf 84' lang='lat' dir='ltr'><strong>existens</strong></span> 
     </span>
     <span class='ocr_line' id='line_1_26' title="bbox 198 2792 1383 2874; baseline -0.003 -18"><span class='ocrx_word' id='word_1_220' title='bbox 198 2797 292 2856; x_wconf 82' lang='lat' dir='ltr'><strong>filium</strong></span> <span class='ocrx_word' id='word_1_221' title='bbox 315 2799 433 2871; x_wconf 87' lang='lat' dir='ltr'><strong>genuit,</strong></span> <span class='ocrx_word' id='word_1_222' title='bbox 458 2814 550 2874; x_wconf 91' lang='lat' dir='ltr'><strong>quem</strong></span> <span class='ocrx_word' id='word_1_223' title='bbox 572 2792 681 2855; x_wconf 77' lang='lat' dir='ltr'><strong>danum</strong></span> <span class='ocrx_word' id='word_1_224' title='bbox 702 2797 877 2857; x_wconf 86' lang='lat' dir='ltr'><strong>nominavit.</strong></span> <span class='ocrx_word' id='word_1_225' title='bbox 922 2795 999 2856; x_wconf 88' lang='lat' dir='ltr'><strong>Data</strong></span> <span class='ocrx_word' id='word_1_226' title='bbox 1021 2802 1124 2855; x_wconf 87' lang='lat' dir='ltr'><strong>autem</strong></span> <span class='ocrx_word' id='word_1_227' title='bbox 1146 2795 1210 2873; x_wconf 89' lang='lat' dir='ltr'><strong>regi</strong></span> <span class='ocrx_word' id='word_1_228' title='bbox 1236 2795 1326 2854; x_wconf 81' lang='lat' dir='ltr'><strong>venia</strong></span> <span class='ocrx_word' id='word_1_229' title='bbox 1350 2794 1383 2853; x_wconf 92' lang='lat' dir='ltr'><strong>in</strong></span> 
     </span>
     <span class='ocr_line' id='line_1_27' title="bbox 198 2897 1381 2975; baseline 0 -18"><span class='ocrx_word' id='word_1_230' title='bbox 198 2914 326 2973; x_wconf 88' lang='lat' dir='ltr'><strong>regnum</strong></span> <span class='ocrx_word' id='word_1_231' title='bbox 349 2915 417 2957; x_wconf 89' lang='lat' dir='ltr'><strong>cum</strong></span> <span class='ocrx_word' id='word_1_232' title='bbox 441 2915 532 2957; x_wconf 83' lang='lat' dir='ltr'><strong>uxore</strong></span> <span class='ocrx_word' id='word_1_233' title='bbox 557 2905 587 2958; x_wconf 92' lang='lat' dir='ltr'><strong>et</strong></span> <span class='ocrx_word' id='word_1_234' title='bbox 609 2898 670 2958; x_wconf 87' lang='lat' dir='ltr'><strong>filio</strong></span> <span class='ocrx_word' id='word_1_235' title='bbox 687 2900 832 2958; x_wconf 86' lang='lat' dir='ltr'><strong>remissus</strong></span> <span class='ocrx_word' id='word_1_236' title='bbox 851 2897 921 2969; x_wconf 83' lang='lat' dir='ltr'><strong>tuit,</strong></span> <span class='ocrx_word' id='word_1_237' title='bbox 945 2900 987 2959; x_wconf 89' lang='lat' dir='ltr'><strong>ita</strong></span> <span class='ocrx_word' id='word_1_238' title='bbox 1000 2904 1117 2970; x_wconf 88' lang='lat' dir='ltr'><strong>tamen,</strong></span> <span class='ocrx_word' id='word_1_239' title='bbox 1140 2905 1174 2960; x_wconf 91' lang='lat' dir='ltr'><strong>ut</strong></span> <span class='ocrx_word' id='word_1_240' title='bbox 1189 2898 1381 2975; x_wconf 85' lang='lat' dir='ltr'><strong>Famagusta,</strong></span> 
     </span>
     <span class='ocr_line' id='line_1_28' title="bbox 200 2999 1384 3080; baseline 0.002 -21"><span class='ocrx_word' id='word_1_241' title='bbox 200 3000 304 3060; x_wconf 91' lang='lat' dir='ltr'><strong>civitas</strong></span> <span class='ocrx_word' id='word_1_242' title='bbox 328 3001 412 3077; x_wconf 87' lang='lat' dir='ltr'><strong>regui</strong></span> <span class='ocrx_word' id='word_1_243' title='bbox 443 3002 571 3078; x_wconf 87' lang='lat' dir='ltr'><strong>optima,</strong></span> <span class='ocrx_word' id='word_1_244' title='bbox 597 2999 751 3062; x_wconf 90' lang='lat' dir='ltr'><strong>Genuensi</strong></span> <span class='ocrx_word' id='word_1_245' title='bbox 774 2999 886 3080; x_wconf 91' lang='lat' dir='ltr'><strong>populo</strong></span> <span class='ocrx_word' id='word_1_246' title='bbox 910 3006 993 3063; x_wconf 91' lang='lat' dir='ltr'><strong>esset</strong></span> <span class='ocrx_word' id='word_1_247' title='bbox 1015 3002 1137 3080; x_wconf 93' lang='lat' dir='ltr'><strong>propria</strong></span> <span class='ocrx_word' id='word_1_248' title='bbox 1167 3007 1200 3062; x_wconf 93' lang='lat' dir='ltr'><strong>et</strong></span> <span class='ocrx_word' id='word_1_249' title='bbox 1221 3000 1295 3062; x_wconf 87' lang='lat' dir='ltr'><strong>alias</strong></span> <span class='ocrx_word' id='word_1_250' title='bbox 1317 3005 1384 3061; x_wconf 83' lang='lat' dir='ltr'><strong>tota</strong></span> 
     </span>
     <span class='ocr_line' id='line_1_29' title="bbox 199 3102 482 3165; baseline 0 -2"><span class='ocrx_word' id='word_1_251' title='bbox 199 3102 296 3164; x_wconf 91' lang='lat' dir='ltr'><strong>insula</strong></span> <span class='ocrx_word' id='word_1_252' title='bbox 318 3104 482 3165; x_wconf 88' lang='lat' dir='ltr'><strong>tributaria.</strong></span> 
     </span>
    </p>

    <p class='ocr_par' dir='ltr' id='par_1_3' title="bbox 134 3204 1384 4219">
     <span class='ocr_line' id='line_1_30' title="bbox 285 3204 1381 3286; baseline 0.003 -21"><span class='ocrx_word' id='word_1_253' title='bbox 285 3204 357 3266; x_wconf 91' lang='lat' dir='ltr'><strong>Post</strong></span> <span class='ocrx_word' id='word_1_254' title='bbox 386 3207 466 3267; x_wconf 91' lang='lat' dir='ltr'><strong>hunc</strong></span> <span class='ocrx_word' id='word_1_255' title='bbox 488 3205 612 3267; x_wconf 90' lang='lat' dir='ltr'><strong>Petrum</strong></span> <span class='ocrx_word' id='word_1_256' title='bbox 638 3210 774 3285; x_wconf 87' lang='lat' dir='ltr'><strong>regnavit</strong></span> <span class='ocrx_word' id='word_1_257' title='bbox 795 3207 906 3282; x_wconf 85' lang='lat' dir='ltr'><strong>Janus,</strong></span> <span class='ocrx_word' id='word_1_258' title='bbox 936 3209 1016 3270; x_wconf 85' lang='lat' dir='ltr'><strong>iilius</strong></span> <span class='ocrx_word' id='word_1_259' title='bbox 1049 3206 1132 3286; x_wconf 91' lang='lat' dir='ltr'><strong>ejus,</strong></span> <span class='ocrx_word' id='word_1_260' title='bbox 1160 3225 1213 3268; x_wconf 84' lang='lat' dir='ltr'><strong>rex</strong></span> <span class='ocrx_word' id='word_1_261' title='bbox 1235 3207 1381 3285; x_wconf 88' lang='lat' dir='ltr'><strong>impiissi-</strong></span> 
     </span>
     <span class='ocr_line' id='line_1_31' title="bbox 200 3309 1381 3391; baseline 0.002 -23"><span class='ocrx_word' id='word_1_262' title='bbox 200 3325 282 3381; x_wconf 89' lang='lat' dir='ltr'><strong>mus,</strong></span> <span class='ocrx_word' id='word_1_263' title='bbox 307 3309 460 3370; x_wconf 91' lang='lat' dir='ltr'><strong>dissimilis</strong></span> <span class='ocrx_word' id='word_1_264' title='bbox 484 3309 559 3371; x_wconf 91' lang='lat' dir='ltr'><strong>Janc</strong></span> <span class='ocrx_word' id='word_1_265' title='bbox 583 3311 680 3388; x_wconf 89' lang='lat' dir='ltr'><strong>primo</strong></span> <span class='ocrx_word' id='word_1_266' title='bbox 705 3315 875 3391; x_wconf 91' lang='lat' dir='ltr'><strong>susceptori</strong></span> <span class='ocrx_word' id='word_1_267' title='bbox 898 3313 1034 3384; x_wconf 85' lang='lat' dir='ltr'><strong>Saturni,</strong></span> <span class='ocrx_word' id='word_1_268' title='bbox 1069 3312 1124 3372; x_wconf 92' lang='lat' dir='ltr'><strong>sub</strong></span> <span class='ocrx_word' id='word_1_269' title='bbox 1148 3328 1277 3389; x_wconf 89' lang='lat' dir='ltr'><strong>quorum</strong></span> <span class='ocrx_word' id='word_1_270' title='bbox 1300 3312 1381 3389; x_wconf 90' lang='lat' dir='ltr'><strong>regi·</strong></span> 
     </span>
     <span class='ocr_line' id='line_1_32' title="bbox 199 3407 1383 3496; baseline 0.006 -26"><span class='ocrx_word' id='word_1_271' title='bbox 199 3413 281 3472; x_wconf 93' lang='lat' dir='ltr'><strong>mine</strong></span> <span class='ocrx_word' id='word_1_272' title='bbox 305 3431 395 3475; x_wconf 90' lang='lat' dir='ltr'><strong>aurea</strong></span> <span class='ocrx_word' id='word_1_273' title='bbox 418 3407 502 3474; x_wconf 89' lang='lat' dir='ltr'><strong>erant</strong></span> <span class='ocrx_word' id='word_1_274' title='bbox 525 3414 655 3475; x_wconf 91' lang='lat' dir='ltr'><strong>saecula.</strong></span> <span class='ocrx_word' id='word_1_275' title='bbox 687 3415 743 3476; x_wconf 90' lang='lat' dir='ltr'><strong>Hic</strong></span> <span class='ocrx_word' id='word_1_276' title='bbox 766 3418 878 3478; x_wconf 92' lang='lat' dir='ltr'><strong>iterum</strong></span> <span class='ocrx_word' id='word_1_277' title='bbox 900 3417 1030 3479; x_wconf 86' lang='lat' dir='ltr'><strong>nefanda</strong></span> <span class='ocrx_word' id='word_1_278' title='bbox 1051 3435 1144 3496; x_wconf 90' lang='lat' dir='ltr'><strong>opera</strong></span> <span class='ocrx_word' id='word_1_279' title='bbox 1166 3417 1267 3493; x_wconf 83' lang='lat' dir='ltr'><strong>egisse</strong></span> <span class='ocrx_word' id='word_1_280' title='bbox 1283 3415 1383 3477; x_wconf 89' lang='lat' dir='ltr'><strong>iertur</strong></span> 
     </span>
     <span class='ocr_line' id='line_1_33' title="bbox 200 3515 1384 3597; baseline 0.005 -23"><span class='ocrx_word' id='word_1_281' title='bbox 200 3515 310 3577; x_wconf 90' lang='lat' dir='ltr'><strong>scelus.</strong></span> <span class='ocrx_word' id='word_1_282' title='bbox 364 3519 472 3579; x_wconf 88' lang='lat' dir='ltr'><strong>Filium</strong></span> <span class='ocrx_word' id='word_1_283' title='bbox 505 3518 605 3580; x_wconf 87' lang='lat' dir='ltr'><strong>iratris</strong></span> <span class='ocrx_word' id='word_1_284' title='bbox 638 3519 759 3592; x_wconf 87' lang='lat' dir='ltr'><strong>habuit,</strong></span> <span class='ocrx_word' id='word_1_285' title='bbox 800 3521 1029 3583; x_wconf 87' lang='lat' dir='ltr'><strong>adolescentem</strong></span> <span class='ocrx_word' id='word_1_286' title='bbox 1065 3524 1248 3591; x_wconf 88' lang='lat' dir='ltr'><strong>virtuosum,</strong></span> <span class='ocrx_word' id='word_1_287' title='bbox 1287 3536 1384 3597; x_wconf 88' lang='lat' dir='ltr'><strong>quem</strong></span> 
     </span>
     <span class='ocr_line' id='line_1_34' title="bbox 199 3621 1383 3700; baseline 0.003 -21"><span class='ocrx_word' id='word_1_288' title='bbox 199 3621 299 3679; x_wconf 88' lang='lat' dir='ltr'><strong>timuit</strong></span> <span class='ocrx_word' id='word_1_289' title='bbox 321 3623 350 3680; x_wconf 91' lang='lat' dir='ltr'><strong>in</strong></span> <span class='ocrx_word' id='word_1_290' title='bbox 374 3641 479 3700; x_wconf 85' lang='lat' dir='ltr'><strong>regem</strong></span> <span class='ocrx_word' id='word_1_291' title='bbox 502 3623 673 3693; x_wconf 84' lang='lat' dir='ltr'><strong>sublimari,</strong></span> <span class='ocrx_word' id='word_1_292' title='bbox 703 3625 783 3686; x_wconf 90' lang='lat' dir='ltr'><strong>unde</strong></span> <span class='ocrx_word' id='word_1_293' title='bbox 807 3627 922 3687; x_wconf 89' lang='lat' dir='ltr'><strong>vicinos</strong></span> <span class='ocrx_word' id='word_1_294' title='bbox 945 3626 1085 3686; x_wconf 85' lang='lat' dir='ltr'><strong>arborum</strong></span> <span class='ocrx_word' id='word_1_295' title='bbox 1109 3641 1207 3684; x_wconf 87' lang='lat' dir='ltr'><strong>ramos</strong></span> <span class='ocrx_word' id='word_1_296' title='bbox 1231 3623 1278 3682; x_wconf 90' lang='lat' dir='ltr'><strong>sui</strong></span> <span class='ocrx_word' id='word_1_297' title='bbox 1300 3621 1383 3683; x_wconf 87' lang='lat' dir='ltr'><strong>horti</strong></span> 
     </span>
     <span class='ocr_line' id='line_1_35' title="bbox 134 3723 1381 3808; baseline 0.002 -25"><span class='ocrx_word' id='word_1_298' title='bbox 134 3805 137 3808; x_wconf 7' lang='grc' dir='ltr'><strong><em>ἦ</em></strong></span> <span class='ocrx_word' id='word_1_299' title='bbox 201 3729 305 3783; x_wconf 92' lang='lat' dir='ltr'><strong>contra</strong></span> <span class='ocrx_word' id='word_1_300' title='bbox 337 3740 371 3782; x_wconf 94' lang='lat' dir='ltr'><strong>se</strong></span> <span class='ocrx_word' id='word_1_301' title='bbox 401 3726 531 3786; x_wconf 89' lang='lat' dir='ltr'><strong>invicem</strong></span> <span class='ocrx_word' id='word_1_302' title='bbox 560 3723 691 3795; x_wconf 86' lang='lat' dir='ltr'><strong>inflexit,</strong></span> <span class='ocrx_word' id='word_1_303' title='bbox 725 3729 914 3807; x_wconf 83' lang='lat' dir='ltr'><strong>singulisque</strong></span> <span class='ocrx_word' id='word_1_304' title='bbox 948 3728 1044 3807; x_wconf 86' lang='lat' dir='ltr'><strong>pedes</strong></span> <span class='ocrx_word' id='word_1_305' title='bbox 1074 3727 1276 3788; x_wconf 86' lang='lat' dir='ltr'><strong>adolescentis</strong></span> <span class='ocrx_word' id='word_1_306' title='bbox 1304 3726 1381 3786; x_wconf 94' lang='lat' dir='ltr'><strong>obli·</strong></span> 
     </span>
     <span class='ocr_line' id='line_1_36' title="bbox 201 3825 1382 3911; baseline 0.003 -27"><span class='ocrx_word' id='word_1_307' title='bbox 201 3842 289 3902; x_wconf 88' lang='lat' dir='ltr'><strong>gans,</strong></span> <span class='ocrx_word' id='word_1_308' title='bbox 313 3825 439 3887; x_wconf 85' lang='lat' dir='ltr'><strong>relaxari</strong></span> <span class='ocrx_word' id='word_1_309' title='bbox 472 3846 571 3889; x_wconf 89' lang='lat' dir='ltr'><strong>ramos</strong></span> <span class='ocrx_word' id='word_1_310' title='bbox 590 3826 697 3904; x_wconf 90' lang='lat' dir='ltr'><strong>jussit,</strong></span> <span class='ocrx_word' id='word_1_311' title='bbox 733 3834 784 3908; x_wconf 89' lang='lat' dir='ltr'><strong>qui</strong></span> <span class='ocrx_word' id='word_1_312' title='bbox 818 3850 887 3891; x_wconf 91' lang='lat' dir='ltr'><strong>curn</strong></span> <span class='ocrx_word' id='word_1_313' title='bbox 911 3834 1026 3911; x_wconf 91' lang='lat' dir='ltr'><strong>impetu</strong></span> <span class='ocrx_word' id='word_1_314' title='bbox 1060 3829 1187 3892; x_wconf 88' lang='lat' dir='ltr'><strong>naturali</strong></span> <span class='ocrx_word' id='word_1_315' title='bbox 1220 3828 1257 3889; x_wconf 93' lang='lat' dir='ltr'><strong>ad</strong></span> <span class='ocrx_word' id='word_1_316' title='bbox 1288 3829 1382 3888; x_wconf 90' lang='lat' dir='ltr'><strong>situm</strong></span> 
     </span>
     <span class='ocr_line' id='line_1_37' title="bbox 201 3929 1380 4013; baseline 0.003 -25"><span class='ocrx_word' id='word_1_317' title='bbox 201 3947 291 3990; x_wconf 91' lang='lat' dir='ltr'><strong>suum</strong></span> <span class='ocrx_word' id='word_1_318' title='bbox 323 3929 486 3992; x_wconf 89' lang='lat' dir='ltr'><strong>redeuutes</strong></span> <span class='ocrx_word' id='word_1_319' title='bbox 519 3948 647 4011; x_wconf 86' lang='lat' dir='ltr'><strong>puerum</strong></span> <span class='ocrx_word' id='word_1_320' title='bbox 683 3931 838 3994; x_wconf 84' lang='lat' dir='ltr'><strong>infelicem</strong></span> <span class='ocrx_word' id='word_1_321' title='bbox 868 3933 1095 4013; x_wconf 86' lang='lat' dir='ltr'><strong>discerpserunt</strong></span> <span class='ocrx_word' id='word_1_322' title='bbox 1135 3933 1239 3993; x_wconf 91' lang='lat' dir='ltr'><strong>scissis</strong></span> <span class='ocrx_word' id='word_1_323' title='bbox 1277 3933 1380 3995; x_wconf 81' lang='lat' dir='ltr'><strong>visce-</strong></span> 
     </span>
     <span class='ocr_line' id='line_1_38' title="bbox 201 4032 1381 4115; baseline 0.003 -23"><span class='ocrx_word' id='word_1_324' title='bbox 201 4034 293 4093; x_wconf 89' lang='lat' dir='ltr'><strong>ribus.</strong></span> <span class='ocrx_word' id='word_1_325' title='bbox 339 4032 402 4093; x_wconf 91' lang='lat' dir='ltr'><strong>Sed</strong></span> <span class='ocrx_word' id='word_1_326' title='bbox 430 4051 488 4094; x_wconf 91' lang='lat' dir='ltr'><strong>nec</strong></span> <span class='ocrx_word' id='word_1_327' title='bbox 515 4035 582 4111; x_wconf 91' lang='lat' dir='ltr'><strong>ipse</strong></span> <span class='ocrx_word' id='word_1_328' title='bbox 610 4037 753 4095; x_wconf 86' lang='lat' dir='ltr'><strong>cruentus</strong></span> <span class='ocrx_word' id='word_1_329' title='bbox 783 4038 907 4114; x_wconf 91' lang='lat' dir='ltr'><strong>impune</strong></span> <span class='ocrx_word' id='word_1_330' title='bbox 938 4040 1048 4109; x_wconf 83' lang='lat' dir='ltr'><strong>evasit,</strong></span> <span class='ocrx_word' id='word_1_331' title='bbox 1082 4055 1151 4099; x_wconf 90' lang='lat' dir='ltr'><strong>nam</strong></span> <span class='ocrx_word' id='word_1_332' title='bbox 1179 4034 1269 4115; x_wconf 92' lang='lat' dir='ltr'><strong>paulo</strong></span> <span class='ocrx_word' id='word_1_333' title='bbox 1300 4041 1381 4113; x_wconf 82' lang='lat' dir='ltr'><strong>post,</strong></span> 
     </span>
     <span class='ocr_line' id='line_1_39' title="bbox 202 4132 1382 4219; baseline 0.003 -23"><span class='ocrx_word' id='word_1_334' title='bbox 202 4153 281 4198; x_wconf 90' lang='lat' dir='ltr'><strong>anno</strong></span> <span class='ocrx_word' id='word_1_335' title='bbox 305 4132 402 4212; x_wconf 67' lang='lat'><strong>1423,</strong></span> <span class='ocrx_word' id='word_1_336' title='bbox 421 4135 572 4213; x_wconf 87' lang='lat' dir='ltr'><strong>Soldanus</strong></span> <span class='ocrx_word' id='word_1_337' title='bbox 587 4134 734 4216; x_wconf 82' lang='lat' dir='ltr'><strong>Aegypti,</strong></span> <span class='ocrx_word' id='word_1_338' title='bbox 753 4135 934 4211; x_wconf 84' lang='lat' dir='ltr'><strong>Melcheila,</strong></span> <span class='ocrx_word' id='word_1_339' title='bbox 956 4137 1173 4204; x_wconf 80' lang='lat' dir='ltr'><strong>validissimam</strong></span> <span class='ocrx_word' id='word_1_340' title='bbox 1194 4140 1226 4201; x_wconf 90' lang='lat' dir='ltr'><strong>iu</strong></span> <span class='ocrx_word' id='word_1_341' title='bbox 1247 4137 1382 4219; x_wconf 86' lang='lat' dir='ltr'><strong>Cyprum</strong></span> 
     </span>
    </p>
   </div>
   <div class='ocr_carea' id='block_1_3' title="bbox 0 0 1454 4770">
    <p class='ocr_par' dir='ltr' id='par_1_4' title="bbox 0 0 1454 4770">
     <span class='ocr_line' id='line_1_40' title="bbox 0 0 1454 4770; baseline 0 0"><span class='ocrx_word' id='word_1_342' title='bbox 0 0 1454 4770; x_wconf 95' lang='lat' dir='ltr'><strong> </strong></span> 
     </span>
    </p>
   </div>
  </div>
 </body>
</html>
