2874 4770
689 178 754 250 2³5

126 371 203 418 eece
231 361 333 418 autem
354 355 465 417 statim
494 361 527 417 ut
559 355 678 435 aperui,
714 361 880 436 erupcmut
910 362 1014 419 contra
1035 374 1086 421 me
1118 355 1251 419 inunitae
1274 359 1305 418 ct

126 456 292 521 iracundae
326 475 419 538 apes,
453 459 702 520 circumvolantes
738 467 769 520 et
800 459 1026 538 bombyluntes,
1066 468 1098 524 et
1139 461 1306 523 continenti

125 561 205 624 cella
226 562 415 641 replebatur,
445 561 593 641 aquibus
617 561 655 622 de
678 562 754 623 cella
777 563 869 641 effugi
892 580 963 624 cum
985 580 1092 642 magna
1120 563 1304 634 difficultate,

126 670 161 727 et
181 665 427 743 insequebantur·
447 682 496 725 me
528 684 587 744 per
608 672 706 727 totum
728 665 955 738 dormitorium,
978 673 1044 727 erat
1066 668 1146 727 euim
1169 666 1304 728 ioramcn

127 752 254 848 parrum
277 785 336 846 per
357 784 476 828 murum
499 767 537 829 de
559 770 649 831 borlo
669 771 701 831 iu
724 788 864 850 capsam,
901 788 958 849 per
988 769 1069 847 quod
1092 765 1147 850 (b)
1171 770 1304 830 intrave-

125 877 195 933 rant
221 877 254 932 et
276 868 388 950 pande
410 887 537 934 eramen
569 872 720 944 fecerant,
750 873 841 934 babet
869 877 950 936 enirn
974 878 1141 935 conventus
1164 873 1215 933 ille
1237 873 1303 951 pul-

126 972 296 1036 cherrimos
329 974 433 1037 hortos
462 975 493 1036 iu
526 975 637 1036 ambitu
677 981 708 1037 et
739 983 820 1037 retro
851 983 883 1038 et
914 984 961 1038 est
998 976 1123 1036 omnino
1153 977 1304 1053 pretiosus

125 1077 223 1138 locus.
278 1075 342 1138 Sed
370 1077 476 1156 quales
494 1079 566 1144 xsiut
595 1079 703 1140 iratres
741 1085 772 1140 et
804 1082 908 1159 quanti
941 1085 971 1140 et
1007 1096 1098 1158 quam
1129 1078 1226 1140 aelosi
1249 1095 1303 1156 pro

127 1181 260 1260 regulari
291 1182 353 1244 vita
386 1186 417 1242 et
448 1198 537 1259 quam
568 1179 668 1251 docti,-
698 1199 789 1260 quam
813 1182 973 1261 diligentes
1003 1185 1035 1243 iu
1059 1182 1166 1244 divinis
1189 1179 1303 1251 oficiis,

127 1303 220 1364 quam
241 1284 407 1364 hospitales
431 1284 669 1356 etrobaritativi‚
693 1303 732 1346 ue
756 1284 829 1346 dum
850 1287 970 1356 nescio,
1001 1285 1057 1347 sed
1081 1301 1216 1363 eaquae
1240 1284 1303 1351 scio

126 1389 260 1449 scribere
284 1391 443 1450 erubesco.
489 1387 553 1449 Nec
587 1395 635 1448 est
658 1389 786 1459 mirum,
819 1390 845 1448 si
875 1406 967 1466 parva
995 1389 1035 1449 sit
1056 1387 1162 1465 religio
1191 1385 1304 1446 inillis

126 1490 204 1551 locis
227 1492 459 1563 remotissimis,
483 1507 561 1570 quae
584 1491 757 1569 apraelatis
773 1507 936 1569 numquam
951 1491 1124 1560 visitantur,
1148 1495 1178 1550 et
1196 1488 1304 1550 iratres

126 1612 184 1675 pro
206 1595 382 1656 excessibus
412 1613 472 1656 uon
502 1597 708 1674 corriguntur,
739 1602 770 1656 et
792 1596 872 1655 malo
895 1593 1034 1672 exemplo
1058 1610 1236 1671 graecorum
1259 1604 1305 1651 sa·

127 1695 287 1759 cerdotum
309 1704 557 1777 cormmpuntur,
582 1717 651 1759 cum
675 1705 776 1760 tamen
799 1698 889 1760 modo
907 1698 1057 1758 contrario
1080 1696 1145 1758 fieri
1169 1694 1303 1757 deberet.

126 1801 205 1863 Nam
226 1801 434 1864 mendicantes
465 1802 503 1863 ad
532 1802 582 1863 illa
605 1803 672 1864 loca
706 1809 776 1864 suut
799 1804 901 1874 missi,
929 1807 963 1863 ut
996 1801 1088 1863 verbo
1112 1807 1144 1861 et
1167 1798 1305 1878 exemplo

126 1904 262 1967 Graecos
286 1905 479 1968 aedificarent
493 1911 524 1967 et
548 1923 601 1967 eos
624 1907 654 1966 iu
679 1922 820 1968 romanae
851 1906 1001 1968 ecclesiae
1024 1904 1226 1967 obedientiam
1250 1903 1304 1965 du·

126 2016 248 2072 carent,
289 2009 405 2072 Omnes
421 2011 529 2072 iratres
552 2010 633 2072 illius
656 2018 824 2073 conventus
846 2017 917 2074 suut
939 2009 1069 2081 barbati,
1093 2011 1171 2070 sicut
1194 2009 1304 2088 graeci,

126 2120 161 2175 ct
181 2112 292 2175 babent
306 2120 535 2193 procuratorem
560 2114 763 2188 saecularem,
787 2117 838 2195 qni
865 2116 988 2178 cuilibet
1003 2114 1183 2177 iratri'omui
1198 2131 1305 2176 meuse

127 2216 181 2279 dat
203 2223 274 2279 octo
296 2217 468 2289 marcellos,
491 2216 531 2278 de
554 2218 662 2297 quibus
685 2219 743 2279 sibi
766 2219 892 2296 quilibet
913 2225 1057 2297 procurat
1071 2219 1130 2279 hoc
1146 2218 1227 2296 quod
1241 2218 1304 2296 pla·

129 2328 195 2393 cet,
229 2321 301 2382 alias
325 2323 455 2399 provisio
490 2328 654 2383 conventus
689 2327 736 2381 est
764 2320 854 2382 nulla.
899 2321 1018 2382 Fratres
1050 2323 1140 2382 etiam
1170 2318 1305 2381 Minores

129 2422 290 2503 pulchrum
318 2425 350 2484 iu
378 2441 416 2484 ea
447 2425 568 2486 civitate
590 2424 701 2486 babent
728 2431 920 2485 conventum.
967 2423 1028 2485 Sed
1051 2430 1082 2486 et
1104 2423 1210 2485 iratres
1232 2423 1305 2482 Eve-

128 2529 273 2595 mitamm
295 2527 399 2588 Sancti
420 2525 580 2605 Augustini
608 2530 639 2588 in
670 2529 767 2589 hortis
791 2527 1025 2591 canamellorum
1049 2532 1230 2603 conventum
1253 2524 1305 2584 ha·

122 2616 214 2704 bem,
244 2637 276 2693 et
296 2632 327 2692 iu
350 2631 481 2693 ecclesia
504 2648 614 2691 eorum·
633 2631 669 2692 ad
691 2632 770 2693 latus
793 2633 948 2692 sinistrum
979 2637 1026 2692 est
1048 2631 1175 2692 solenne
1199 2635 1229 2689 et
1252 2627 1305 2689 de·

125 2741 263 2798 auratum
293 2730 500 2815 sepulchrum,
533 2737 563 2795 iu
593 2754 653 2814 quo
686 2754 795 2814 corpus
827 2737 934 2797 nobilis
959 2735 1115 2814 cujusdam
1144 2731 1305 2794 Teutonici

126 2841 309 2918 requiescit,
331 2841 455 2900 nomine
479 2837 630 2899 lohannes
654 2837 691 2899 de
712 2837 872 2912 Montiort,
896 2858 988 2919 quem
1012 2840 1102 2920 Cypri
1125 2837 1227 2899 colunt
1251 2852 1305 2916 pru
1371 2883 1379 2896 .

128 2949 256 3015 saneto,
279 2948 311 3003 et
333 2924 485 3021 peregrini
508 2943 608 3021 ipsum
629 2944 751 3005 visitant
773 2949 805 3004 et
823 2944 994 3022 implorant.
1025 2942 1180 3020 lutegrum
1203 2946 1306 3001 autem

122 3045 208 3125 jacet
238 3044 279 3107 ibi
301 3063 429 3126 corpus,
461 3044 616 3107 tabefactis
640 3047 796 3119 carnibus,
821 3049 920 3111 nervis
944 3054 975 3109 et
1005 3054 1089 3118 cute,
1121 3047 1152 3106 in
1173 3063 1235 3106 uuo
1260 3051 1304 3105 ta·

125 3167 197 3212 meu
220 3149 342 3211 brachio
365 3149 483 3212 videtur
512 3167 547 3209 os
576 3149 721 3211 nudatum
743 3151 823 3230 pelle
847 3157 878 3212 et
901 3169 1005 3223 carue,
1036 3151 1122 3229 quasi
1145 3148 1304 3209 morsellus

127 3251 268 3317 dentibus
292 3258 376 3314 esset
398 3269 414 3313 a
438 3269 565 3330 corpore
589 3254 724 3326 avulsus,
748 3255 831 3333 quod
847 3257 892 3317 sic
912 3255 1059 3317 accidisse
1083 3253 1202 3314 dicitur.
1234 3252 1305 3312 Erat

126 3358 277 3440 quaedam
309 3360 417 3421 nobilis
445 3360 577 3425 foemina
599 3361 629 3419 in
651 3356 845 3431 Alemannis,
880 3360 953 3421 dicti
975 3356 1119 3418 lobannis
1143 3354 1180 3416 de
1203 3352 1304 3416 Mont-

126 3462 189 3525 iort
211 3465 455 3542 consanguinem
485 3463 561 3524 haec
594 3479 664 3522 cum
686 3461 754 3522 loca
775 3468 881 3522 sancta
902 3462 1120 3540 Hierosolymis
1142 3461 1304 3530 visitasset,

125 3567 159 3627 iu
174 3564 308 3644 cyprum
333 3567 483 3644 navigavit
519 3572 552 3627 et
572 3564 610 3627 ad
624 3564 778 3624 Nicosiam
800 3566 883 3626 veuit
899 3566 992 3645 gratia
1008 3562 1147 3626 visitandi
1163 3562 1303 3641 sepulch-

127 3684 196 3731 rurn
212 3670 319 3747 ,amici
356 3670 420 3741 sui,
449 3670 530 3731 beati
552 3667 713 3738 lobannis,
745 3669 795 3728 cui
823 3685 893 3729 cum
922 3667 1139 3748 patefecissent
1160 3665 1303 3746 sepulch-

125 3790 211 3845 rum,
241 3778 273 3833 et
295 3771 446 3834 cancellos
480 3771 683 3840 amovisseut,
714 3770 872 3832 reclinavit
904 3790 938 3833 se
970 3787 1205 3849 super-corpus
1228 3766 1304 3845 ejus,

128 3874 283 3956 applicans
317 3893 353 3936 ns
377 3872 413 3935 ad
433 3872 592 3953 scapulas,
623 3879 779 3951 tamquam
801 3893 854 3937 eos
878 3874 1076 3957 deoscularet
1099 3881 1131 3937 et
1163 3872 1304 3953 longiori-

127 3978 185 4041 bns
207 3978 321 4039 osculis
344 3977 576 4048 demulciretnr,
608 3975 726 4038 occulte
762 3985 863 4041 autem
886 3979 1026 4041 dentibus
1058 3980 1122 4040 suis
1143 3979 1174 4038 iu
1197 3992 1303 4037 carues

128 4083 267 4161 corporis
290 4080 424 4144 defundi
447 4098 582 4143 morsum
603 4081 772 4158 impressit,
805 4084 938 4146 evellens
961 4085 1090 4163 petiam,
1113 4098 1205 4160 quam
1227 4080 1305 4141 clam

126 4187 160 4248 in
182 4188 285 4249 sinum
305 4185 462 4251 abscondit
483 4203 588 4248 secum
611 4191 732 4264 portare
753 4186 860 4250 volens
882 4205 938 4268 pro
956 4186 1094 4264 reliquiis
1118 4185 1150 4245 in
1165 4184 1302 4261 petriam.
