2874 4770
695 179 755 250 tot

139 360 190 422 ubi
213 360 271 421 cibi
294 365 480 438 coquuntur,
513 361 754 440 appropinquare
785 357 893 429 audet,
923 375 980 419 uec
1012 363 1059 419 est
1080 359 1180 438 aliqua
1204 358 1312 422 Orien

139 464 207 525 talis
230 465 354 535 mulier,
387 482 464 543 quae
488 480 592 542 parare
622 464 699 522 sciet
727 443 832 530 ollam,
865 468 931 522 aut
945 461 1066 524 infantis
1095 463 1232 525 babbam.
1279 464 1312 526 Si

138 582 210 642 ergo
233 568 265 625 iu
297 566 435 627 domibus
466 567 563 627 fierint
597 573 753 634 cocturae,
786 565 852 624 sine
880 565 1055 627 mulieribus
1090 568 1219 646 coquina
1250 586 1312 629 uon

137 674 242 746 posset
265 687 343 729 esse.
389 668 491 730 Tertia
515 689 606 731 causa
629 675 675 729 est
698 669 848 745 lignorum
871 666 1024 739 delectus,
1048 671 1117 746 quia
1140 668 1311 732 Orientales

137 772 276 847 regiones
300 771 368 831 illae
394 781 497 832 carent
520 774 602 834 silvis
626 779 656 832 et
678 774 766 850 lignis
790 778 821 830 et
851 771 930 850 ligna
960 770 1000 829 ibi
1030 770 1105 831 libra
1135 780 1310 835 mensurata

135 872 307 934 venduntur
330 890 408 932 care.
456 875 488 934 Si
513 893 584 954 ergo
600 876 680 937 cairi
696 878 725 935 in
741 859 879 936 domibus
896 874 1021 951 singulis
1037 873 1144 935 fierent
1160 883 1310 950 cocturae,

136 978 214 1037 sicut
246 976 325 1055 apud
356 996 427 1049 nos,
462 980 561 1039 omnia
591 979 672 1057 ligna
704 977 836 1038 Orientis
871 995 930 1037 uon
966 976 1138 1037 sufficereut
1171 997 1226 1061 pro
1260 980 1311 1041 illa

136 1081 199 1141 sola
223 1076 351 1142 civitate.

221 1183 347 1263 Insuper
370 1187 483 1264 absque
498 1186 557 1246 illis
573 1185 783 1246 communibus
801 1186 906 1262 coquis
917 1191 993 1256 ¹sunt
1008 1185 1057 1245 alii
1073 1186 1162 1262 coqui
1178 1186 1310 1245 minores

135 1295 164 1348 et
180 1305 345 1367 pauperes,
369 1287 507 1349 domibus
524 1295 555 1349 et
571 1290 708 1367 coquinis
725 1275 879 1359 carentes;
905 1288 935 1348 hi
960 1289 1072 1350 habent
1097 1288 1239 1360 ferulam,
1263 1290 1309 1349 iu·

134 1397 339 1452 strumentum
367 1391 545 1468 qtradratum
579 1392 710 1452 lerreum
741 1393 776 1452 ab
810 1393 890 1476 latus
928 1391 999 1451 limo
1023 1390 1208 1467 obductum,
1239 1391 1310 1451 huie

134 1499 280 1557 carbones
303 1499 459 1575 imponunt
484 1504 514 1557 et
543 1494 652 1557 ollulos
681 1502 835 1573 apponunt
866 1500 897 1554 et
928 1494 1105 1564 craticulas,
1138 1495 1168 1553 iu
1202 1494 1309 1581 quibus

133 1618 239 1660 carnes
263 1600 373 1662 elixant
396 1606 424 1660 et
449 1608 565 1671 assant,
596 1606 779 1675 sumantque
810 1597 937 1657 ferulam
970 1599 1011 1657 ita
1035 1602 1184 1676 paratam,
1217 1615 1310 1676 super

135 1705 230 1779 capita
253 1687 425 1781 portantes,
450 1709 607 1763 transeunt
629 1719 684 1780 per
706 1703 789 1762 vicos
812 1707 843 1760 et
865 1701 995 1761 clamore
1019 1700 1211 1772 denuntiant,
1237 1699 1309 1778 quid

134 1813 267 1884 coquunt
290 1814 320 1867 et
343 1824 379 1866 au
403 1806 529 1867 habeant
554 1823 675 1876 earnes,
708 1823 745 1864 an
768 1803 943 1883 pisciculos,
968 1805 1018 1865 aut
1040 1803 1199 1865 lacticinia.
1246 1802 1307 1864 llo-

133 1912 228 1969 mines
253 1917 353 1969 autem
377 1911 406 1969 in
431 1908 568 1971 domibus
592 1909 748 1970 audientes
773 1927 828 1987 per
861 1909 1009 1968 fenestras
1040 1909 1207 1986 respiciunt
1230 1913 1261 1967 et
1282 1909 1308 1966 si

133 2021 255 2073 coctura
277 2013 377 2090 placet
400 2021 513 2074 emunt.
558 2012 657 2073 Alieni
680 2013 771 2071 etiam
793 2011 930 2074 homines
960 2020 992 2072 et
1022 2031 1171 2091 pauperes
1202 2013 1307 2094 paucis

131 2119 263 2178 contenti
297 2119 328 2177 in
358 2120 425 2179 vico
457 2119 640 2179 conveniunt
668 2133 736 2176 cum
770 2117 870 2191 eiset
892 2116 929 2181 ad
953 2117 1084 2194 aliquem
1108 2117 1250 2195 angulum
1273 2133 1307 2176 se

131 2221 308 2281 contrahunt
325 2227 356 2280 et
370 2222 410 2281 ibi
426 2220 596 2282 residentes
619 2218 791 2280 comedunt.
839 2221 961 2298 Coquus
985 2228 1085 2281 autem
1108 2221 1159 2281 ille
1183 2219 1305 2282 scultel-

116 2322 206 2382 ·lulas
229 2339 335 2382 secum
357 2322 416 2383 lert
438 2329 469 2382 et
492 2325 591 2390 ornnia
613 2323 794 2382 necessaria.
840 2322 887 2382 De
911 2323 969 2383 illis
994 2326 1099 2400 coquis
1123 2330 1193 2384 suut
1210 2325 1239 2382 iu
1256 2321 1307 2381 illa

130 2424 204 2484 urbe
226 2404 320 2484 multa
344 2423 444 2484 millia.

216 2527 267 2587 Sic
290 2528 377 2587 multi
399 2528 484 2588 valde
509 2545 577 2587 cum
601 2528 715 2588 utribus
739 2545 808 2589 cum
842 2544 919 2606 aqua
949 2529 1073 2607 repletis
1106 2532 1303 2604 circumeunt,

131 2630 271 2709 cyathum
298 2631 444 2692 habentes
475 2633 505 2691 in
533 2633 669 2693 manibus
699 2637 732 2692 et
754 2633 832 2692 collo
856 2631 1079 2711 dependentem
1096 2620 1201 2695 'utrem
1225 2636 1304 2695 etsi

130 2737 178 2796 cui
205 2736 308 2796 bibere
342 2736 441 2814 placet
473 2737 607 2812 emungit
638 2735 675 2796 de
705 2743 771 2796 utre
803 2737 834 2796 in
858 2736 999 2814 cyathum
1022 2743 1051 2796 et
1075 2737 1125 2798 dat
1148 2740 1175 2798 ei
1199 2745 1305 2819 potum

127 2857 182 2916 pro
206 2857 265 2899 uno
299 2841 467 2899 cremiunto
499 2839 547 2900 vel
579 2838 746 2917 pagadino,
781 2857 908 2918 quorum
933 2837 975 2903 30
997 2843 1045 2902 vir
1067 2842 1167 2903 valent
1193 2841 1207 2904 l
1234 2842 1301 2903 den.

97 2977 98 2981 =
127 2941 315 3004 Ulmeusem.
367 2942 475 3022 hiique
516 2950 615 3004 autem
653 2963 706 3022 pro
739 2944 805 3005 Deo
834 2946 875 3005 ita
905 2944 1121 3005 circumierunt
1155 2953 1238 3007 utres
1273 2950 1304 3006 et

128 3048 347 3124 omnipotenti
371 3064 404 3106 se
428 3056 533 3127 potum
566 3048 636 3109 dant
670 3055 701 3109 et
732 3049 803 3109 nihil
836 3049 1005 3128 postulant,
1040 3050 1172 3109 oblatum
1202 3057 1303 3113 tamen

127 3158 235 3228 sponte
260 3153 419 3229 accipiunt.

168 3262 171 3267 ’
213 3254 263 3314 Sic
295 3253 379 3314 multi
412 3257 628 3317 circumierunt
657 3256 788 3328 tructus,
820 3273 913 3334 panes
946 3263 977 3317 et
1007 3256 1142 3317 diversas
1173 3273 1301 3316 merces.

110 3356 163 3415 ut
184 3364 304 3434 praeter
327 3357 402 3417 baec
433 3360 492 3420 vici
521 3366 552 3418 et
584 3358 686 3420 valvae
720 3365 751 3419 et
781 3365 907 3437 pategae
941 3366 971 3420 et
1003 3361 1120 3441 plateae
1151 3362 1302 3421 mercibus

125 3467 195 3519 suot
218 3459 350 3537 undique
375 3460 482 3538 plenae
507 3466 535 3520 et
559 3462 690 3521 inbono
714 3461 780 3521 foro
803 3467 874 3521 sunt
897 3466 1006 3524 omnia.

210 3561 335 3626 Moneta
358 3567 489 3644 regionis
514 3571 561 3624 est
582 3564 689 3625 nobilis
713 3572 743 3625 et
774 3567 916 3642 pretiosa.
960 3565 1053 3628 Aurei
1081 3573 1151 3628 sunt
1172 3566 1301 3641 Arabici,

125 3668 208 3745 parvi
232 3666 354 3750 quidem
378 3670 559 3745 quantitate,
582 3666 644 3727 sed
661 3669 759 3744 magni
783 3668 895 3728 valore.
926 3666 1070 3748 argentei
1094 3673 1215 3733 usuales
1232 3680 1303 3736 suut

126 3777 157 3830 et
178 3770 319 3831 dicuntur
341 3771 453 3832 madini
477 3790 547 3832 cum
571 3772 792 3850 subscriptione
815 3772 955 3845 Soldaui;
980 3792 1040 3833 ooo
1063 3781 1125 3834 tam
1147 3774 1199 3836 lati
1223 3778 1302 3838 sicut

126 3876 221 3934 nostri
246 3874 401 3946 cruciferi,
434 3875 489 3936 sed
512 3875 654 3935 meliores
677 3883 748 3935 sunt
771 3881 802 3935 et
826 3875 863 3935 de
887 3895 963 3954 puro
987 3868 1080 3957 (110
1097 3875 1141 3955 a)
1165 3888 1300 3958 argento,

125 3994 252 4054 quorum
267 3975 308 4039 25
324 3978 436 4039 iaciunt
457 3978 608 4060 ducatum.
648 3978 725 4039 Sunt
748 3986 778 4040 et
803 3979 850 4038 alii
867 3980 1001 4040 minores
1017 3984 1152 4061 argentei
1167 3982 1300 4054 Achaici,

124 4097 200 4158 quos
223 4083 377 4142 nominant
400 4099 541 4160 asperos,
566 4085 734 4160 parvissimi
757 4085 787 4144 io
812 4090 951 4161 argento,
974 4083 1028 4144 sed
1044 4087 1127 4163 parvi
1143 4087 1296 4164 qualitate.

125 4181 187 4244 Sed
209 4191 240 4245 et
262 4192 384 4246 moneta
408 4186 574 4247 Venetiana
597 4193 645 4248 est
666 4188 707 4247 ibi
731 4192 818 4257 uota,
849 4206 909 4248 non
936 4193 1038 4248 tameo
1061 4190 1188 4261 usualis,
1220 4191 1299 4251 etsi
