2902 4710
733 118 799 187 tlt

176 305 282 370 gymm
296 290 501 363 tricamerata,
522 290 666 366 interius,
687 295 717 356 in
748 293 864 367 medio,
888 301 920 358 et
941 297 1097 376 superius:
1120 299 1152 361 iu
1175 298 1234 361 iliis
1256 300 1354 364 tribua

176 394 345 454 interstitiis
377 400 448 456 sunt
476 394 588 457 multae
620 398 715 459 cellae
747 407 779 461 et
807 416 945 462 camerac
976 402 1111 480 repletae
1144 405 1354 467 instrumentis

175 495 310 569 bellicis,
334 498 373 558 ibi
396 498 525 570 loricae,
549 499 703 573 thoraces,
728 502 850 582 galeae,
874 510 977 576 scuta,
1001 484 1101 583 clipei,
1123 507 1224 586 gladii,
1247 508 1354 580 instes,

177 600 335 680 cuspides,
357 600 494 675 lanceae,
518 620 623 678 arcus,
655 606 730 679 tela,
759 607 904 679 balistae,
937 607 1108 681 fundibula,
1142 611 1299 673 machinae
1324 618 1356 673 et

178 705 369 777 bombardae,
392 724 510 770 massae
526 710 686 788 plumbeae
711 711 750 774 ad
767 710 944 788 jnctandutn
967 719 999 774 ct
1017 711 1126 791 jacula,
1150 732 1269 776 massae
1292 715 1354 776 sul·

176 810 309 892 phureae
332 816 364 871 et
385 812 490 889 piceae
512 812 551 875 ad
566 813 668 891 ignem
684 815 926 888 incendendum,
950 824 981 880 ct
1002 817 1077 879 haec
1099 821 1201 880 omnia
1224 820 1254 879 in
1271 825 1355 880 tanto

175 917 281 980 ordine
306 922 336 977 ct
359 916 550 980 multitudiue
572 925 642 979 sunt
664 919 719 991 lbi,
748 927 782 983 ut
805 927 910 999 stupor
939 923 979 982 sit
1002 921 1114 983 videre.
1159 920 1201 983 lbi
1225 919 1356 983 vidimus

177 1022 270 1085 multa
292 1021 400 1082 bellica
419 1021 621 1083 instrumenta
642 1024 786 1085 terribilia
809 1031 840 1086 et
863 1041 946 1097 rara,
970 1026 1096 1088 mirabili
1118 1027 1240 1105 ingenio
1264 1042 1356 1087 ereo·

178 1131 279 1209 gitatn.
310 1123 353 1186 lbi
377 1123 507 1186 vidimus
531 1125 675 1206 oblongus
698 1144 790 1188 naves
805 1130 836 1189 in
851 1127 912 1190 alto
929 1146 1110 1207 suspensas,
1132 1131 1164 1190 in
1178 1130 1356 1190 memoriam

176 1233 321 1295 victoriae
352 1247 422 1291 cum
444 1230 490 1289 eis
519 1227 664 1307 adeptae;
699 1248 769 1292 nam
800 1230 871 1293 dum
896 1231 1055 1295 (lariacum
1087 1232 1224 1295 terrestri
1256 1250 1357 1312 pugna

178 1335 312 1416 aggressi
335 1330 481 1403 inissent,
504 1349 563 1393 nec
586 1334 804 1412 proiecissent,
828 1334 980 1397 lubricatis
1003 1336 1128 1399 naribus
1151 1334 1189 1398 ad
1205 1336 1264 1397 boc
1279 1337 1357 1415 aptis

177 1438 313 1518 oblongis
336 1439 418 1517 ipsas
440 1453 532 1498 nares
556 1445 749 1517 portaremnt
778 1456 869 1519 supra
897 1448 1032 1512 montes,
1066 1447 1096 1503 ct
1118 1440 1154 1503 ab
1185 1440 1243 1502 alia
1270 1446 1357 1520 parte

178 1545 209 1606 in
241 1544 342 1605 locum
366 1540 509 1602 deorsum
541 1542 754 1603 submittentes
784 1544 881 1605 navali
911 1545 1027 1623 proelio
1059 1544 1213 1615 ciuitates,
1248 1543 1358 1615 castra,

178 1647 278 1720 uillas,
312 1645 454 1707 fortalitia
486 1651 634 1725 oeperunt
655 1648 856 1709 munitissima
879 1666 934 1728 per
955 1665 1064 1728 gyrum
1085 1649 1161 1721 loci,
1194 1666 1272 1727 quae
1294 1655 1356 1709 ter·

178 1752 268 1813 restri
290 1749 370 1813 bello
393 1750 530 1810 obtinere
553 1765 613 1808 non
637 1754 786 1827 poterant.

264 1854 392 1933 insuper
413 1850 454 1914 ibi
478 1851 607 1913 vidimus
631 1857 749 1914 vetusta
770 1855 890 1932 ingenia
912 1853 1020 1930 bellica
1043 1874 1080 1918 ex
1095 1856 1200 1935 spoliis
1217 1854 1356 1926 Othonis,

176 1955 229 2021 tilii
251 1955 393 2017 Friderici
415 1956 519 2035 primi,
542 1972 633 2033 quern
657 1955 753 2016 navali
775 1955 856 2018 bello
879 1959 1025 2019 vicerunt.
1069 1958 1145 2020 Nam
1170 1958 1242 2020 dum
1257 1957 1356 2020 dictus

177 2059 349 2125 liridericus
364 2059 385 2123 l.
409 2059 499 2138 huJ'us
522 2060 654 2121 nominis
677 2061 841 2140 imperator
855 2061 1058 2125 Alexandrum
1074 2064 1205 2141 primurn
1227 2064 1265 2125 ab
1281 2062 1356 2124 urbe

176 2164 359 2246 repulisset,
382 2162 501 2225 occulte
514 2162 660 2226 Venetiae
683 2167 780 2236 venit,
804 2166 885 2227 unde
906 2167 1014 2228 Veneti
1037 2168 1206 2229 solemnem
1229 2167 1355 2245 legatio-

178 2288 249 2335 ucm
274 2286 329 2351 pro
353 2285 430 2350 papa
453 2266 489 2330 ad
512 2269 727 2348 imperatorem
752 2270 916 2342 miseruut,
940 2288 1010 2332 curn
1032 2269 1140 2332 litteris
1164 2288 1249 2332 more
1272 2288 1356 2332 com·

176 2378 262 2439 muni
285 2391 355 2436 cera
376 2371 531 2452 sigillatim
567 2372 626 2435 hoe
649 2390 776 2436 cernens
799 2391 877 2453 papa
909 2373 993 2435 dedit
1023 2382 1206 2455 potestatem
1229 2373 1356 2436 Venetis

175 2488 209 2545 et
230 2488 303 2543 tuno
335 2485 365 2540 ct
388 2494 510 2556 semper
538 2495 599 2540 non
630 2495 700 2540 cera
732 2477 788 2540 scd
817 2478 957 2558 plumbo,
991 2485 1025 2540 ut
1057 2495 1134 2560 papa
1163 2476 1251 2552 iacit,
1284 2495 1356 2541 suas

175 2586 292 2649 litteras
322 2582 463 2663 sigillare.
508 2582 634 2644 Emissis
665 2601 737 2663 ergo
775 2584 1023 2646 ambasiatoribus
1058 2583 1096 2646 ad
1129 2580 1355 2662 imperatorem,

177 2690 252 2754 dure
281 2691 326 2751 eis
361 2685 517 2766 respondit
548 2686 746 2760 remandans,
780 2688 829 2750 vel
855 2688 914 2750 sibi
945 2690 1081 2749 vlnctum
1102 2688 1224 2748 mittere
1246 2704 1355 2766 papam

175 2791 396 2863 Alexandrum,
419 2789 538 2868 imperii
561 2789 695 2861 hostem,
721 2791 770 2853 vel
793 2797 970 2869 exspectare
993 2792 1086 2852 totius
1109 2791 1229 2870 imperii
1251 2796 1354 2851 eoutm

177 2914 212 2959 se
246 2896 480 2957 commotionem
513 2898 544 2953 et
566 2893 707 2955 victrices
736 2893 851 2974 aquilas
880 2901 950 2955 ante
981 2893 1041 2955 diri
1069 2891 1165 2955 blarci
1197 2893 1355 2973 templum.

176 2999 413 3064 lierenientibus
436 3003 538 3058 autem
561 2997 673 3057 nuntiis
697 2998 874 3064 concitatur,
886 3000 1027 3059 continue
1042 2996 1157 3059 bellum
1173 3003 1279 3058 eontra
1294 2995 1353 3058 Ve-

176 3110 283 3176 netos,
307 3107 339 3163 et
363 3102 443 3162 misit
464 3101 629 3178 imperator
650 3098 744 3160 illium
767 3099 921 3162 Othonem
944 3119 1014 3163 cum
1037 3101 1135 3162 classe
1166 3097 1208 3166 75
1234 3099 1356 3161 uatium

176 3214 281 3271 contra
304 3205 453 3277 Venetos,
486 3203 536 3265 cui
566 3205 699 3264 occurrit
729 3203 788 3265 dux
810 3202 995 3268 Venetorum
1023 3222 1094 3268 oum
1116 3203 1214 3265 classa
1236 3197 1281 3269 30
1301 3218 1354 3263 na·

173 3313 258 3376 nium
280 3314 312 3373 in
332 3308 476 3374 Histriam
505 3311 537 3369 et
560 3308 673 3386 regiam
695 3310 857 3385 prostravit
884 3310 1015 3372 classem
1037 3309 1192 3387 liliumque
1222 3309 1353 3386 impara-

175 3419 250 3480 toris
264 3423 395 3495 captum
425 3430 496 3476 cum
527 3412 630 3474 multis
657 3411 805 3474 nobilibus
828 3410 971 3475 Venetiae
1001 3411 1094 3475 duxit.
1140 3407 1221 3491 Papa
1253 3413 1355 3470 autem

173 3520 347 3600 intelligens
370 3517 532 3581 adrentum
557 3518 705 3579 victorum
728 3536 799 3580 cum
821 3519 946 3597 captivis
970 3534 1079 3580 navem
1107 3513 1245 3579 ascendit
1266 3529 1353 3577 caer·

176 3625 309 3702 cituique
333 3625 408 3685 mari
429 3629 512 3683 extra
545 3628 667 3701 portum
695 3623 827 3684 occurrit
855 3628 886 3682 et
908 3620 977 3684 duci
999 3621 1107 3682 victori
1129 3616 1354 3696 congratulatus

176 3726 320 3790 annulum
341 3727 473 3804 porrexit
496 3743 621 3787 aureum
652 3726 741 3804 eique
764 3724 851 3787 dixit:
890 3725 1008 3803 aooipe,
1031 3724 1145 3804 inquit,
1169 3727 1200 3783 et
1215 3738 1265 3782 me
1282 3735 1353 3780 eno·

176 3835 243 3893 tore
275 3831 375 3909 ipsum
407 3845 492 3890 mare
521 3828 580 3889 hoc
610 3828 663 3890 tibi
693 3830 818 3908 pignore
846 3829 1006 3890 obnoxium
1038 3826 1182 3903 reddito,¹
1208 3820 1290 3903 quod
1321 3827 1354 3883 tu

175 3934 282 4011 tuique
304 3946 500 3993 successores
522 3930 648 4010 singulis
671 3934 757 3994 annia
780 3939 894 3995 statuto
923 3931 972 3994 die
995 3931 1169 4002 servebltis,
1200 3934 1234 3991 ut
1256 3927 1355 3989 omnis

176 4037 339 4119 posteritas
367 4032 515 4113 intelligat
546 4035 638 4096 maris
668 4038 896 4114 possessionem
920 4034 990 4115 jure
1021 4033 1093 4097 belli
1123 4038 1260 4097 restrum
1281 4047 1355 4093 esse

177 4137 359 4223 quandoque
380 4137 506 4213 lacum,
528 4142 621 4218 utque
643 4140 686 4202 uti
707 4156 834 4204 uxorem
855 4139 930 4213 ruo,
953 4139 996 4203 ita
1017 4135 1050 4202 td
1071 4142 1173 4203 uestro
1195 4132 1356 4213 subjacere
