2902 4710
748 117 813 186 350

187 295 309 360 ue'illis
330 295 451 372 maguis
470 291 576 354 diebus
606 294 672 354 sine
694 295 875 358 sacramenti
907 286 964 354 usu
987 311 1057 354 esse
1081 293 1252 373 oporteret,
1275 293 1367 370 {male

189 403 271 462 enim
292 398 675 478 navigantibusprovisum
699 406 745 459 est
769 397 808 457 de
828 398 1041 469 sacramentis,
1075 417 1145 459 cum
1176 403 1367 480 careanteis

188 505 375 586 simpliciter.
419 503 553 564 Nonvsic
576 504 740 581 antiquitus
764 501 829 573 luit,
853 503 923 579 quia
945 500 1066 581 saepius
1089 502 1233 581 legimus,
1257 505 1288 564 in
1311 521 1366 583 pe·

189 610 291 672 riculis
313 607 555 670 communicasse
587 607 780 684 navigantes,
813 607 893 666 sicut
921 612 1005 685 patet
1033 609 1064 666 ia
1096 605 1146 667 lll.
1168 592 1367 688 Dialogor'um

189 712 327 791 Gregorii
357 716 389 772 ct
410 708 552 788 Legenda
574 710 659 770 beati¹
678 708 828 780 Ludwici,
859 709 911 770 ubi
933 709 1076 780 habetur,
1100 708 1182 787 quod
1205 714 1368 791 navigante

189 833 227 879 eo
250 815 300 877 die
323 813 362 876 de
384 813 485 897 Syria,
519 830 589 873 cum
612 811 770 889 Caryhdim
801 811 980 874 incidissent
1003 819 1034 873 et
1057 816 1158 875 cuncti
1180 832 1235 893 per
1257 832 1368 876 navem

187 921 393 986 discurrerent
414 918 570 980 interitum
586 922 807 996 exspectantes,
830 919 1009 980 invenerunt
1030 935 1135 994 regem
1160 925 1230 979 ente
1253 919 1367 980 eucha-

188 1026 290 1089 ristiae
314 1029 535 1085 sacramentum
558 1027 751 1100 prostratum.
796 1020 859 1084 Sed
889 1021 957 1083 vide
989 1019 1022 1082 P.
1045 1020 1154 1083 11111.
1178 1019 1237 1105 49,
1271 1040 1367 1101 quere

189 1147 249 1190 nou
272 1126 418 1188 habeatur
441 1125 622 1188 eucharistia
644 1127 676 1186 in
698 1126 833 1188 navibus.
880 1126 956 1186 Cum
987 1143 1058 1205 ergo
1081 1146 1142 1188 non
1164 1111 1295 1188 babeant
1316 1145 1367 1188 sa-

189 1237 342 1297 cramenta
363 1232 395 1292 iu
416 1231 550 1302 navibus,
574 1236 752 1309 cooperatur
766 1230 900 1291 diabolus
917 1230 954 1292 ad
969 1232 1027 1291 boc
1041 1230 1199 1308 vigilanter
1209 1229 1368 1313 (1942),

182 1354 227 1405 ,ue
252 1338 289 1403 ad
310 1335 378 1399 loca
399 1337 521 1398 veniant
543 1335 602 1396 illis
624 1335 826 1413 temporibus,
859 1334 979 1414 quando
1002 1353 1076 1396 usus
1107 1342 1367 1399 sacramentorum

187 1449 236 1507 est
258 1449 431 1504 consuetus.
475 1439 540 1500 llos
565 1440 645 1501 enim
668 1438 847 1500 detestabile
870 1439 984 1499 malum
1006 1439 1096 1500 habet
1117 1439 1167 1500 illa
1190 1438 1367 1519 Hierosoly·

187 1548 299 1607 mitana
322 1545 540 1625 peregrinatio,
573 1541 654 1621 quod
676 1542 852 1621 frequenter
882 1542 997 1604 festivis
1023 1543 1128 1604 diebus
1153 1551 1184 1605 ct
1206 1543 1367 1605 dominicis

186 1648 283 1726 major
303 1649 412 1718 motio,
434 1648 518 1708 labor
540 1651 572 1707 et
593 1644 770 1724 inquietudo
786 1651 833 1706 est
848 1647 878 1706 in
894 1648 1032 1718 navibus,
1056 1665 1146 1725 quam
1162 1648 1227 1707 aliis
1244 1631 1366 1719 diebus,

188 1759 219 1813 et
243 1758 353 1830 quanto
382 1749 480 1827 major
502 1756 550 1810 est
572 1749 738 1820 festivitas,
769 1755 852 1811 tauto
875 1751 995 1827 gravior
1017 1750 1101 1811 labor
1114 1757 1154 1811 .et
1176 1749 1366 1828 inquietudo,

188 1863 219 1918 et
250 1856 308 1915 hoc
341 1860 423 1914 certa
452 1856 650 1932 experientia.
668 1853 774 1923 didici,
809 1860 898 1932 prout
929 1857 1134 1933 erogatorium
1166 1853 1365 1917 demonstrat.

186 1959 302 2021 Eodem
324 1960 416 2037 igilur
438 1957 501 2031 die,
535 1977 604 2019 cnm
634 1957 879 2045 advesperasset,
914 1960 998 2019 misit
1027 1961 1203 2037 capitaneus
1233 1964 1367 2020 annulae

189 2062 294 2123 classis
316 2063 455 2123 nuntium
471 2063 502 2121 in
519 2062 648 2123 classem
664 2052 812 2132 nostram,
836 2063 1026 2140 praecipiens
1043 2068 1074 2123 et
1088 2063 1261 2141 supplicans
1278 2080 1367 2140 prae-

187 2165 284 2228 iectos
307 2173 428 2229 nostrae
453 2167 571 2238 classis,
594 2173 628 2227 ut
650 2167 766 2227 abirent
789 2184 805 2226 a
828 2173 917 2246 portu
940 2166 1008 2239 illo,
1032 2167 1102 2244 quia
1119 2183 1173 2243 pro
1189 2171 1273 2227 tauta
1287 2167 1367 2226 mul-

186 2270 313 2333 titudine
334 2289 395 2330 non
418 2272 686 2351 essentialimenta
709 2278 739 2332 et
763 2273 868 2332 armati
892 2277 1069 2349 paterentur
1091 2271 1121 2330 in
1149 2276 1252 2330 nostra
1276 2287 1367 2348 prae·

187 2376 284 2437 sentia
306 2373 476 2451 deiectum;
500 2377 656 2454 praecepit
678 2376 768 2435 eliam
791 2376 971 2437 auctoritate
994 2374 1087 2435 Ducis
1111 2381 1142 2434 et
1160 2372 1367 2435 8111111111,-

186 2485 327 2546 uetorum
350 2481 488 2540 omnibus
512 2479 1048 2559 ρ1110111111131111111131111111111,
1079 2495 1118 2540 ne
1142 2479 1211 2556 quis
1227 2477 1367 2556 aliquem

186 2583 338 2645 hominem
360 2584 564 2663 pertinentem
586 2581 624 2642 ad
647 2581 776 2642 classem
793 2588 938 2642 armatam
954 2582 1078 2661 recipiat
1100 2583 1132 2642 in
1148 2582 1264 2660 galeam
1279 2598 1368 2642 suam

188 2686 226 2747 ad
248 2684 474 2759 abducendum,
499 2689 578 2749 etsi
602 2686 708 2763 aliquis
732 2691 874 2764 receptus
898 2687 952 2756 sit,
986 2687 1018 2744 in
1040 2687 1207 2746 continenti
1229 2687 1367 2775 remitta-

187 2796 252 2851 tur:
277 2789 364 2849 multi
386 2791 467 2850 enim
490 2789 527 2850 de
551 2791 685 2851 exercitu
707 2788 836 2851 libenter
849 2790 1065 2862 recessissent,
1088 2796 1119 2850 et
1133 2789 1243 2852 lurtire
1259 2789 1367 2868 ingere

188 2893 380 2969 quaerebant,
396 2892 504 2970 quibus
516 2895 690 2971 capitaneus
699 2893 863 2971 praeclusit
875 2892 934 2953 hoc
945 2892 1035 2954 modo
1051 2894 1140 2964 viam,
1158 2902 1368 2957 verumtamen

189 2995 279 3073 aliqui
302 2995 458 3062 redierunt
480 2996 657 3068 nobiscum,
680 2994 736 3056 sed
758 3000 832 3064 111111Ι
851 3013 1003 3058 consensu
1023 2989 1192 3076 capitanei..
1262 3008 1265 3012 '

502 3262 703 3388 Descriptio
730 3261 864 3407 insulas
893 3252 1047 3392 Corcyri.

274 3518 405 3599 Corcyra
419 3520 534 3592 insula,
549 3537 636 3597 -quae
652 3519 763 3580 Corlun
784 3519 946 3598 vulgariter
960 3523 1153 3595 nominatur,
1177 3521 1237 3582 hoc
1251 3539 1368 3584 nomen

96 3631 101 3635 “
188 3626 343 3703 accepite
366 3625 426 3687 filia
439 3623 542 3702 Asopi,
567 3625 697 3702 Corcyra
720 3624 814 3696 dieta,
839 3642 916 3702 quae
938 3624 1112 3704 aNeptuno
1135 3631 1220 3704 rapta
1243 3627 1273 3686 in
1297 3643 1368 3688 eam

187 3728 317 3789 insulam
339 3727 396 3788 fuit
419 3728 585 3807 deportata.
631 3728 714 3790 llaec
730 3728 843 3790 insula
871 3737 919 3790 est
948 3730 1052 3791 multis
1075 3733 1289 3810 promontoriis
1314 3749 1367 3794 an-

187 3831 294 3908 guloso
316 3829 393 3890 freto
417 3837 589 3900 contracta,
623 3839 728 3893 contra
751 3840 908 3911 aspectum
936 3832 1039 3894 ltaliae
1063 3837 1222 3895 continens
1246 3842 1367 3915 portum

100 3953 108 3969 =
187 3934 270 3994 urbis
292 3933 425 4003 Romae,
459 3951 476 3994 a
498 3936 574 3993 mari
589 3932 742 3996 Adriatico
766 3935 944 3998 declinando
968 3938 1067 4002 sinum
1089 3935 1245 4011 lonicum,
1267 3945 1299 4000 et
1321 3938 1367 4000 di-

187 4037 333 4098 mittendo
358 4035 395 4098 ad
418 4035 573 4099 dexteram
595 4038 748 4112 Siciliam,
769 4040 981 4135 Campaniam,
1005 4041 1192 4115 Calabriam,
1215 4040 1367 4122 Apuliam,

189 4147 220 4203 et
244 4140 282 4203 ad
303 4143 457 4204 sinistram
477 4141 591 4204 insulas
606 4141 775 4206 Sardiniam
797 4152 828 4207 et
856 4145 1011 4207 Corsicam
1033 4152 1173 4238 et-mare
1195 4144 1370 4223 Sardonum
