<?xml version="1.0" encoding="UTF-8"?>
<!DOCTYPE html PUBLIC "-//W3C//DTD XHTML 1.0 Transitional//EN"
    "http://www.w3.org/TR/xhtml1/DTD/xhtml1-transitional.dtd">
<html xmlns="http://www.w3.org/1999/xhtml" xml:lang="en" lang="en">
 <head>
  <title>
</title>
<meta http-equiv="Content-Type" content="text/html;charset=utf-8" />
  <meta name='ocr-system' content='tesseract 3.04.00' />
  <meta name='ocr-capabilities' content='ocr_page ocr_carea ocr_par ocr_line ocrx_word'/>
</head>
<body>
  <div class='ocr_page' id='page_1' title='image "./fratrisfelicisf00fabrgoog_0210.png"; bbox 0 0 2874 4770; ppageno 0'>
   <div class='ocr_carea' id='block_1_1' title="bbox 692 211 757 278">
    <p class='ocr_par' dir='ltr' id='par_1_1' title="bbox 692 211 757 278">
     <span class='ocr_line' id='line_1_1' title="bbox 692 211 757 278; baseline 0.015 -1"><span class='ocrx_word' id='word_1_1' title='bbox 692 211 757 278; x_wconf 80' lang='lat'><strong>207</strong></span> 
     </span>
    </p>
   </div>
   <div class='ocr_carea' id='block_1_2' title="bbox 123 366 1383 2961">
    <p class='ocr_par' dir='ltr' id='par_1_2' title="bbox 123 366 1383 2961">
     <span class='ocr_line' id='line_1_2' title="bbox 142 366 1319 465; baseline -0.004 -16"><span class='ocrx_word' id='word_1_2' title='bbox 142 389 288 450; x_wconf 88' lang='lat' dir='ltr'><strong>societate</strong></span> <span class='ocrx_word' id='word_1_3' title='bbox 311 387 343 448; x_wconf 80' lang='lat' dir='ltr'><strong>&#39;et</strong></span> <span class='ocrx_word' id='word_1_4' title='bbox 363 366 455 448; x_wconf 73' lang='lat' dir='ltr'><strong>rebus</strong></span> <span class='ocrx_word' id='word_1_5' title='bbox 478 385 635 461; x_wconf 86' lang='lat' dir='ltr'><strong>descendit</strong></span> <span class='ocrx_word' id='word_1_6' title='bbox 658 388 689 445; x_wconf 93' lang='lat' dir='ltr'><strong>in</strong></span> <span class='ocrx_word' id='word_1_7' title='bbox 712 384 822 446; x_wconf 90' lang='lat' dir='ltr'><strong>cellam</strong></span> <span class='ocrx_word' id='word_1_8' title='bbox 844 386 975 465; x_wconf 87' lang='lat' dir='ltr'><strong>Caliphi,</strong></span> <span class='ocrx_word' id='word_1_9' title='bbox 1005 403 1083 464; x_wconf 90' lang='lat' dir='ltr'><strong>quae</strong></span> <span class='ocrx_word' id='word_1_10' title='bbox 1106 383 1220 445; x_wconf 85' lang='lat' dir='ltr'><strong>mediat</strong></span> <span class='ocrx_word' id='word_1_11' title='bbox 1240 384 1319 444; x_wconf 91' lang='lat' dir='ltr'><strong>inter</strong></span> 
     </span>
     <span class='ocr_line' id='line_1_3' title="bbox 140 487 1319 571; baseline -0.003 -19"><span class='ocrx_word' id='word_1_12' title='bbox 140 509 262 571; x_wconf 89' lang='lat' dir='ltr'><strong>proram</strong></span> <span class='ocrx_word' id='word_1_13' title='bbox 285 497 316 552; x_wconf 86' lang='lat' dir='ltr'><strong>et</strong></span> <span class='ocrx_word' id='word_1_14' title='bbox 340 493 487 561; x_wconf 91' lang='lat' dir='ltr'><strong>carinam,</strong></span> <span class='ocrx_word' id='word_1_15' title='bbox 511 508 602 568; x_wconf 89' lang='lat' dir='ltr'><strong>quam</strong></span> <span class='ocrx_word' id='word_1_16' title='bbox 625 508 679 568; x_wconf 94' lang='lat' dir='ltr'><strong>pro</strong></span> <span class='ocrx_word' id='word_1_17' title='bbox 696 487 817 548; x_wconf 93' lang='lat' dir='ltr'><strong>domino</strong></span> <span class='ocrx_word' id='word_1_18' title='bbox 843 492 954 550; x_wconf 88' lang='lat' dir='ltr'><strong>comite</strong></span> <span class='ocrx_word' id='word_1_19' title='bbox 970 488 1113 551; x_wconf 82' lang='lat' dir='ltr'><strong>defuncto</strong></span> <span class='ocrx_word' id='word_1_20' title='bbox 1136 487 1319 549; x_wconf 81' lang='lat' dir='ltr'><strong>conduxerat</strong></span> 
     </span>
     <span class='ocr_line' id='line_1_4' title="bbox 141 591 1317 673; baseline -0.006 -15"><span class='ocrx_word' id='word_1_21' title='bbox 141 603 172 658; x_wconf 91' lang='lat' dir='ltr'><strong>et</strong></span> <span class='ocrx_word' id='word_1_22' title='bbox 195 595 260 673; x_wconf 88' lang='lat' dir='ltr'><strong>ejus</strong></span> <span class='ocrx_word' id='word_1_23' title='bbox 284 596 454 664; x_wconf 84' lang='lat' dir='ltr'><strong>consociis,</strong></span> <span class='ocrx_word' id='word_1_24' title='bbox 477 601 508 654; x_wconf 88' lang='lat' dir='ltr'><strong>et</strong></span> <span class='ocrx_word' id='word_1_25' title='bbox 530 594 571 654; x_wconf 91' lang='lat' dir='ltr'><strong>ibi</strong></span> <span class='ocrx_word' id='word_1_26' title='bbox 592 595 713 654; x_wconf 88' lang='lat' dir='ltr'><strong>mansit.</strong></span> <span class='ocrx_word' id='word_1_27' title='bbox 751 593 898 653; x_wconf 86' lang='lat' dir='ltr'><strong>Dominus</strong></span> <span class='ocrx_word' id='word_1_28' title='bbox 922 600 1024 653; x_wconf 84' lang='lat' dir='ltr'><strong>antem</strong></span> <span class='ocrx_word' id='word_1_29' title='bbox 1046 592 1196 664; x_wconf 77' lang='lat' dir='ltr'><strong>ioannes,</strong></span> <span class='ocrx_word' id='word_1_30' title='bbox 1220 591 1317 653; x_wconf 89' lang='lat' dir='ltr'><strong>arohi-</strong></span> 
     </span>
     <span class='ocr_line' id='line_1_5' title="bbox 141 693 1319 777; baseline -0.003 -17"><span class='ocrx_word' id='word_1_31' title='bbox 141 699 286 760; x_wconf 77' lang='lat' dir='ltr'><strong>diaconus</strong></span> <span class='ocrx_word' id='word_1_32' title='bbox 309 693 624 777; x_wconf 77' lang='lat' dir='ltr'><strong>Transsylvaniensis,</strong></span> <span class='ocrx_word' id='word_1_33' title='bbox 659 703 691 756; x_wconf 85' lang='lat' dir='ltr'><strong>et</strong></span> <span class='ocrx_word' id='word_1_34' title='bbox 714 714 771 776; x_wconf 82' lang='lat' dir='ltr'><strong>ego</strong></span> <span class='ocrx_word' id='word_1_35' title='bbox 800 697 935 758; x_wconf 89' lang='lat' dir='ltr'><strong>noudum</strong></span> <span class='ocrx_word' id='word_1_36' title='bbox 967 700 1080 775; x_wconf 85' lang='lat' dir='ltr'>provisi</span> <span class='ocrx_word' id='word_1_37' title='bbox 1109 698 1220 758; x_wconf 84' lang='lat' dir='ltr'><strong>fuimus</strong></span> <span class='ocrx_word' id='word_1_38' title='bbox 1249 713 1319 756; x_wconf 91' lang='lat' dir='ltr'><strong>cum</strong></span> 
     </span>
     <span class='ocr_line' id='line_1_6' title="bbox 141 794 1317 881; baseline -0.005 -17"><span class='ocrx_word' id='word_1_39' title='bbox 141 805 304 864; x_wconf 85' lang='lat' dir='ltr'><strong>stantiaet</strong></span> <span class='ocrx_word' id='word_1_40' title='bbox 325 801 457 872; x_wconf 90' lang='lat' dir='ltr'><strong>cumbis,</strong></span> <span class='ocrx_word' id='word_1_41' title='bbox 486 799 568 861; x_wconf 90' lang='lat' dir='ltr'><strong>uude</strong></span> <span class='ocrx_word' id='word_1_42' title='bbox 595 799 647 861; x_wconf 87' lang='lat' dir='ltr'><strong>iila</strong></span> <span class='ocrx_word' id='word_1_43' title='bbox 677 806 768 860; x_wconf 89' lang='lat' dir='ltr'><strong>nocte</strong></span> <span class='ocrx_word' id='word_1_44' title='bbox 798 794 964 860; x_wconf 88' lang='lat' dir='ltr'><strong>mansimus</strong></span> <span class='ocrx_word' id='word_1_45' title='bbox 995 802 1026 860; x_wconf 92' lang='lat' dir='ltr'><strong>in</strong></span> <span class='ocrx_word' id='word_1_46' title='bbox 1048 800 1118 862; x_wconf 88' lang='lat' dir='ltr'><strong>loco</strong></span> <span class='ocrx_word' id='word_1_47' title='bbox 1140 817 1317 881; x_wconf 90' lang='lat' dir='ltr'><strong>pauperum,</strong></span> 
     </span>
     <span class='ocr_line' id='line_1_7' title="bbox 139 904 1317 984; baseline -0.003 -18"><span class='ocrx_word' id='word_1_48' title='bbox 139 913 171 978; x_wconf 83' lang='lat' dir='ltr'><strong>et</strong></span> <span class='ocrx_word' id='word_1_49' title='bbox 192 908 364 983; x_wconf 82' lang='lat' dir='ltr'><strong>rogavimus</strong></span> <span class='ocrx_word' id='word_1_50' title='bbox 386 907 620 984; x_wconf 78' lang='lat' dir='ltr'><strong>gubernatorem</strong></span> <span class='ocrx_word' id='word_1_51' title='bbox 641 921 750 981; x_wconf 88' lang='lat' dir='ltr'><strong>prorae</strong></span> <span class='ocrx_word' id='word_1_52' title='bbox 773 911 804 964; x_wconf 90' lang='lat' dir='ltr'><strong>et</strong></span> <span class='ocrx_word' id='word_1_53' title='bbox 827 907 945 975; x_wconf 92' lang='lat' dir='ltr'><strong>socios,</strong></span> <span class='ocrx_word' id='word_1_54' title='bbox 976 922 1105 982; x_wconf 89' lang='lat' dir='ltr'><strong>quorum</strong></span> <span class='ocrx_word' id='word_1_55' title='bbox 1128 906 1254 965; x_wconf 89' lang='lat' dir='ltr'><strong>cumbae</strong></span> <span class='ocrx_word' id='word_1_56' title='bbox 1276 904 1317 963; x_wconf 93' lang='lat' dir='ltr'><strong>ibi</strong></span> 
     </span>
     <span class='ocr_line' id='line_1_8' title="bbox 140 1009 1318 1095; baseline -0.004 -23"><span class='ocrx_word' id='word_1_57' title='bbox 140 1017 245 1095; x_wconf 86' lang='lat' dir='ltr'><strong>erant,</strong></span> <span class='ocrx_word' id='word_1_58' title='bbox 268 1014 421 1088; x_wconf 86' lang='lat' dir='ltr'><strong>utusque</strong></span> <span class='ocrx_word' id='word_1_59' title='bbox 444 1011 476 1069; x_wconf 92' lang='lat' dir='ltr'><strong>in</strong></span> <span class='ocrx_word' id='word_1_60' title='bbox 499 1010 666 1069; x_wconf 87' lang='lat' dir='ltr'><strong>crastinum</strong></span> <span class='ocrx_word' id='word_1_61' title='bbox 687 1014 865 1086; x_wconf 88' lang='lat' dir='ltr'><strong>paterentur</strong></span> <span class='ocrx_word' id='word_1_62' title='bbox 885 1025 941 1068; x_wconf 90' lang='lat' dir='ltr'><strong>nos</strong></span> <span class='ocrx_word' id='word_1_63' title='bbox 965 1027 1035 1068; x_wconf 87' lang='lat' dir='ltr'><strong>cum</strong></span> <span class='ocrx_word' id='word_1_64' title='bbox 1057 1009 1113 1068; x_wconf 89' lang='lat' dir='ltr'><strong>eis·</strong></span> <span class='ocrx_word' id='word_1_65' title='bbox 1126 1025 1262 1079; x_wconf 88' lang='lat' dir='ltr'><strong>manere,</strong></span> <span class='ocrx_word' id='word_1_66' title='bbox 1286 1013 1318 1068; x_wconf 90' lang='lat' dir='ltr'><strong>et</strong></span> 
     </span>
     <span class='ocr_line' id='line_1_9' title="bbox 123 1109 1315 1194; baseline -0.007 -16"><span class='ocrx_word' id='word_1_67' title='bbox 123 1115 270 1194; x_wconf 78' lang='lat' dir='ltr'><strong>&#39;benigne</strong></span> <span class='ocrx_word' id='word_1_68' title='bbox 283 1177 286 1182; x_wconf 79' lang='grc'><strong>,</strong></span> <span class='ocrx_word' id='word_1_69' title='bbox 300 1132 356 1174; x_wconf 91' lang='lat' dir='ltr'><strong>nos</strong></span> <span class='ocrx_word' id='word_1_70' title='bbox 387 1117 589 1191; x_wconf 89' lang='lat' dir='ltr'><strong>susceperunt</strong></span> <span class='ocrx_word' id='word_1_71' title='bbox 620 1109 787 1172; x_wconf 82' lang='lat' dir='ltr'><strong>offerentes</strong></span> <span class='ocrx_word' id='word_1_72' title='bbox 810 1128 844 1170; x_wconf 88' lang='lat' dir='ltr'><strong>se</strong></span> <span class='ocrx_word' id='word_1_73' title='bbox 868 1111 947 1171; x_wconf 87' lang='lat' dir='ltr'><strong>ultro</strong></span> <span class='ocrx_word' id='word_1_74' title='bbox 975 1112 1014 1173; x_wconf 96' lang='lat' dir='ltr'><strong>ad</strong></span> <span class='ocrx_word' id='word_1_75' title='bbox 1035 1120 1139 1173; x_wconf 86' lang='lat' dir='ltr'><strong>nostra</strong></span> <span class='ocrx_word' id='word_1_76' title='bbox 1161 1112 1315 1188; x_wconf 89' lang='lat' dir='ltr'><strong>obsequia.</strong></span> 
     </span>
     <span class='ocr_line' id='line_1_10' title="bbox 138 1213 1316 1298; baseline -0.008 -16"><span class='ocrx_word' id='word_1_77' title='bbox 138 1221 199 1282; x_wconf 82' lang='lat' dir='ltr'><strong>lies</strong></span> <span class='ocrx_word' id='word_1_78' title='bbox 224 1237 296 1298; x_wconf 87' lang='lat' dir='ltr'><strong>ergo</strong></span> <span class='ocrx_word' id='word_1_79' title='bbox 319 1226 439 1280; x_wconf 85' lang='lat' dir='ltr'><strong>nostras</strong></span> <span class='ocrx_word' id='word_1_80' title='bbox 462 1219 498 1286; x_wconf 87' lang='lat' dir='ltr'><strong>in</strong></span> <span class='ocrx_word' id='word_1_81' title='bbox 516 1222 649 1276; x_wconf 89' lang='lat' dir='ltr'><strong>rostrum</strong></span> <span class='ocrx_word' id='word_1_82' title='bbox 672 1219 780 1293; x_wconf 87' lang='lat' dir='ltr'><strong>prorae</strong></span> <span class='ocrx_word' id='word_1_83' title='bbox 802 1216 970 1292; x_wconf 87' lang='lat' dir='ltr'><strong>posuimus,</strong></span> <span class='ocrx_word' id='word_1_84' title='bbox 995 1223 1026 1276; x_wconf 92' lang='lat' dir='ltr'><strong>et</strong></span> <span class='ocrx_word' id='word_1_85' title='bbox 1042 1234 1135 1294; x_wconf 92' lang='lat' dir='ltr'><strong>super</strong></span> <span class='ocrx_word' id='word_1_86' title='bbox 1157 1233 1211 1276; x_wconf 86' lang='lat' dir='ltr'><strong>eos</strong></span> <span class='ocrx_word' id='word_1_87' title='bbox 1234 1213 1316 1274; x_wconf 85' lang='lat' dir='ltr'><strong>sedi·</strong></span> 
     </span>
     <span class='ocr_line' id='line_1_11' title="bbox 138 1321 1315 1403; baseline -0.004 -18"><span class='ocrx_word' id='word_1_88' title='bbox 138 1343 221 1396; x_wconf 90' lang='lat' dir='ltr'><strong>mus,</strong></span> <span class='ocrx_word' id='word_1_89' title='bbox 246 1324 381 1403; x_wconf 87' lang='lat' dir='ltr'><strong>galeotae</strong></span> <span class='ocrx_word' id='word_1_90' title='bbox 405 1328 507 1382; x_wconf 90' lang='lat' dir='ltr'><strong>autem</strong></span> <span class='ocrx_word' id='word_1_91' title='bbox 530 1327 695 1380; x_wconf 89' lang='lat' dir='ltr'><strong>coenantes</strong></span> <span class='ocrx_word' id='word_1_92' title='bbox 717 1321 962 1381; x_wconf 88' lang='lat' dir='ltr'><strong>ministraverunt</strong></span> <span class='ocrx_word' id='word_1_93' title='bbox 985 1322 1072 1382; x_wconf 91' lang='lat' dir='ltr'><strong>uobis</strong></span> <span class='ocrx_word' id='word_1_94' title='bbox 1096 1322 1134 1383; x_wconf 90' lang='lat' dir='ltr'><strong>de</strong></span> <span class='ocrx_word' id='word_1_95' title='bbox 1157 1338 1230 1391; x_wconf 92' lang='lat' dir='ltr'><strong>suo,</strong></span> <span class='ocrx_word' id='word_1_96' title='bbox 1262 1337 1315 1398; x_wconf 96' lang='lat' dir='ltr'><strong>pa·</strong></span> 
     </span>
     <span class='ocr_line' id='line_1_12' title="bbox 138 1423 1316 1502; baseline -0.004 -14"><span class='ocrx_word' id='word_1_97' title='bbox 138 1446 228 1500; x_wconf 88' lang='lat' dir='ltr'><strong>nem,</strong></span> <span class='ocrx_word' id='word_1_98' title='bbox 256 1429 359 1489; x_wconf 91' lang='lat' dir='ltr'><strong>vinum</strong></span> <span class='ocrx_word' id='word_1_99' title='bbox 390 1432 422 1486; x_wconf 90' lang='lat' dir='ltr'><strong>et</strong></span> <span class='ocrx_word' id='word_1_100' title='bbox 454 1442 571 1485; x_wconf 90' lang='lat' dir='ltr'><strong>carnes.</strong></span> <span class='ocrx_word' id='word_1_101' title='bbox 618 1425 730 1501; x_wconf 77' lang='lat' dir='ltr'><strong>Sisque</strong></span> <span class='ocrx_word' id='word_1_102' title='bbox 759 1423 894 1484; x_wconf 89' lang='lat' dir='ltr'><strong>sedendo</strong></span> <span class='ocrx_word' id='word_1_103' title='bbox 917 1442 972 1502; x_wconf 88' lang='lat' dir='ltr'><strong>per</strong></span> <span class='ocrx_word' id='word_1_104' title='bbox 995 1432 1089 1486; x_wconf 88' lang='lat' dir='ltr'><strong>totam</strong></span> <span class='ocrx_word' id='word_1_105' title='bbox 1111 1432 1233 1486; x_wconf 90' lang='lat' dir='ltr'><strong>noctem</strong></span> <span class='ocrx_word' id='word_1_106' title='bbox 1260 1423 1316 1484; x_wconf 91' lang='lat' dir='ltr'><strong>sub</strong></span> 
     </span>
     <span class='ocr_line' id='line_1_13' title="bbox 139 1528 1314 1615; baseline -0.003 -23"><span class='ocrx_word' id='word_1_107' title='bbox 139 1531 207 1592; x_wconf 89' lang='lat' dir='ltr'><strong>divo</strong></span> <span class='ocrx_word' id='word_1_108' title='bbox 230 1533 411 1601; x_wconf 89' lang='lat' dir='ltr'><strong>mansimus,</strong></span> <span class='ocrx_word' id='word_1_109' title='bbox 444 1547 503 1589; x_wconf 91' lang='lat' dir='ltr'><strong>nec</strong></span> <span class='ocrx_word' id='word_1_110' title='bbox 525 1528 715 1615; x_wconf 73' lang='lat' dir='ltr'><strong>matheus,</strong></span> <span class='ocrx_word' id='word_1_111' title='bbox 750 1534 784 1588; x_wconf 91' lang='lat' dir='ltr'><strong>ut</strong></span> <span class='ocrx_word' id='word_1_112' title='bbox 806 1531 938 1590; x_wconf 81' lang='lat' dir='ltr'><strong>extensis</strong></span> <span class='ocrx_word' id='word_1_113' title='bbox 961 1531 1105 1590; x_wconf 88' lang='lat' dir='ltr'><strong>membris</strong></span> <span class='ocrx_word' id='word_1_114' title='bbox 1124 1528 1229 1606; x_wconf 79' lang='lat' dir='ltr'><strong>jacere</strong></span> <span class='ocrx_word' id='word_1_115' title='bbox 1259 1546 1314 1606; x_wconf 89' lang='lat' dir='ltr'><strong>pro</strong></span> 
     </span>
     <span class='ocr_line' id='line_1_14' title="bbox 140 1635 1316 1713; baseline 0.001 -20"><span class='ocrx_word' id='word_1_116' title='bbox 140 1636 242 1712; x_wconf 81' lang='lat' dir='ltr'><strong>quiete</strong></span> <span class='ocrx_word' id='word_1_117' title='bbox 264 1651 441 1713; x_wconf 81' lang='lat' dir='ltr'><strong>possemus,</strong></span> <span class='ocrx_word' id='word_1_118' title='bbox 475 1635 545 1712; x_wconf 90' lang='lat' dir='ltr'><strong>quia</strong></span> <span class='ocrx_word' id='word_1_119' title='bbox 565 1635 632 1710; x_wconf 92' lang='lat' dir='ltr'><strong>ipsa</strong></span> <span class='ocrx_word' id='word_1_120' title='bbox 659 1650 747 1710; x_wconf 93' lang='lat' dir='ltr'><strong>prora</strong></span> <span class='ocrx_word' id='word_1_121' title='bbox 770 1635 887 1713; x_wconf 86' lang='lat' dir='ltr'><strong>repleta</strong></span> <span class='ocrx_word' id='word_1_122' title='bbox 920 1642 985 1696; x_wconf 90' lang='lat' dir='ltr'><strong>erat</strong></span> <span class='ocrx_word' id='word_1_123' title='bbox 1006 1635 1177 1696; x_wconf 91' lang='lat' dir='ltr'><strong>hominibus</strong></span> <span class='ocrx_word' id='word_1_124' title='bbox 1199 1640 1230 1695; x_wconf 90' lang='lat' dir='ltr'><strong>et</strong></span> <span class='ocrx_word' id='word_1_125' title='bbox 1253 1641 1316 1694; x_wconf 89' lang='lat' dir='ltr'><strong>tota</strong></span> 
     </span>
     <span class='ocr_line' id='line_1_15' title="bbox 140 1737 1316 1818; baseline 0.001 -22"><span class='ocrx_word' id='word_1_126' title='bbox 140 1737 240 1815; x_wconf 81' lang='lat' dir='ltr'>galea,</span> <span class='ocrx_word' id='word_1_127' title='bbox 263 1743 294 1797; x_wconf 91' lang='lat' dir='ltr'><strong>et</strong></span> <span class='ocrx_word' id='word_1_128' title='bbox 316 1739 451 1816; x_wconf 89' lang='lat' dir='ltr'><strong>quamvis</strong></span> <span class='ocrx_word' id='word_1_129' title='bbox 474 1739 575 1816; x_wconf 89' lang='lat' dir='ltr'><strong>pressi</strong></span> <span class='ocrx_word' id='word_1_130' title='bbox 591 1743 620 1796; x_wconf 88' lang='lat' dir='ltr'><strong>et</strong></span> <span class='ocrx_word' id='word_1_131' title='bbox 638 1740 797 1816; x_wconf 89' lang='lat' dir='ltr'><strong>angustiati</strong></span> <span class='ocrx_word' id='word_1_132' title='bbox 813 1739 1004 1810; x_wconf 78' lang='lat' dir='ltr'><strong>sederemus,</strong></span> <span class='ocrx_word' id='word_1_133' title='bbox 1028 1741 1199 1818; x_wconf 89' lang='lat' dir='ltr'><strong>putavimus</strong></span> <span class='ocrx_word' id='word_1_134' title='bbox 1214 1744 1316 1798; x_wconf 89' lang='lat' dir='ltr'><strong>tamen</strong></span> 
     </span>
     <span class='ocr_line' id='line_1_16' title="bbox 138 1837 1383 1920; baseline 0 -19"><span class='ocrx_word' id='word_1_135' title='bbox 138 1859 194 1902; x_wconf 87' lang='lat' dir='ltr'><strong>nos</strong></span> <span class='ocrx_word' id='word_1_136' title='bbox 218 1857 287 1901; x_wconf 90' lang='lat' dir='ltr'><strong>esse</strong></span> <span class='ocrx_word' id='word_1_137' title='bbox 309 1842 339 1900; x_wconf 92' lang='lat' dir='ltr'><strong>in</strong></span> <span class='ocrx_word' id='word_1_138' title='bbox 362 1841 499 1920; x_wconf 81' lang='lat' dir='ltr'><strong>paradiso</strong></span> <span class='ocrx_word' id='word_1_139' title='bbox 522 1843 601 1902; x_wconf 84' lang='lat' dir='ltr'><strong>inter</strong></span> <span class='ocrx_word' id='word_1_140' title='bbox 624 1837 679 1920; x_wconf 72' lang='lat' dir='ltr'><strong>(la)</strong></span> <span class='ocrx_word' id='word_1_141' title='bbox 704 1842 842 1919; x_wconf 83' lang='lat' dir='ltr'><strong>angelos,</strong></span> <span class='ocrx_word' id='word_1_142' title='bbox 871 1861 926 1920; x_wconf 90' lang='lat' dir='ltr'><strong>pro</strong></span> <span class='ocrx_word' id='word_1_143' title='bbox 950 1860 1004 1912; x_wconf 93' lang='lat' dir='ltr'><strong>eo,</strong></span> <span class='ocrx_word' id='word_1_144' title='bbox 1033 1842 1115 1920; x_wconf 91' lang='lat' dir='ltr'><strong>quod</strong></span> <span class='ocrx_word' id='word_1_145' title='bbox 1137 1842 1238 1902; x_wconf 85' lang='lat' dir='ltr'><strong>nulius</strong></span> <span class='ocrx_word' id='word_1_146' title='bbox 1261 1858 1314 1920; x_wconf 93' lang='lat' dir='ltr'><strong>pa·</strong></span> <span class='ocrx_word' id='word_1_147' title='bbox 1379 1838 1383 1855; x_wconf 91' lang='lat'>&#39;</span> 
     </span>
     <span class='ocr_line' id='line_1_17' title="bbox 139 1943 1315 2022; baseline 0.001 -17"><span class='ocrx_word' id='word_1_148' title='bbox 139 1962 236 2022; x_wconf 88' lang='lat' dir='ltr'><strong>ganus</strong></span> <span class='ocrx_word' id='word_1_149' title='bbox 260 1951 325 2005; x_wconf 90' lang='lat' dir='ltr'><strong>erat</strong></span> <span class='ocrx_word' id='word_1_150' title='bbox 345 1946 522 2016; x_wconf 90' lang='lat' dir='ltr'><strong>nobiscum,</strong></span> <span class='ocrx_word' id='word_1_151' title='bbox 546 1946 625 2005; x_wconf 90' lang='lat' dir='ltr'><strong>inter</strong></span> <span class='ocrx_word' id='word_1_152' title='bbox 640 1962 715 2022; x_wconf 87' lang='lat' dir='ltr'><strong>quos</strong></span> <span class='ocrx_word' id='word_1_153' title='bbox 731 1943 781 2004; x_wconf 94' lang='lat' dir='ltr'><strong>diu</strong></span> <span class='ocrx_word' id='word_1_154' title='bbox 805 1949 974 2007; x_wconf 90' lang='lat' dir='ltr'><strong>conversati</strong></span> <span class='ocrx_word' id='word_1_155' title='bbox 988 1946 1142 2007; x_wconf 84' lang='lat' dir='ltr'><strong>fueramus</strong></span> <span class='ocrx_word' id='word_1_156' title='bbox 1165 1949 1196 2007; x_wconf 92' lang='lat' dir='ltr'><strong>in</strong></span> <span class='ocrx_word' id='word_1_157' title='bbox 1213 1946 1315 2007; x_wconf 90' lang='lat' dir='ltr'><strong>multis</strong></span> 
     </span>
     <span class='ocr_line' id='line_1_18' title="bbox 128 2049 1316 2125; baseline 0.003 -16"><span class='ocrx_word' id='word_1_158' title='bbox 128 2049 364 2125; x_wconf 70' lang='lat' dir='ltr'><strong>turbationibus,</strong></span> <span class='ocrx_word' id='word_1_159' title='bbox 383 2049 448 2125; x_wconf 73' lang='lat' dir='ltr'><strong>iam</strong></span> <span class='ocrx_word' id='word_1_160' title='bbox 471 2056 574 2110; x_wconf 89' lang='lat' dir='ltr'><strong>autem</strong></span> <span class='ocrx_word' id='word_1_161' title='bbox 595 2051 656 2109; x_wconf 90' lang='lat' dir='ltr'><strong>nou</strong></span> <span class='ocrx_word' id='word_1_162' title='bbox 671 2050 731 2108; x_wconf 90' lang='lat' dir='ltr'><strong>nisi</strong></span> <span class='ocrx_word' id='word_1_163' title='bbox 743 2049 929 2111; x_wconf 89' lang='lat' dir='ltr'><strong>Christianos</strong></span> <span class='ocrx_word' id='word_1_164' title='bbox 945 2051 1074 2112; x_wconf 88' lang='lat' dir='ltr'><strong>vidimus</strong></span> <span class='ocrx_word' id='word_1_165' title='bbox 1091 2059 1122 2113; x_wconf 87' lang='lat' dir='ltr'><strong>et</strong></span> <span class='ocrx_word' id='word_1_166' title='bbox 1138 2052 1316 2124; x_wconf 87' lang='lat' dir='ltr'><strong>audivimus,</strong></span> 
     </span>
     <span class='ocr_line' id='line_1_19' title="bbox 135 2140 1315 2234; baseline 0.002 -19"><span class='ocrx_word' id='word_1_167' title='bbox 135 2154 173 2215; x_wconf 91' lang='lat' dir='ltr'><strong>de</strong></span> <span class='ocrx_word' id='word_1_168' title='bbox 197 2173 257 2234; x_wconf 89' lang='lat' dir='ltr'><strong>quo</strong></span> <span class='ocrx_word' id='word_1_169' title='bbox 280 2156 388 2234; x_wconf 91' lang='lat' dir='ltr'><strong>ingens</strong></span> <span class='ocrx_word' id='word_1_170' title='bbox 411 2140 553 2234; x_wconf 87' lang='lat' dir='ltr'><strong>gaudium</strong></span> <span class='ocrx_word' id='word_1_171' title='bbox 576 2154 661 2213; x_wconf 89' lang='lat' dir='ltr'><strong>nobis</strong></span> <span class='ocrx_word' id='word_1_172' title='bbox 684 2153 755 2225; x_wconf 88' lang='lat' dir='ltr'><strong>fuit,</strong></span> <span class='ocrx_word' id='word_1_173' title='bbox 791 2155 820 2214; x_wconf 91' lang='lat' dir='ltr'><strong>in</strong></span> <span class='ocrx_word' id='word_1_174' title='bbox 844 2161 977 2226; x_wconf 89' lang='lat' dir='ltr'><strong>tantum,</strong></span> <span class='ocrx_word' id='word_1_175' title='bbox 1009 2159 1043 2215; x_wconf 92' lang='lat' dir='ltr'><strong>ut</strong></span> <span class='ocrx_word' id='word_1_176' title='bbox 1064 2159 1156 2218; x_wconf 91' lang='lat' dir='ltr'><strong>etiam</strong></span> <span class='ocrx_word' id='word_1_177' title='bbox 1184 2160 1213 2217; x_wconf 92' lang='lat' dir='ltr'><strong>in</strong></span> <span class='ocrx_word' id='word_1_178' title='bbox 1232 2156 1315 2233; x_wconf 86' lang='lat' dir='ltr'><strong>jura·</strong></span> 
     </span>
     <span class='ocr_line' id='line_1_20' title="bbox 137 2257 1316 2337; baseline 0.001 -18"><span class='ocrx_word' id='word_1_179' title='bbox 137 2261 248 2319; x_wconf 91' lang='lat' dir='ltr'><strong>mentis</strong></span> <span class='ocrx_word' id='word_1_180' title='bbox 269 2258 469 2337; x_wconf 89' lang='lat' dir='ltr'><strong>gaieotarum,</strong></span> <span class='ocrx_word' id='word_1_181' title='bbox 492 2275 561 2318; x_wconf 91' lang='lat' dir='ltr'><strong>oum</strong></span> <span class='ocrx_word' id='word_1_182' title='bbox 584 2257 757 2318; x_wconf 86' lang='lat' dir='ltr'><strong>audiremus</strong></span> <span class='ocrx_word' id='word_1_183' title='bbox 781 2276 903 2318; x_wconf 88' lang='lat' dir='ltr'><strong>crucem</strong></span> <span class='ocrx_word' id='word_1_184' title='bbox 927 2266 958 2320; x_wconf 92' lang='lat' dir='ltr'><strong>et</strong></span> <span class='ocrx_word' id='word_1_185' title='bbox 979 2261 1114 2320; x_wconf 85' lang='lat' dir='ltr'><strong>membra</strong></span> <span class='ocrx_word' id='word_1_186' title='bbox 1143 2260 1253 2320; x_wconf 75' lang='lat' dir='ltr'><strong>Christi</strong></span> <span class='ocrx_word' id='word_1_187' title='bbox 1284 2267 1316 2320; x_wconf 93' lang='lat' dir='ltr'><strong>et</strong></span> 
     </span>
     <span class='ocr_line' id='line_1_21' title="bbox 138 2360 1317 2440; baseline 0.003 -21"><span class='ocrx_word' id='word_1_188' title='bbox 138 2361 285 2440; x_wconf 78' lang='lat' dir='ltr'><strong>Sanctos,</strong></span> <span class='ocrx_word' id='word_1_189' title='bbox 300 2361 482 2421; x_wconf 90' lang='lat' dir='ltr'><strong>haberemus</strong></span> <span class='ocrx_word' id='word_1_190' title='bbox 499 2360 650 2440; x_wconf 87' lang='lat' dir='ltr'><strong>gaudium,</strong></span> <span class='ocrx_word' id='word_1_191' title='bbox 675 2381 737 2421; x_wconf 91' lang='lat' dir='ltr'><strong>non</strong></span> <span class='ocrx_word' id='word_1_192' title='bbox 752 2360 875 2439; x_wconf 88' lang='lat' dir='ltr'><strong>quidem</strong></span> <span class='ocrx_word' id='word_1_193' title='bbox 898 2365 928 2423; x_wconf 92' lang='lat' dir='ltr'><strong>in</strong></span> <span class='ocrx_word' id='word_1_194' title='bbox 940 2362 1121 2440; x_wconf 87' lang='lat' dir='ltr'><strong>juramentis</strong></span> <span class='ocrx_word' id='word_1_195' title='bbox 1143 2363 1262 2440; x_wconf 87' lang='lat' dir='ltr'><strong>injustis</strong></span> <span class='ocrx_word' id='word_1_196' title='bbox 1283 2368 1317 2422; x_wconf 90' lang='lat' dir='ltr'><strong>et</strong></span> 
     </span>
     <span class='ocr_line' id='line_1_22' title="bbox 136 2462 1315 2544; baseline 0.001 -20"><span class='ocrx_word' id='word_1_197' title='bbox 136 2464 239 2533; x_wconf 89' lang='lat' dir='ltr'><strong>vanis,</strong></span> <span class='ocrx_word' id='word_1_198' title='bbox 265 2462 374 2524; x_wconf 91' lang='lat' dir='ltr'><strong>sedin</strong></span> <span class='ocrx_word' id='word_1_199' title='bbox 397 2466 568 2542; x_wconf 74' lang='lat' dir='ltr'><strong>cognitione</strong></span> <span class='ocrx_word' id='word_1_200' title='bbox 588 2465 718 2543; x_wconf 89' lang='lat' dir='ltr'><strong>jurantis</strong></span> <span class='ocrx_word' id='word_1_201' title='bbox 740 2483 796 2544; x_wconf 86' lang='lat' dir='ltr'><strong>per¹</strong></span> <span class='ocrx_word' id='word_1_202' title='bbox 819 2484 941 2527; x_wconf 86' lang='lat' dir='ltr'><strong>crucem</strong></span> <span class='ocrx_word' id='word_1_203' title='bbox 962 2467 1010 2529; x_wconf 91' lang='lat' dir='ltr'><strong>vel</strong></span> <span class='ocrx_word' id='word_1_204' title='bbox 1035 2467 1171 2527; x_wconf 88' lang='lat' dir='ltr'><strong>membra</strong></span> <span class='ocrx_word' id='word_1_205' title='bbox 1195 2465 1315 2538; x_wconf 82' lang='lat' dir='ltr'><strong>Christi,</strong></span> 
     </span>
     <span class='ocr_line' id='line_1_23' title="bbox 137 2565 1315 2653; baseline 0.003 -27"><span class='ocrx_word' id='word_1_206' title='bbox 137 2584 214 2644; x_wconf 88' lang='lat' dir='ltr'><strong>quae</strong></span> <span class='ocrx_word' id='word_1_207' title='bbox 234 2565 405 2643; x_wconf 87' lang='lat' dir='ltr'><strong>juramenta</strong></span> <span class='ocrx_word' id='word_1_208' title='bbox 428 2575 513 2629; x_wconf 88' lang='lat' dir='ltr'><strong>erant</strong></span> <span class='ocrx_word' id='word_1_209' title='bbox 534 2570 621 2631; x_wconf 91' lang='lat' dir='ltr'><strong>uobis</strong></span> <span class='ocrx_word' id='word_1_210' title='bbox 645 2586 711 2630; x_wconf 90' lang='lat' dir='ltr'><strong>rara</strong></span> <span class='ocrx_word' id='word_1_211' title='bbox 734 2587 831 2648; x_wconf 88' lang='lat' dir='ltr'><strong>usque</strong></span> <span class='ocrx_word' id='word_1_212' title='bbox 854 2571 926 2653; x_wconf 61' lang='lat' dir='ltr'><strong>huce</strong></span> <span class='ocrx_word' id='word_1_213' title='bbox 958 2569 1044 2633; x_wconf 90' lang='lat' dir='ltr'><strong>Unde</strong></span> <span class='ocrx_word' id='word_1_214' title='bbox 1066 2571 1223 2640; x_wconf 81' lang='lat' dir='ltr'><strong>Dominus,</strong></span> <span class='ocrx_word' id='word_1_215' title='bbox 1246 2588 1315 2647; x_wconf 91' lang='lat' dir='ltr'><strong>pro·</strong></span> 
     </span>
     <span class='ocr_line' id='line_1_24' title="bbox 137 2669 1317 2754; baseline 0.003 -24"><span class='ocrx_word' id='word_1_216' title='bbox 137 2673 262 2731; x_wconf 88' lang='lat' dir='ltr'><strong>mittens</strong></span> <span class='ocrx_word' id='word_1_217' title='bbox 276 2669 415 2751; x_wconf 77' lang='lat' dir='ltr'><strong>Aegypto</strong></span> <span class='ocrx_word' id='word_1_218' title='bbox 437 2673 517 2734; x_wconf 91' lang='lat' dir='ltr'><strong>bona</strong></span> <span class='ocrx_word' id='word_1_219' title='bbox 537 2673 638 2735; x_wconf 89' lang='lat' dir='ltr'><strong>futura</strong></span> <span class='ocrx_word' id='word_1_220' title='bbox 652 2673 758 2733; x_wconf 88' lang='lat' dir='ltr'><strong>Esaiae</strong></span> <span class='ocrx_word' id='word_1_221' title='bbox 774 2672 872 2748; x_wconf 61' lang='lat' dir='ltr'><strong>XIX„</strong></span> <span class='ocrx_word' id='word_1_222' title='bbox 896 2679 1053 2754; x_wconf 90' lang='lat' dir='ltr'><strong>promittit,</strong></span> <span class='ocrx_word' id='word_1_223' title='bbox 1078 2673 1160 2753; x_wconf 87' lang='lat' dir='ltr'><strong>quod</strong></span> <span class='ocrx_word' id='word_1_224' title='bbox 1182 2676 1212 2733; x_wconf 91' lang='lat' dir='ltr'><strong>iu</strong></span> <span class='ocrx_word' id='word_1_225' title='bbox 1237 2680 1317 2734; x_wconf 86' lang='lat' dir='ltr'><strong>terra</strong></span> 
     </span>
     <span class='ocr_line' id='line_1_25' title="bbox 133 2758 1314 2858; baseline 0.002 -24"><span class='ocrx_word' id='word_1_226' title='bbox 133 2773 263 2854; x_wconf 82' lang='lat' dir='ltr'><strong>Aegypti</strong></span> <span class='ocrx_word' id='word_1_227' title='bbox 282 2774 425 2853; x_wconf 88' lang='lat' dir='ltr'><strong>jurabunt</strong></span> <span class='ocrx_word' id='word_1_228' title='bbox 446 2797 502 2858; x_wconf 92' lang='lat' dir='ltr'><strong>per</strong></span> <span class='ocrx_word' id='word_1_229' title='bbox 518 2758 681 2839; x_wconf 87' lang='lat' dir='ltr'><strong>Dominum</strong></span> <span class='ocrx_word' id='word_1_230' title='bbox 694 2779 793 2839; x_wconf 88' lang='lat' dir='ltr'><strong>Deum</strong></span> <span class='ocrx_word' id='word_1_231' title='bbox 817 2783 1020 2853; x_wconf 88' lang='lat' dir='ltr'><strong>exercituum,</strong></span> <span class='ocrx_word' id='word_1_232' title='bbox 1044 2782 1075 2840; x_wconf 90' lang='lat' dir='ltr'><strong>in</strong></span> <span class='ocrx_word' id='word_1_233' title='bbox 1090 2779 1149 2838; x_wconf 90' lang='lat' dir='ltr'><strong>hoo</strong></span> <span class='ocrx_word' id='word_1_234' title='bbox 1164 2779 1219 2838; x_wconf 85' lang='lat' dir='ltr'><strong>sui</strong></span> <span class='ocrx_word' id='word_1_235' title='bbox 1245 2777 1314 2854; x_wconf 86' lang='lat' dir='ltr'><strong>cog·</strong></span> 
     </span>
     <span class='ocr_line' id='line_1_26' title="bbox 130 2880 1313 2961; baseline 0.003 -23"><span class='ocrx_word' id='word_1_236' title='bbox 130 2880 276 2940; x_wconf 90' lang='lat' dir='ltr'><strong>uitionem</strong></span> <span class='ocrx_word' id='word_1_237' title='bbox 298 2882 437 2943; x_wconf 86' lang='lat' dir='ltr'><strong>innuens.</strong></span> <span class='ocrx_word' id='word_1_238' title='bbox 484 2881 535 2943; x_wconf 91' lang='lat' dir='ltr'><strong>Sic</strong></span> <span class='ocrx_word' id='word_1_239' title='bbox 557 2899 630 2961; x_wconf 89' lang='lat' dir='ltr'><strong>ergo</strong></span> <span class='ocrx_word' id='word_1_240' title='bbox 653 2898 715 2944; x_wconf 85' lang='lat' dir='ltr'><strong>nox</strong></span> <span class='ocrx_word' id='word_1_241' title='bbox 737 2882 789 2943; x_wconf 92' lang='lat' dir='ltr'><strong>illa</strong></span> <span class='ocrx_word' id='word_1_242' title='bbox 811 2885 948 2947; x_wconf 88' lang='lat' dir='ltr'><strong>transivit</strong></span> <span class='ocrx_word' id='word_1_243' title='bbox 979 2890 1049 2946; x_wconf 89' lang='lat' dir='ltr'><strong>cum</strong></span> <span class='ocrx_word' id='word_1_244' title='bbox 1071 2885 1178 2961; x_wconf 81' lang='lat' dir='ltr'><strong>exigua</strong></span> <span class='ocrx_word' id='word_1_245' title='bbox 1201 2883 1313 2959; x_wconf 87' lang='lat' dir='ltr'><strong>quiete.</strong></span> 
     </span>
    </p>
   </div>
   <div class='ocr_carea' id='block_1_3' title="bbox 483 3182 896 3274">
    <p class='ocr_par' dir='ltr' id='par_1_3' title="bbox 483 3182 896 3274">
     <span class='ocr_line' id='line_1_27' title="bbox 483 3182 896 3274; baseline 0.01 -22"><span class='ocrx_word' id='word_1_246' title='bbox 483 3203 487 3207; x_wconf 92' lang='lat'>·</span> <span class='ocrx_word' id='word_1_247' title='bbox 554 3182 709 3256; x_wconf 79' lang='lat' dir='ltr'><strong>cumbae</strong></span> <span class='ocrx_word' id='word_1_248' title='bbox 735 3184 896 3274; x_wconf 86' lang='lat' dir='ltr'><strong>provisio.</strong></span> 
     </span>
    </p>
   </div>
   <div class='ocr_carea' id='block_1_4' title="bbox 124 3390 1392 4315">
    <p class='ocr_par' dir='ltr' id='par_1_4' title="bbox 124 3390 1392 4315">
     <span class='ocr_line' id='line_1_28' title="bbox 225 3390 1314 3481; baseline 0.007 -25"><span class='ocrx_word' id='word_1_249' title='bbox 225 3393 329 3458; x_wconf 83' lang='lat' dir='ltr'><strong>Tertia</strong></span> <span class='ocrx_word' id='word_1_250' title='bbox 351 3398 415 3460; x_wconf 59' lang='lat' dir='ltr'><strong>dies</strong></span> <span class='ocrx_word' id='word_1_251' title='bbox 429 3401 532 3460; x_wconf 88' lang='lat' dir='ltr'><strong>statim</strong></span> <span class='ocrx_word' id='word_1_252' title='bbox 565 3406 631 3462; x_wconf 89' lang='lat' dir='ltr'><strong>orto</strong></span> <span class='ocrx_word' id='word_1_253' title='bbox 659 3390 729 3462; x_wconf 83' lang='lat' dir='ltr'><strong>¹soie</strong></span> <span class='ocrx_word' id='word_1_254' title='bbox 762 3402 901 3463; x_wconf 91' lang='lat' dir='ltr'><strong>dominus</strong></span> <span class='ocrx_word' id='word_1_255' title='bbox 924 3403 1076 3463; x_wconf 76' lang='lat' dir='ltr'><strong>iohannes</strong></span> <span class='ocrx_word' id='word_1_256' title='bbox 1100 3408 1132 3464; x_wconf 91' lang='lat' dir='ltr'><strong>et</strong></span> <span class='ocrx_word' id='word_1_257' title='bbox 1154 3421 1211 3481; x_wconf 87' lang='lat' dir='ltr'><strong>ego</strong></span> <span class='ocrx_word' id='word_1_258' title='bbox 1233 3401 1314 3465; x_wconf 90' lang='lat' dir='ltr'><strong>dicto</strong></span> 
     </span>
     <span class='ocr_line' id='line_1_29' title="bbox 129 3502 1313 3584; baseline 0.005 -22"><span class='ocrx_word' id='word_1_259' title='bbox 129 3502 231 3564; x_wconf 84' lang='lat' dir='ltr'><strong>officio</strong></span> <span class='ocrx_word' id='word_1_260' title='bbox 254 3503 293 3564; x_wconf 92' lang='lat' dir='ltr'><strong>de</strong></span> <span class='ocrx_word' id='word_1_261' title='bbox 317 3520 406 3581; x_wconf 90' lang='lat' dir='ltr'><strong>prora</strong></span> <span class='ocrx_word' id='word_1_262' title='bbox 420 3519 476 3582; x_wconf 91' lang='lat' dir='ltr'><strong>per</strong></span> <span class='ocrx_word' id='word_1_263' title='bbox 490 3506 624 3566; x_wconf 88' lang='lat' dir='ltr'><strong>carinam</strong></span> <span class='ocrx_word' id='word_1_264' title='bbox 638 3507 808 3584; x_wconf 87' lang='lat' dir='ltr'><strong>inpuppim</strong></span> <span class='ocrx_word' id='word_1_265' title='bbox 823 3508 1029 3577; x_wconf 84' lang='lat' dir='ltr'><strong>transivimus,</strong></span> <span class='ocrx_word' id='word_1_266' title='bbox 1054 3509 1131 3568; x_wconf 89' lang='lat' dir='ltr'><strong>etin</strong></span> <span class='ocrx_word' id='word_1_267' title='bbox 1146 3509 1313 3580; x_wconf 85' lang='lat' dir='ltr'><strong>castelium,</strong></span> 
     </span>
     <span class='ocr_line' id='line_1_30' title="bbox 127 3605 1314 3686; baseline 0.006 -20"><span class='ocrx_word' id='word_1_268' title='bbox 127 3609 159 3667; x_wconf 88' lang='lat' dir='ltr'><strong>in</strong></span> <span class='ocrx_word' id='word_1_269' title='bbox 192 3625 252 3685; x_wconf 90' lang='lat' dir='ltr'><strong>quo</strong></span> <span class='ocrx_word' id='word_1_270' title='bbox 282 3605 422 3666; x_wconf 90' lang='lat' dir='ltr'><strong>dominus</strong></span> <span class='ocrx_word' id='word_1_271' title='bbox 462 3609 639 3686; x_wconf 88' lang='lat' dir='ltr'><strong>capitaneus</strong></span> <span class='ocrx_word' id='word_1_272' title='bbox 678 3611 784 3671; x_wconf 89' lang='lat' dir='ltr'><strong>classis</strong></span> <span class='ocrx_word' id='word_1_273' title='bbox 827 3617 858 3671; x_wconf 90' lang='lat' dir='ltr'><strong>et</strong></span> <span class='ocrx_word' id='word_1_274' title='bbox 888 3611 994 3671; x_wconf 86' lang='lat' dir='ltr'><strong>consul</strong></span> <span class='ocrx_word' id='word_1_275' title='bbox 1023 3610 1249 3684; x_wconf 82' lang='lat' dir='ltr'><strong>alexandrinus,</strong></span> <span class='ocrx_word' id='word_1_276' title='bbox 1282 3618 1314 3673; x_wconf 91' lang='lat' dir='ltr'><strong>et</strong></span> 
     </span>
     <span class='ocr_line' id='line_1_31' title="bbox 129 3710 1313 3790; baseline 0.006 -19"><span class='ocrx_word' id='word_1_277' title='bbox 129 3711 331 3771; x_wconf 87' lang='lat' dir='ltr'><strong>Sebastianus.</strong></span> <span class='ocrx_word' id='word_1_278' title='bbox 351 3710 454 3789; x_wconf 84' lang='lat' dir='ltr'><strong>galeae</strong></span> <span class='ocrx_word' id='word_1_279' title='bbox 476 3717 622 3790; x_wconf 87' lang='lat' dir='ltr'><strong>patronus</strong></span> <span class='ocrx_word' id='word_1_280' title='bbox 645 3715 821 3785; x_wconf 89' lang='lat' dir='ltr'><strong>manebant,</strong></span> <span class='ocrx_word' id='word_1_281' title='bbox 846 3732 916 3774; x_wconf 89' lang='lat' dir='ltr'><strong>cum</strong></span> <span class='ocrx_word' id='word_1_282' title='bbox 939 3717 1066 3776; x_wconf 88' lang='lat' dir='ltr'><strong>caeteris</strong></span> <span class='ocrx_word' id='word_1_283' title='bbox 1089 3716 1192 3776; x_wconf 91' lang='lat' dir='ltr'><strong>multis</strong></span> <span class='ocrx_word' id='word_1_284' title='bbox 1207 3718 1313 3778; x_wconf 81' lang='lat' dir='ltr'><strong>rentil-</strong></span> 
     </span>
     <span class='ocr_line' id='line_1_32' title="bbox 130 3813 1312 3896; baseline 0.008 -23"><span class='ocrx_word' id='word_1_285' title='bbox 130 3813 231 3874; x_wconf 89' lang='lat' dir='ltr'><strong>homis</strong></span> <span class='ocrx_word' id='word_1_286' title='bbox 264 3813 477 3887; x_wconf 79' lang='lat' dir='ltr'><strong>ascendimus,</strong></span> <span class='ocrx_word' id='word_1_287' title='bbox 516 3822 548 3876; x_wconf 93' lang='lat' dir='ltr'><strong>et</strong></span> <span class='ocrx_word' id='word_1_288' title='bbox 584 3815 739 3878; x_wconf 91' lang='lat' dir='ltr'><strong>dominum</strong></span> <span class='ocrx_word' id='word_1_289' title='bbox 762 3824 923 3895; x_wconf 87' lang='lat' dir='ltr'><strong>patronum</strong></span> <span class='ocrx_word' id='word_1_290' title='bbox 945 3837 1001 3896; x_wconf 90' lang='lat' dir='ltr'><strong>pro</strong></span> <span class='ocrx_word' id='word_1_291' title='bbox 1034 3821 1142 3881; x_wconf 89' lang='lat' dir='ltr'><strong>stantia</strong></span> <span class='ocrx_word' id='word_1_292' title='bbox 1166 3828 1197 3882; x_wconf 92' lang='lat' dir='ltr'><strong>et</strong></span> <span class='ocrx_word' id='word_1_293' title='bbox 1229 3839 1312 3882; x_wconf 89' lang='lat' dir='ltr'><strong>cum-</strong></span> 
     </span>
     <span class='ocr_line' id='line_1_33' title="bbox 125 3904 1392 4003; baseline 0.009 -27"><span class='ocrx_word' id='word_1_294' title='bbox 125 3917 172 3977; x_wconf 90' lang='lat' dir='ltr'><strong>bis</strong></span> <span class='ocrx_word' id='word_1_295' title='bbox 209 3919 382 3996; x_wconf 89' lang='lat' dir='ltr'><strong>petivimus.</strong></span> <span class='ocrx_word' id='word_1_296' title='bbox 433 3917 492 3991; x_wconf 90' lang='lat' dir='ltr'><strong>Qui</strong></span> <span class='ocrx_word' id='word_1_297' title='bbox 521 3928 629 3981; x_wconf 87' lang='lat' dir='ltr'><strong>vocato</strong></span> <span class='ocrx_word' id='word_1_298' title='bbox 662 3922 811 4000; x_wconf 87' lang='lat' dir='ltr'><strong>scriptore</strong></span> <span class='ocrx_word' id='word_1_299' title='bbox 843 3923 928 3983; x_wconf 90' lang='lat' dir='ltr'><strong>navis</strong></span> <span class='ocrx_word' id='word_1_300' title='bbox 962 3929 993 3984; x_wconf 90' lang='lat' dir='ltr'><strong>et</strong></span> <span class='ocrx_word' id='word_1_301' title='bbox 1023 3941 1135 4003; x_wconf 88' lang='lat' dir='ltr'><strong>parano</strong></span> <span class='ocrx_word' id='word_1_302' title='bbox 1170 3943 1204 3986; x_wconf 89' lang='lat' dir='ltr'><strong>ac</strong></span> <span class='ocrx_word' id='word_1_303' title='bbox 1237 3925 1311 3987; x_wconf 92' lang='lat' dir='ltr'><strong>duo·</strong></span> <span class='ocrx_word' id='word_1_304' title='bbox 1390 3904 1392 3908; x_wconf 39' lang='grc'><strong>’</strong></span> 
     </span>
     <span class='ocr_line' id='line_1_34' title="bbox 124 4020 1314 4105; baseline 0.009 -25"><span class='ocrx_word' id='word_1_305' title='bbox 124 4020 182 4081; x_wconf 92' lang='lat' dir='ltr'><strong>bus</strong></span> <span class='ocrx_word' id='word_1_306' title='bbox 219 4020 396 4084; x_wconf 81' lang='lat' dir='ltr'><strong>custodibus</strong></span> <span class='ocrx_word' id='word_1_307' title='bbox 420 4025 557 4096; x_wconf 87' lang='lat' dir='ltr'><strong>carinae,</strong></span> <span class='ocrx_word' id='word_1_308' title='bbox 596 4043 677 4105; x_wconf 85' lang='lat' dir='ltr'><strong>quos</strong></span> <span class='ocrx_word' id='word_1_309' title='bbox 711 4024 889 4103; x_wconf 87' lang='lat' dir='ltr'><strong>guardianos</strong></span> <span class='ocrx_word' id='word_1_310' title='bbox 919 4034 1044 4099; x_wconf 89' lang='lat' dir='ltr'><strong>vocant,</strong></span> <span class='ocrx_word' id='word_1_311' title='bbox 1084 4030 1210 4090; x_wconf 88' lang='lat' dir='ltr'><strong>contulit</strong></span> <span class='ocrx_word' id='word_1_312' title='bbox 1244 4048 1314 4091; x_wconf 91' lang='lat' dir='ltr'><strong>cum</strong></span> 
     </span>
     <span class='ocr_line' id='line_1_35' title="bbox 127 4123 1314 4207; baseline 0.013 -26"><span class='ocrx_word' id='word_1_313' title='bbox 127 4124 171 4181; x_wconf 87' lang='lat' dir='ltr'><strong>eis</strong></span> <span class='ocrx_word' id='word_1_314' title='bbox 193 4123 232 4184; x_wconf 90' lang='lat' dir='ltr'><strong>de</strong></span> <span class='ocrx_word' id='word_1_315' title='bbox 256 4123 324 4185; x_wconf 89' lang='lat' dir='ltr'><strong>loco</strong></span> <span class='ocrx_word' id='word_1_316' title='bbox 347 4128 437 4189; x_wconf 88' lang='lat' dir='ltr'><strong>uobis</strong></span> <span class='ocrx_word' id='word_1_317' title='bbox 461 4127 582 4189; x_wconf 79' lang='lat' dir='ltr'><strong>dando·</strong></span> <span class='ocrx_word' id='word_1_318' title='bbox 612 4128 752 4189; x_wconf 85' lang='lat' dir='ltr'><strong>Accenso</strong></span> <span class='ocrx_word' id='word_1_319' title='bbox 775 4145 847 4207; x_wconf 86' lang='lat' dir='ltr'><strong>ergo</strong></span> <span class='ocrx_word' id='word_1_320' title='bbox 870 4128 982 4191; x_wconf 89' lang='lat' dir='ltr'><strong>lumine</strong></span> <span class='ocrx_word' id='word_1_321' title='bbox 1005 4130 1220 4194; x_wconf 86' lang='lat' dir='ltr'><strong>descendimus</strong></span> <span class='ocrx_word' id='word_1_322' title='bbox 1244 4151 1314 4196; x_wconf 91' lang='lat' dir='ltr'><strong>cum</strong></span> 
     </span>
     <span class='ocr_line' id='line_1_36' title="bbox 130 4226 1314 4315; baseline 0.014 -30"><span class='ocrx_word' id='word_1_323' title='bbox 130 4226 233 4287; x_wconf 86' lang='lat' dir='ltr'><strong>eisin</strong></span> <span class='ocrx_word' id='word_1_324' title='bbox 254 4229 387 4293; x_wconf 79' lang='lat' dir='ltr'><strong>cumam</strong></span> <span class='ocrx_word' id='word_1_325' title='bbox 416 4236 450 4294; x_wconf 84' lang='lat' dir='ltr'><strong>et</strong></span> <span class='ocrx_word' id='word_1_326' title='bbox 471 4250 579 4296; x_wconf 88' lang='lat' dir='ltr'><strong>omnes</strong></span> <span class='ocrx_word' id='word_1_327' title='bbox 612 4232 739 4311; x_wconf 83' lang='lat' dir='ltr'><strong>angulos</strong></span> <span class='ocrx_word' id='word_1_328' title='bbox 767 4233 978 4307; x_wconf 83' lang='lat' dir='ltr'><strong>lustravimus,</strong></span> <span class='ocrx_word' id='word_1_329' title='bbox 1010 4235 1043 4297; x_wconf 91' lang='lat' dir='ltr'><strong>in</strong></span> <span class='ocrx_word' id='word_1_330' title='bbox 1064 4235 1125 4299; x_wconf 83' lang='lat' dir='ltr'><strong>fine</strong></span> <span class='ocrx_word' id='word_1_331' title='bbox 1149 4240 1252 4299; x_wconf 87' lang='lat' dir='ltr'><strong>autem</strong></span> <span class='ocrx_word' id='word_1_332' title='bbox 1275 4235 1314 4315; x_wconf 80' lang='lat' dir='ltr'><strong>ad</strong></span> 
     </span>
    </p>
   </div>
   <div class='ocr_carea' id='block_1_5' title="bbox 0 0 1442 4770">
    <p class='ocr_par' dir='ltr' id='par_1_5' title="bbox 0 0 1442 4770">
     <span class='ocr_line' id='line_1_37' title="bbox 0 0 1442 4770; baseline 0 1"><span class='ocrx_word' id='word_1_333' title='bbox 0 0 1442 4770; x_wconf 95' lang='lat' dir='ltr'><strong> </strong></span> 
     </span>
    </p>
   </div>
  </div>
 </body>
</html>
