2902 4710
741 132 805 204 386

185 317 305 390 oportet
328 311 514 391 singularem
536 309 576 369 ibi
590 316 721 371 rentum
745 308 855 369 babere
880 304 953 388 (b),
983 307 1052 370 ideo
1082 308 1126 368 illi
1148 307 1373 386 gubernatores

184 421 255 476 sunt
278 415 393 494 experti
408 414 607 491 vauruspices,
631 420 739 474 ventos
756 412 982 473 considerantes
998 418 1150 472 eteorum
1167 410 1373 485 durationem,

185 519 244 577 nisi
267 519 348 578 enim
371 525 479 579 ventus
502 516 591 577 duret
614 534 711 595 usque
735 518 765 577 in
794 523 914 595 portum
937 515 1153 587 Venetianum‚
1183 515 1262 575 male
1288 522 1371 581 stant

184 638 276 684 naves
299 624 330 683 in
353 621 521 683 Venetiola.
568 619 639 680 ldeo
654 627 789 703 propter
817 620 1023 698 periculosum
1052 620 1221 696 ingressum
1244 618 1371 680 navium

183 727 214 787 in
237 733 357 804 portum
379 725 580 787 Venetianum
603 743 664 784 non
687 730 822 802 possunt
838 723 984 785 Venetiae
1008 722 1105 783 classe
1129 724 1289 801 peregrina
1312 740 1369 802 op-

184 831 319 912 pugnari.
364 827 457 909 lgitur
479 827 583 888 classis
607 827 759 889 ferebatur
774 835 864 888 vento
881 826 1015 888 secundo
1032 828 1061 886 in
1077 825 1282 902 Yenetiolam‚
1309 846 1370 890 nec

186 941 251 996 erat
273 932 400 1011 amplius
424 933 514 993 timor
538 931 575 992 de
599 931 733 1010 periculo
766 949 825 991 nec
847 930 987 1003 dubium,
1020 931 1092 1008 qnia
1115 916 1369 1012 mane'e‘ssemus

189 1039 220 1099 in
242 1044 331 1115 portu
354 1043 478 1114 optato,
507 1041 692 1114 quapropter
716 1034 829 1095 lactum
862 1043 910 1096 est
945 1034 1172 1112 carnisprivium
1204 1037 1234 1095 in
1257 1035 1368 1108 classe,

186 1142 218 1202 et
240 1139 383 1218 gaudium
405 1139 518 1216 majus,
553 1156 644 1217 quam
677 1156 820 1217 umquam
851 1140 882 1199 in
912 1139 997 1216 galea
1026 1137 1163 1199 viderim.
1204 1129 1262 1200 Est
1285 1142 1369 1201 enim

185 1245 294 1306 modus
319 1251 350 1305 et
373 1243 561 1304 consuetudo
585 1245 829 1314 marinariorum‚
855 1242 935 1320 quod
958 1242 1077 1320 quando
1100 1250 1170 1322 post
1190 1245 1367 1305 transmari·

184 1355 254 1412 nam
278 1351 498 1427 navigationem
521 1347 558 1409 ad
582 1355 704 1426 portum
728 1365 816 1408 suum
839 1349 981 1418 veniunt,
1017 1348 1093 1406 miro
1116 1348 1268 1426 triumpho
1292 1366 1381 1426 gau·¹

185 1456 267 1518 dent.
312 1452 426 1514 Eodem
442 1470 511 1515 sero
527 1453 729 1513 lautissimam
746 1469 875 1511 coenam
890 1441 1057 1536 habuimus,
1082 1471 1188 1516 carnes
1205 1461 1235 1514 et
1251 1440 1365 1532 pisces.

182 1558 265 1620 lnter
287 1561 387 1638 pisces
410 1558 466 1619 fuit
489 1575 545 1645 per
566 1574 673 1618 narem
691 1555 872 1635 ,distributus
896 1573 972 1617 unus
990 1572 1099 1616 cancer
1122 1557 1207 1618 valde
1224 1574 1365 1634 magnus,

184 1681 275 1742 quem
297 1664 328 1723 in
343 1660 480 1723 Parentis
499 1661 639 1722 cellarius
656 1666 784 1731 emerat,
810 1659 846 1719 de
871 1677 930 1737 quo
954 1659 1040 1721 multi
1055 1660 1193 1721 homines
1210 1661 1365 1724 sufficien-

183 1769 255 1827 tiam
279 1766 435 1827 habebant.
482 1766 559 1826 Sunt
583 1767 664 1826 enim
688 1767 718 1825 in
735 1763 892 1842 paludibus
918 1765 1008 1824 maris
1030 1763 1118 1826 valde
1134 1767 1234 1844 magni
1249 1767 1363 1837 cancri,

182 1869 360 1930 durissimae
390 1875 487 1930 testae
520 1876 551 1929 et
573 1871 754 1947 optimarum
787 1851 929 1935 carnium.
986 1867 1020 1928 ln
1050 1867 1197 1946 aliquibus
1226 1872 1363 1948 partibus

183 1977 275 2035 maris
298 1981 369 2034 sunt
391 1976 432 2034 ita
455 1975 569 2051 magni,
604 1979 638 2032 ut
667 1973 820 2032 hominem
850 1971 965 2049 forcipe
994 1989 1048 2031 sua
1076 1971 1299 2050 apprehensum
1330 1977 1362 2035 in

184 2093 266 2139 mare
289 2075 411 2138 trahunt
435 2084 466 2136 et
489 2078 695 2154 submergunt.
725 2073 867 2137 hibertus
891 2075 972 2148 dicit,
997 2075 1077 2154 quod
1093 2078 1274 2155 quandoque
1299 2078 1362 2140 ior·

183 2182 251 2263 cipe
274 2183 341 2243 navi
364 2181 501 2242 immissa
525 2197 592 2250 eam
622 2178 804 2258 dimergunt.
848 2180 964 2240 Cancer
987 2180 1065 2239 sicut
1093 2182 1212 2258 scorpio
1236 2189 1364 2260 propter

183 2285 264 2346 toris
288 2287 488 2347 ministerium
511 2288 540 2345 in
565 2285 698 2345 eoeleste
722 2286 841 2363 signum
863 2282 1022 2344 translatus
1047 2290 1123 2355 est,
1142 2301 1209 2344 nam
1232 2283 1363 2362 Jupiter,

182 2407 251 2450 cum
266 2389 391 2480 vidisset
402 2388 642 2481 juxtaCapream
655 2387 899 2449 Garamantidem
915 2387 1077 2466 nympham
1093 2389 1362 2466 speciosissimam,

181 2493 331 2554 lavantem
354 2492 448 2573 pedes
473 2511 553 2564 suos,
581 2500 614 2555 ut
638 2500 703 2553 erat
725 2487 766 2552 in'
781 2491 935 2552 libidinem
958 2510 1079 2570 pronus,
1104 2510 1121 2552 e
1144 2494 1271 2570 vestigio
1287 2512 1362 2554 con·

182 2598 315 2658 cubitum
339 2597 404 2675 ejus
428 2599 556 2676 optarit,
580 2614 671 2675 quem
695 2615 764 2658 cum
779 2587 872 2674 'virgo
896 2596 1022 2666 vidisset
1045 2596 1082 2656 ad
1104 2613 1138 2656 se
1161 2597 1273 2681 uenire,
1298 2604 1364 2658 ter··

172 2703 237 2761 rita
259 2695 356 2761 noluit
376 2718 484 2780 capere
499 2701 618 2779 fugam,
641 2718 747 2780 rerum
764 2718 873 2786 cancer
889 2701 958 2778 pedi
974 2703 1161 2779 propinquus
1177 2700 1270 2779 pedis
1293 2701 1361 2779 ejus

182 2804 308 2883 digitum
325 2804 439 2884 forcipe
455 2802 653 2882 apprehendit
676 2811 706 2864 et
727 2806 842 2876 tenuit,
867 2822 944 2883 quae
960 2804 1032 2877 dum
1048 2823 1190 2866 cancrum
1206 2804 1360 2883 deponere

182 2914 357 2985 conaretur,
389 2909 564 2986 supervenit
585 2907 705 2984 Jupiter
738 2924 867 2985 eamque
899 2908 1197 2996 adrotumbabuit.
1243 2906 1362 2986 Jupiter

182 3027 254 3088 ergo
277 3010 314 3070 ob
336 3012 507 3090 impensum
522 3009 705 3071 beneficium
722 3028 864 3072 cancrum
885 3013 916 3072 in
933 3011 1019 3072 coelo
1046 3012 1156 3073 locavit
1178 3005 1360 3091 signumque

181 3112 295 3174 zodiaci
318 3113 401 3174 fecit.
914 3182 917 3187 ⁴
1032 3093 1048 3176 l.

268 3215 440 3279 Terminata
463 3200 565 3286 autem
588 3234 697 3290 coena,
722 3236 790 3280 cum
814 3219 888 3279 hora
903 3220 1013 3298 quietis
1031 3219 1216 3290 advenisset,
1239 3205 1359 3298 inquie-

180 3321 296 3382 tissima
321 3325 482 3384 commotio
515 3324 547 3383 in
575 3329 638 3383 tota
661 3323 758 3383 classe
789 3323 867 3384 laeta
897 3330 944 3387 est
973 3343 1009 3384 ex
1030 3319 1182 3395 'lactitia‚‚
1202 3330 1233 3384 et
1263 3331 1361 3385 totam

180 3435 301 3489 noctem
324 3429 493 3489 insomnem
517 3422 669 3498 duximus,
694 3429 763 3505 quia
786 3427 829 3486 illi
852 3412 1027 3499 cantabant,
1050 3430 1100 3489 isti
1123 3416 1284 3499 saltabant,
1309 3428 1361 3488 alii

180 3531 392 3603 comedebant,
426 3533 566 3600 bibebant
601 3538 632 3593 et
655 3549 703 3592 res
727 3533 961 3611 transponebant
994 3539 1025 3594 et
1047 3535 1226 3612 separabant
1247 3530 1299 3593 illa
1323 3534 1360 3611 ab

181 3635 263 3701 aliis.
294 3653 414 3708 saccos,
439 3640 545 3709 cistas,
568 3654 797 3709 vasa,vcassas,
833 3643 863 3696 et
888 3638 988 3697 omnia
1009 3638 1039 3697 in
1061 3644 1145 3696 motu
1169 3643 1268 3709 erant,
1300 3655 1360 3698 nec

179 3737 293 3797 lumina
316 3741 461 3800 exstincta
490 3746 560 3826 sunt
589 3740 638 3799 illa
670 3747 778 3812 nocte,
814 3746 936 3800 etcum
966 3740 1024 3800 boo
1055 3739 1230 3801 dulcissimo
1265 3746 1357 3802 vento

154 3838 360 3901 terebarnur.
407 3841 449 3902 Ex
473 3859 532 3920 qup
556 3843 637 3901 enim
669 3845 736 3903 cani
759 3846 906 3905 montium
935 3852 1109 3927 nostrorum
1131 3845 1262 3905 vertices
1286 3861 1358 3905 coe-

180 3950 287 4024 perant
309 3944 419 4017 ridcri,
443 3944 599 4007 ridebatur
621 3947 694 4006 mibi
718 3964 801 4009 mare
816 3947 984 4027 placidum,
1008 3954 1038 4008 et
1060 3947 1149 4007 nullis
1172 3946 1237 4008 iere
1259 3949 1358 4026 impe-

181 4047 277 4109 ditum
300 4046 456 4121 obicibus,
491 4056 522 4110 et
544 4047 639 4110 undas
663 4051 752 4118 solito
776 4053 904 4114 laxiores
928 4059 1100 4131 praestare,
1135 4057 1166 4112 et
1188 4069 1243 4131 spe
1267 4059 1359 4131 atque

181 4150 322 4213 ariditate
345 4151 540 4232 contingendi
567 4153 694 4228 littoris,
726 4157 841 4236 inquo
871 4157 957 4237 quies
988 4155 1219 4244 promittebatur
1243 4155 1359 4229 ¹lutura,
