2874 4770
682 165 746 239 174

91 389 94 393 .
128 348 268 428 geram,
285 349 456 430 suspiciens
477 350 509 410 in
532 349 670 422 coelum,
704 351 790 429 quasi
812 367 868 429 ρετ
889 350 987 411 Deum
1006 346 1130 424 jurans,
1163 369 1217 413 mc
1240 368 1308 412 esse

128 470 286 526 securum,
310 461 342 515 ct
362 471 418 533 per
434 453 590 515 brachium
605 470 656 514 mc
672 455 792 532 accepit
811 453 926 514 ducens
957 461 1123 526 citemus,
1147 455 1232 532 quod
1248 473 1306 515 nou

127 557 273 637 lugerem·
287 559 323 618 ab
346 576 393 621 eo.
439 558 511 620 Post
533 558 657 637 longum
680 559 838 618 circuitum
860 557 995 618 vicorum
1016 559 1048 618 iu
1071 558 1199 619 domum
1222 576 1306 619 suam

126 664 336 742 pervenimus,
360 681 437 742 quae
464 669 528 724 erat
544 662 652 723 domus
667 661 793 741 pulchra
813 661 977 738 stampis,
1000 663 1116 723 habeus
1131 664 1305 740 pavimenta

127 783 279 830 marmore
302 771 395 827 strata
416 767 511 845 polito
541 773 573 828 et
604 767 738 846 parietes
762 767 884 828 vestitas
906 766 1016 827 tabulis
1041 769 1241 837 marmoreis,
1277 771 1305 826 et

126 870 273 942 mirabar,
297 870 379 949 quod
402 874 568 951 sporturius
590 873 651 932 tale
673 871 817 950 palatium
835 871 968 931 baberet.
1014 871 1104 931 Duxit
1127 877 1234 931 autem
1257 885 1304 929 me

127 991 249 1035 sursum
272 971 310 1034 ad
332 976 521 1052 superiorem
541 976 686 1036 ambitum
700 973 810 1035 domus
824 974 862 1036 ad
877 991 967 1035 unam
984 987 1137 1035 cameram
1154 991 1303 1053 magnam,

126 1095 204 1156 quac
226 1078 314 1157 plenu
336 1079 433 1141 stabat
455 1080 546 1140 ramis
570 1079 752 1158 pulmarum,
784 1085 816 1138 et
838 1076 923 1140 dedit
945 1079 1019 1140 mibi
1042 1081 1202 1158 optionem
1224 1080 1303 1140 acci·

125 1181 228 1261 piendi
250 1182 386 1261 placitas.
431 1182 517 1263 Elegi
547 1199 619 1261 ergo
654 1201 728 1261 quas
756 1182 855 1254 volui,
887 1189 918 1244 et
949 1185 977 1243 ei
1000 1185 1162 1262 pecuniam
1194 1181 1303 1243 tradidi

125 1285 250 1346 Stabant
272 1293 375 1348 autem
396 1303 505 1348 uxores
521 1285 587 1363 ejus
609 1289 640 1347 iu
656 1288 734 1347 ostio
750 1287 872 1348 alterius
889 1304 1026 1348 camerae
1043 1293 1125 1347 retro
1142 1288 1301 1356 cortinam,

125 1394 157 1448 et
186 1389 306 1450 occulte
328 1389 558 1468 adspiciebsnt3·
580 1390 727 1468 colligatis
754 1397 855 1451 autem
887 1393 979 1451 ramis
1002 1367 1106 1469 accepi
1131 1408 1187 1452 eos
1211 1408 1302 1469 super

124 1492 284 1554 humerum
306 1499 338 1555 et
359 1491 514 1554 descendi.
546 1494 674 1555 Volebat
697 1501 798 1555 autem
822 1495 1006 1556 Sarracenos
1033 1494 1084 1554 ille
1100 1512 1224 1556 mecum
1248 1513 1300 1574 pro

124 1599 294 1660 reverentia
315 1599 423 1671 ivisse,
456 1596 512 1658 scd
534 1599 618 1660 uolui
649 1601 826 1672 aestimans,
850 1583 1000 1661 meviam
1026 1601 1115 1659 scire.
1161 1599 1300 1659 Processi

125 1715 198 1781 ergo
219 1720 275 1781 per
296 1704 437 1781 longum,
462 1710 493 1763 et
506 1722 587 1765 nunc
602 1722 658 1783 per
672 1705 773 1765 vicum
786 1703 872 1764 illum
887 1705 1006 1774 intravi,
1030 1720 1086 1781 per
1108 1703 1202 1763 alium
1217 1704 1300 1773 exivi

124 1811 157 1865 et
171 1808 267 1869 erravi
289 1808 349 1879 ita,
373 1806 454 1884 quod
470 1809 590 1886 penitus
614 1808 756 1885 ignoravi,
780 1804 926 1884 adquam
948 1814 1064 1886 partem
1083 1788 1300 1869 mediocrisne

125 1906 285 1982 deberem,
307 1927 366 1973 uec
388 1918 453 1972 erat
475 1913 506 1972 in
528 1909 580 1972 illa
601 1916 687 1989 purte
709 1910 792 1970 urbis
813 1910 972 1971 bominum
993 1910 1176 1988 frequentia.
1222 1908 1298 1970 Tau-

125 2011 196 2074 dem
226 2015 348 2075 obvium
376 2002 474 2076 habui‘
491 2014 637 2092 juvenem
659 2015 904 2087 Sarracenicum,
933 2013 971 2076 ad
1001 2030 1093 2092 quem
1121 2032 1183 2074 nou
1215 2015 1301 2075 aliter

123 2116 208 2197 loqui
222 2126 369 2199 poteram,
392 2121 467 2180 nisi:
493 2120 709 2191 oSarracene,
732 2118 846 2180 sontico
863 2118 1040 2179 Cathalauoi
1063 2117 1176 2178 Statim
1200 2126 1299 2180 autem

120 2221 241 2301 juvenis
259 2224 406 2286 intellexit
421 2243 471 2286 me
488 2242 619 2297 errasse,
636 2224 720 2285 etad
737 2223 885 2283 sonticum
902 2221 1126 2282 Catslouiorum
1142 2214 1298 2301 quaerere,

125 2327 324 2408 apprehendit
352 2330 534 2390 anteriorem
562 2334 682 2408 partem
713 2324 879 2407 scapularis
908 2328 968 2386 mei
1001 2332 1032 2386 ct
1064 2344 1134 2388 cum
1169 2327 1299 2387 clamore

124 2440 156 2494 et
178 2440 267 2496 cantu
298 2440 330 2494 et
351 2451 461 2515 magno
485 2437 548 2496 risu
571 2452 628 2516 per
652 2435 736 2498 vicos
759 2420 856 2510 ussine
881 2428 918 2490 ed
940 2429 1088 2491 lonticum
1110 2430 1300 2510 praedictum

125 2535 281 2619 (deduxit).
312 2536 425 2599 Multas
450 2538 619 2600 derisiones
642 2557 698 2618 per
726 2537 808 2598 illam
829 2536 909 2595 viam
931 2535 1076 2605 sustinui,
1108 2536 1175 2594 sine
1199 2540 1300 2595 tamen

123 2642 263 2703 molestia
291 2648 323 2702 et
350 2640 500 2714 laesione,
532 2660 591 2702 nec
619 2644 736 2719 curavi,
771 2638 825 2700 sed
848 2640 926 2700 laete
950 2645 980 2699 et
1002 2645 1155 2718 gratanter
1178 2639 1300 2719 suscepi

124 2744 334 2806 reductionem
356 2761 474 2815 meam,
508 2751 539 2805 et
565 2746 607 2805 ita
629 2763 728 2806 remos
751 2746 782 2805 in
806 2763 956 2807 cameram
983 2751 1117 2805 nostram
1149 2744 1242 2806 intuli
1272 2748 1300 2802 et

125 2854 259 2927 sportam
274 2847 355 2907 <mibi
377 2864 431 2925 ρτο
452 2847 496 2906 eis
519 2846 585 2907 lieri
606 2847 667 2908 feci
694 2854 725 2908 et
748 2849 817 2911 idco
840 2849 950 2911 multas
980 2847 1203 2910 sollicitudines
1231 2865 1300 2908 eum

126 2951 170 3010 cis
193 2950 283 3010 babui
307 2956 338 3010 et
359 2950 492 3023 labores,
515 2950 564 3013 vel
586 2951 664 3012 forte
686 2953 802 3032 plures,
835 2956 914 3016 sicut
936 2960 1087 3015 mercator
1108 2953 1222 3013 habere
1247 2971 1298 3032 po·

124 3058 187 3115 test
210 3071 280 3116 cum
297 3056 525 3135 pretiosissimis
548 3057 713 3131 mercibus,
738 3075 813 3136 quas
835 3077 891 3138 ρετ
915 3060 1051 3120 marein
1074 3064 1188 3119 terram
1210 3057 1300 3118 babet

125 3153 247 3219 (lucere.
1035 3144 1037 3147 .

131 3260 133 3262 ’
210 3265 249 3325 Et
272 3281 341 3326 cum
364 3262 424 3325 hoc
445 3262 509 3326 finit
530 3269 676 3327 tractatus
691 3267 840 3345 septimus
862 3269 955 3328 totius
970 3266 1152 3345 Evagatorii,
1177 3273 1210 3327 et
1231 3273 1300 3327 aute

124 3365 350 3430 inchoationem
379 3358 477 3432 octavi
506 3375 651 3434 tractatus
675 3370 846 3433 describam
868 3368 1095 3443 Alexandriam,
1132 3376 1164 3431 ct
1186 3372 1218 3431 iu
1241 3371 1299 3432 flue

123 3477 219 3536 totam
239 3472 421 3555 Aegyptum.
923 3458 926 3463 ’

125 3716 407 3835 Circumscriptio
435 3743 587 3818 civitatis
602 3741 840 3816 Alexandriae
861 3741 905 3816 ab
930 3741 1091 3834 antiquo,
1120 3744 1156 3816 et
1185 3742 1298 3836 qualis

487 3884 581 3938 nuuc
607 3866 653 3937 sit
678 3867 715 3938 iu
740 3866 927 3956 praesenti.

210 4080 391 4147 Alexandria
420 4083 524 4146 civitas
555 4083 651 4163 qualis
674 4086 714 4147 sit
735 4104 817 4148 nuuc
839 4103 876 4146 ex
897 4085 1071 4164 praemissis
1094 4092 1193 4166 patet,
1224 4089 1298 4150 olim

122 4196 225 4255 omen
247 4196 313 4256 eret
334 4189 439 4254 civitas
450 4187 585 4270 Aegypti
605 4191 757 4268 maxima„
774 4198 845 4254 ente
861 4188 974 4252 Christi
990 4189 1153 4254 adrentum
1174 4197 1298 4256 trecen·
