2902 4710
728 157 794 226 all

171 341 203 398 et
224 352 285 397 uuo
308 323 399 395 flante
423 351 484 394 non
506 339 635 414 possunt
657 352 749 398 naves
772 332 914 405 eradere,
940 332 995 394 sed
1017 349 1124 395 omnes
1139 329 1346 394 retrocedere.
1390 380 1399 393 .

170 439 223 501 llst
244 437 347 501 videre
361 436 496 499 Maleum
517 437 672 510 horribile,
696 440 765 516 quia
789 443 929 522 petrosus
951 454 1038 497 mons
1062 442 1117 505 est,
1140 438 1222 515 rupis
1247 436 1350 515 limpi-

172 540 295 605 dissima
318 540 355 602 de
379 539 527 620 profundo
544 542 634 601 maris
661 559 825 620 exsurgens
849 546 879 600 et
902 557 996 618 usque
1021 539 1058 600 ad
1080 526 1177 601 nubes
1201 558 1234 601 se
1258 538 1349 602 attol-

171 645 251 718 lens,
276 644 362 723 cujus
385 645 543 706 summitas
566 650 597 705 et
620 662 766 706 cacumen
790 662 911 723 semper
933 646 1071 706 nivosum
1095 650 1151 706 est.

257 785 290 847 ln
306 786 406 849 radice
421 786 537 850 Maleae
562 796 608 850 est
624 791 741 862 civitas,
764 804 841 868 quae
857 788 994 850 Malfasia
1011 788 1128 859 dicitur,
1149 786 1233 865 juxta
1256 805 1351 865 quam

172 892 282 954 crescit
304 895 498 972 praecipuum
520 895 639 964 vinum,
673 893 753 972 quod
783 911 855 956 vere
879 900 928 954 est
951 892 1152 962 maliatioum,
1185 896 1219 950 ut
1245 889 1352 956 dicunt

172 994 310 1075 quidam,
335 1002 365 1057 et
387 997 446 1057 hoc
468 997 540 1057 olim
565 994 730 1058 ducebatur
753 999 783 1058 in
807 996 1012 1058 occidentales
1035 1002 1146 1075 partes.
1177 994 1351 1072 Numquam

171 1106 310 1161 oretense
333 1100 434 1162 vinum
459 1105 541 1161 esset
564 1099 799 1161 occidentalibus
824 1102 997 1177 cognitum,
1032 1097 1086 1159 sed
1110 1102 1269 1176 postquam
1295 1115 1350 1175 gu-

174 1208 285 1263 statum
317 1208 364 1263 est
395 1210 534 1264 oretense
568 1221 637 1264 esse
668 1202 776 1266 melius
813 1192 984 1276 maliatioo,
1015 1209 1154 1264 cretense
1184 1207 1290 1261 emunt
1321 1206 1354 1260 et

173 1305 229 1366 sibi
245 1323 356 1366 nomen
372 1306 515 1367 maliatioi
530 1306 687 1380 tribuunt,
705 1326 766 1367 non
782 1294 1008 1384 enim'amplius
1025 1304 1145 1365 ducitur
1165 1304 1350 1366 malfaticum

171 1410 273 1470 vinum
296 1411 326 1469 in
350 1409 548 1481 occidentem,
573 1427 642 1470 cum
664 1407 800 1470 Malfasia
820 1408 883 1486 jam
906 1411 945 1469 sit
967 1408 1145 1479 Tuscorum,
1168 1409 1220 1487 qui
1243 1411 1348 1469 vineas

171 1528 232 1574 non
255 1512 404 1592 plantant,
428 1511 483 1573 sed
505 1511 577 1584 hoc,
602 1513 682 1592 quod
699 1513 783 1575 nobis
802 1511 839 1571 de
856 1514 972 1572 oriente
989 1510 1154 1583 adducitur,
1178 1501 1225 1572 est
1247 1512 1353 1572 vinum

174 1621 336 1691 creticum,
370 1618 407 1680 de
433 1620 521 1681 Creta
543 1619 592 1681 vel
617 1618 730 1680 Cardia
761 1625 792 1678 et
815 1616 852 1686 de
875 1615 1001 1678 Metona
1022 1622 1245 1685 transvectum,
1275 1612 1352 1673 nihil

172 1724 210 1786 de
233 1721 370 1784 Malfasia
401 1723 530 1793 habens,
563 1723 621 1782 nisi
655 1739 777 1782 nomen.
831 1719 886 1782 Vel
921 1720 1066 1780 creticum
1105 1720 1208 1779 vinum
1242 1714 1353 1777 dicitur

172 1828 361 1891 malfasetum
385 1833 436 1887 aut
463 1826 664 1897 maliatioum,
689 1827 768 1886 siout
789 1831 966 1885 metonense
990 1830 1021 1884 et
1049 1839 1216 1883 coronense
1241 1819 1354 1883 dicitur

172 1932 367 2002 malfaticum,
391 1932 460 2010 quia
475 1928 593 1992 Maleae
608 1932 693 2008 regio
712 1948 782 1990 cum
806 1931 924 1990 civitate
939 1926 1077 1989 Malfasia
1094 1932 1141 1987 est
1159 1925 1258 1988 media
1271 1927 1353 1986 inter

172 2036 292 2098 Cretam
315 2041 346 2096 et
368 2035 517 2096 Coronam
541 2054 576 2096 ac
600 2032 766 2095 Metonam.
811 2034 883 2094 ldeo
907 2035 1064 2110 utriusque
1083 2034 1185 2094 vinum
1210 2026 1353 2092 a'media

174 2144 298 2220 regione
316 2139 525 2201 denominatur
539 2139 738 2200 malfasetum.
780 2136 889 2199 Melius
905 2125 1007 2197 tamen
1023 2135 1124 2207 credo,
1147 2132 1228 2214 quod
1248 2136 1354 2194 vinum

175 2247 320 2306 creticum
342 2243 411 2304 ideo
436 2243 627 2305 malfasetum
651 2243 767 2304 dicatur
791 2261 807 2302 a
830 2240 978 2312 Mallicio,
1001 2241 1070 2302 silla
1093 2240 1208 2302 insulae
1232 2239 1351 2312 Cretae,

168 2349 253 2427 juxta
277 2368 366 2428 quam
390 2350 588 2427 praecipuum
612 2349 723 2408 crescit
746 2348 864 2417 vinum,
889 2363 981 2424 aquo
1005 2351 1101 2426 totum
1123 2345 1225 2404 vinum
1242 2343 1353 2431 Cretae

173 2452 362 2515 malfasetum
386 2452 510 2525 dicitur,
534 2461 567 2516 ut
590 2473 678 2533 supra
702 2454 829 2522 habetur
851 2452 913 2513 fol.
927 2448 1001 2522 ,169
1024 2454 1052 2513 b.

257 2589 289 2650 ln
321 2593 440 2654 civitate
462 2590 599 2655 Malfasia
623 2594 762 2655 dicuntur
785 2613 854 2655 esse
877 2596 1002 2673 pessimi
1026 2594 1164 2654 homines
1198 2599 1228 2655 et
1251 2593 1350 2654 homi·

173 2694 260 2754 nibus
285 2694 390 2755 alienis
414 2697 583 2769 durissimi,
612 2698 694 2772 unde
720 2704 826 2759 cavent
849 2700 968 2759 navium
993 2699 1225 2778 gubernatores,
1258 2715 1297 2757 ne
1321 2698 1352 2757 in

172 2805 294 2879 portum
317 2797 473 2878 Malfasiae
502 2803 623 2862 intrent.
671 2801 742 2873 ldeo
767 2802 880 2881 repulsi
904 2820 920 2862 a
942 2800 1046 2884 Malea
1071 2805 1350 2881 potiusrevertun·

173 2903 274 2961 turin
298 2902 460 2980 Cycladum
483 2904 611 2976 insulas,
643 2924 697 2983 per
720 2906 814 2966 multa
837 2909 928 2967 maris
951 2909 1062 2985 spatia,
1096 2925 1184 2985 quam
1209 2904 1290 2985 quod
1315 2904 1352 2966 ad

173 3005 248 3064 istos
265 3006 431 3080 malitiosos
447 3007 627 3085 confugiant.
657 3007 703 3070 Ad
721 3010 864 3071 malitiam
889 3012 970 3071 enim
994 3014 1128 3091 ipsorum
1153 2995 1223 3081 facit
1246 3027 1353 3070 eorum

173 3125 300 3178 nomen,
324 3111 394 3186 quia
417 3111 555 3172 dicuntur
579 3111 708 3185 Malfati,
731 3114 761 3207 id
786 3121 846 3186 est,
871 3116 941 3177 mali
964 3116 1031 3189 fati,
1055 3118 1101 3179 vel
1127 3114 1278 3184 malifacti,
1302 3112 1353 3176 vel

174 3213 409 3275 malefacientes.
929 3202 937 3212 ⁶

260 3354 305 3415 De
329 3355 551 3418 difficultatibus
575 3361 848 3439 navigantiumper
863 3357 994 3421 Maleam
1012 3363 1196 3440 experientia
1218 3360 1352 3438 sequens

172 3458 280 3519 melius
304 3458 424 3520 docebit
447 3462 593 3542 legentes.
622 3463 694 3525 ldeo
710 3463 845 3543 praefato
876 3464 939 3536 die,
965 3483 1034 3525 oum
1057 3465 1199 3526 meridies
1221 3463 1353 3534 adesset,

172 3564 254 3622 venit
276 3570 383 3624 ventus
406 3565 492 3626 fortis
516 3573 547 3627 et
569 3568 636 3630 tulit
658 3587 714 3629 nos
741 3574 867 3647 repente
891 3575 993 3629 contra
1009 3566 1140 3630 Maleam
1156 3566 1353 3646 praedictam,

173 3666 308 3741 quamvis
333 3673 433 3729 autem
457 3689 564 3750 magna
581 3675 737 3734 celeritate
760 3679 864 3734 contra
888 3691 954 3734 eam
979 3676 1203 3751 navigaremus,
1228 3689 1354 3750 parvam

172 3775 272 3849 tamen
297 3788 383 3848 spem
407 3774 555 3838 habebant
577 3781 673 3838 nostri
697 3781 927 3858 gubernatores,
952 3778 1033 3857 quod
1048 3761 1204 3839 vincerent
1227 3782 1258 3837 et
1281 3793 1353 3838 eva·

172 3870 297 3942 derent,
321 3875 513 3939 nihilominus
537 3887 639 3942 tamen
661 3889 766 3943 contra
789 3900 856 3943 eam
881 3884 1062 3947 conabamur
1086 3884 1238 3942 tentantes
1262 3897 1356 3959 prae-

172 3982 424 4056 tergressionem‚
460 3985 528 4061 quia
551 3986 577 4044 si
600 4003 667 4045 eam
690 3986 740 4046 illa
763 3985 812 4046 die
835 3987 1150 4065 pertransivissemus‚
1185 3984 1278 4045 altera
1303 3983 1361 4044 die·

172 4099 260 4143 mane
282 4084 312 4142 in
336 4090 424 4162 portu
446 4085 618 4147 Metonensi
648 4088 829 4160 fuissemus,
860 4089 896 4150 ad
917 4076 1018 4167 'quem'
1038 4088 1274 4150 desideravimus
1298 4105 1353 4148 ve-

171 4186 247 4249 nire.
292 4188 505 4268 Navigantibus
539 4208 611 4271 ergo
634 4194 720 4254 nobis
754 4193 819 4256 sole
841 4193 880 4256 ad
901 4211 1044 4259 oceasum
1069 4192 1238 4256 declinante
1262 4191 1355 4254 desiit
