2874 4770
681 174 747 246 libb

126 376 223 439 paene
245 373 342 436 nsque
366 351 539 432 adpellem
560 357 713 422 nostram,
748 355 780 410 et
802 366 966 428 numquam
994 353 1051 430 per
1075 356 1177 416 totam'
1200 371 1301 418 meam

126 462 402 543 peregrinationem
423 458 467 517 ita
488 444 685 534 indispositus
707 452 750 513 iui
772 449 924 525 redditus,
940 453 1026 531 ¹sicut
1048 472 1084 518 ex
1106 457 1301 522 inundatione

126 565 194 638 illa,
224 566 293 643 quia
316 563 407 624 homo
430 558 592 621 maditatus
615 554 791 633 naturaliter
813 555 846 617 irt
859 557 970 628 tristis,
993 559 1202 637 pusillanimis,
1229 583 1301 628 con·

128 676 242 731 tractus
266 686 303 729 er
338 664 499 744 frigoribus
531 668 563 722 et
585 668 667 721 totus
689 659 902 738 indepositus,
935 661 1011 723 sileo
1039 661 1077 724 da
1105 656 1302 746 impatientia,

127 791 187 852 qua
210 773 339 834 afficitur
352 771 458 840 homo,
483 773 514 828 et
529 765 567 827 de
583 762 788 826 sollicitudine
804 781 859 843 pro
876 764 983 836 rebus,
1005 782 1080 843 quas
1103 768 1195 831 horno
1211 771 1302 845 ducit,

128 895 237 958 aquam
258 894 319 938 non
340 872 577 942 sustinentibus,
599 876 633 931 ut
647 875 718 929 sunt
732 869 800 929 iibri
816 874 847 929 et
860 866 1042 946 hujusmodi.
1075 871 1178 936 Pluvia
1200 882 1303 938 autem

126 980 291 1043 inundante
318 978 496 1040 intravimus
526 974 690 1053 hospitium
722 972 760 1034 ad
787 971 1022 1053 exspectandum
1054 977 1303 1053 imminutionem,

127 1092 159 1147 et
180 1088 207 1146 si
228 1083 328 1164 pluvia
349 1083 507 1144 imminuta
521 1097 581 1140 non
604 1077 721 1152 fuisset,
744 1076 783 1139 ad
806 1079 969 1138 crastinum
993 1096 1098 1142 sursus
1114 1082 1304 1147 ascendisse·

127 1208 195 1252 mua
218 1187 257 1250 ad
279 1185 530 1267 pernoctandum,
562 1182 712 1261 siquidem
736 1184 767 1242 in
789 1199 914 1243 recessu
938 1200 1007 1244 meo
1030 1189 1188 1249 transitum
1215 1189 1305 1252 habui

128 1314 184 1375 per
208 1299 341 1354 castrum
363 1289 454 1363 iilud,
477 1291 555 1350 siout
577 1294 661 1366 putat
682 1286 714 1347 P.
742 1285 770 1348 1.
803 1286 865 1348 Fol.
890 1281 959 1357 tu,
983 1294 1015 1349 et
1036 1291 1162 1368 promisi
1185 1292 1305 1356 domino

127 1397 264 1478 Philippo
288 1397 391 1456 comiti
415 1394 453 1454 de
476 1390 640 1471 Kirchberg
663 1397 696 1451 et
719 1390 858 1454 dominae
883 1391 1088 1470 cunigundae,
1112 1398 1199 1458 matri
1223 1416 1307 1471 suae,

129 1501 211 1583 quod
232 1505 263 1563 in
286 1500 460 1562 reversione
485 1496 522 1558 ad
545 1514 598 1559 eos
614 1495 766 1557 declinare
782 1494 909 1567 veilem;
934 1495 972 1556 de
996 1514 1103 1576 magna
1119 1502 1199 1561 enim
1215 1500 1305 1563 allec·

129 1608 212 1668 tione
242 1610 408 1666 conventus
441 1603 536 1663 nostri
558 1598 711 1661 Ulmensis
742 1604 826 1660 erant
856 1617 963 1660 omnes
993 1600 1144 1664 dedomo
1174 1605 1242 1677 iila,
1277 1612 1309 1669 et

132 1719 193 1775 tota
217 1708 272 1793 (la)
295 1711 417 1773 familia.
447 1709 492 1770 De
516 1708 567 1768 illo
591 1706 724 1768 dominio
748 1707 779 1766 in
803 1705 999 1783 sequentibus
1015 1706 1083 1785 pius
1098 1711 1182 1770 venit
1204 1708 1306 1770 alioen·

131 1819 219 1892 dum,
252 1824 284 1879 et
306 1817 345 1878 de
367 1814 540 1887 venditione
564 1813 723 1874 comitatus
747 1807 911 1888 llirchberg
940 1812 971 1870 in
995 1828 1101 1873 manus
1124 1810 1308 1876 Bavarorum

130 1925 245 2005 patebit
259 1927 376 2002 postea.
406 1918 501 1999 lgitur
522 1934 592 1978 oum
606 1902 762 1996 paululum
785 1912 885 1992 pluvia
901 1923 1061 1989 cessasset,
1085 1935 1180 2004 equos
1202 1936 1307 1982 ascen·

132 2029 239 2101 dimus,
263 2034 295 2088 et
310 2031 414 2088 contra
428 2022 597 2086 Danubium
620 2021 820 2098 equitavimus
837 2020 867 2079 in
883 2021 1028 2080 terminos
1045 2019 1170 2083 dominii
1185 2021 1307 2086 Uimen-

131 2137 210 2196 sium
238 2139 269 2194 et
291 2147 389 2209 usque
422 2126 460 2189 ad
482 2131 680 2205 conspectum
705 2122 891 2184 delectabilis
914 2124 1042 2185 civitatis
1065 2123 1216 2190 Uimensis
1240 2145 1308 2209 per·

132 2238 279 2301 venimus.
327 2234 478 2307 Quantam
500 2236 601 2292 autem
622 2228 875 2299 consolationem,
910 2226 1140 2291 delectationem
1171 2238 1203 2292 et
1224 2234 1308 2294 laeti-

132 2343 206 2402 tiam
226 2343 257 2400 in
280 2344 405 2418 aspectu
428 2333 493 2412 ejus
514 2335 689 2406 habuerim,
724 2334 845 2412 pensari
867 2338 970 2412 potest
999 2351 1035 2396 ex
1057 2336 1203 2407 miseriis,
1236 2348 1312 2417 quas

134 2446 165 2504 in
188 2443 378 2520 elongatione
409 2441 444 2502 ab
468 2455 503 2500 ea
526 2438 665 2500 sustinui.
712 2436 863 2516 Singulari
895 2442 998 2498 autern
1028 2440 1126 2500 nitore
1154 2439 1311 2503 videbatur

135 2547 208 2608 mihi
230 2545 333 2606 civitas
348 2541 569 2623 resplendere,
594 2543 673 2620 ,quia
705 2542 920 2620 gubernatores
950 2539 1016 2619 ejus
1047 2543 1148 2605 medio
1171 2552 1310 2625 tempore

134 2659 234 2714 turres
264 2654 295 2708 et
323 2647 443 2709 moenia
475 2646 712 2719 reiormavsrant
746 2653 777 2708 et
799 2665 901 2708 muros
934 2647 1136 2712 exaltaverant
1167 2657 1197 2711 et
1220 2650 1311 2713 iorta-

133 2756 206 2816 litiis
229 2772 265 2816 ao
287 2749 555 2832 praesidiisnovis
578 2758 759 2814 ornaverant
783 2756 814 2812 et
835 2751 946 2812 vallum
969 2770 1080 2814 novum
1103 2754 1311 2817 circumduxe-

135 2867 216 2932 rant,
251 2875 321 2918 cum
344 2853 420 2935 palis
443 2860 475 2914 et
489 2853 654 2933 aggeribus
677 2869 712 2916 ac
734 2855 856 2916 fossatis
880 2873 956 2934 aqua
979 2855 1093 2936 plenis,
1127 2876 1195 2920 cum
1225 2860 1312 2921 novis

135 2963 275 3042 pontibus
298 2967 329 3022 et
352 2959 456 3039 portis,
480 2975 519 3019 ne
544 2959 593 3019 oui
615 2965 733 3037 pateret
754 2958 792 3022 ad
814 2959 958 3039 placitum
979 2962 1028 3023 via
1051 2961 1088 3023 ad
1111 2961 1234 3024 llumen.
1263 2963 1311 3025 in-

135 3087 227 3148 super
250 3067 285 3128 ab
309 3065 366 3127 alia
388 3068 473 3143 parte
497 3059 650 3133 fluminis,
672 3062 722 3123 ubi
745 3063 810 3142 ipsa
826 3065 930 3126 civitas
947 3071 1011 3137 est,
1034 3067 1223 3148 magnificam
1246 3086 1312 3129 mu-

136 3173 283 3233 nitionem
316 3173 472 3229 erexerant
502 3167 592 3228 tantis
625 3166 767 3243 expensis
799 3173 831 3227 ct
857 3168 1009 3230 laboribus
1041 3188 1075 3234 ao
1104 3172 1248 3250 ingeniis,
1280 3179 1314 3235 ut

136 3278 237 3338 cuncti
259 3274 395 3337 videntes
419 3273 634 3351 obstupescant
664 3276 696 3330 et
718 3271 878 3346 mirentur;
903 3292 973 3336 nam
1000 3292 1054 3355 per
1069 3276 1169 3355 ipsum
1193 3277 1312 3339 alveum

137 3377 269 3440 fluminis
299 3395 418 3440 murum
452 3379 624 3454 ingentem,
659 3376 792 3453 spissum
827 3383 857 3439 et
884 3378 978 3441 altum
1018 3379 1262 3452 aedificaverant,
1296 3398 1313 3442 a

136 3490 228 3565 ponte
252 3499 372 3544 sursum
395 3499 492 3559 usque
524 3478 561 3540 ud
583 3479 674 3541 linem
705 3479 834 3540 civitatis
865 3499 934 3545 cum
965 3484 1098 3545 turribus
1128 3492 1159 3546 et
1181 3502 1311 3564 propug-

135 3587 250 3649 naculis
273 3604 328 3665 per
351 3584 485 3647 medium
507 3584 601 3662 rapidi
625 3583 772 3644 decursus
795 3599 954 3663 aquarum,
988 3605 1064 3666 quae
1087 3591 1186 3651 omnia
1211 3594 1314 3650 contra

136 3690 320 3754 Bavarorum
342 3691 480 3751 incursus
510 3688 655 3750 iecerunt.
700 3685 762 3748 lllis
792 3690 979 3768 temporibus
1011 3697 1043 3753 et
1072 3695 1223 3754 civitatem
1251 3712 1313 3755 non

138 3797 237 3857 solum
260 3796 405 3856 munitam
428 3791 484 3854 sed
507 3798 537 3852 et
562 3797 697 3853 ornatam
713 3798 744 3854 et
760 3791 902 3854 decoram
918 3793 1118 3858 reddiderant.
1149 3797 1182 3858 ln
1198 3804 1313 3859 tantum

138 3907 239 3962 autem
262 3902 493 3962 venusi-averunt
516 3914 584 3957 earn
607 3898 692 3958 novis
719 3897 970 3975 propugnaculis,
994 3902 1088 3962 muria
1119 3907 1150 3962 et
1172 3902 1314 3974 turribus,

137 4010 172 4066 ut
194 4005 240 4067 vix
261 4002 370 4064 faciem
392 4003 474 4063 urbis
498 4019 685 4080 cognoscere
708 4017 832 4080 possem
862 4006 894 4061 et
919 4000 957 4063 de
973 4004 1052 4067 iacto
1075 4023 1142 4068 earn
1165 4024 1237 4086 prae
1259 4005 1314 4066 ‹le-

139 4125 210 4169 core
232 4126 293 4170 non
315 4109 486 4180 novissem,
520 4107 578 4168 nisi
601 4107 677 4166 situs
700 4104 825 4176 etalio,
857 4123 935 4185 quae
958 4110 1067 4170 mutari
1094 4127 1156 4171 non
1178 4115 1315 4190 possunt,

137 4206 257 4275 Ulmum
270 4218 407 4277 veterent
422 4209 693 4275 demonstrassent.
726 4209 802 4274 Cum
824 4209 934 4291 gaudio
957 4228 1031 4293 ergo
1054 4219 1085 4275 et
1107 4214 1315 4278 ammiratione

1073 4329 1109 4384 30
