2874 4770
199 352 314 395 nomen
343 335 536 411 imperatoris
569 342 602 393 et
633 336 665 393 in
687 336 829 411 mouenti
851 351 964 393 nomen
985 335 1187 413 patriarchae,
1215 338 1273 411 qm
1294 334 1393 397 luturi

201 444 299 499 111111.
327 436 409 497 111111
431 445 534 496 autem
557 437 758 516 philosophos
772 438 841 508 ille,
862 437 945 515 qued
958 437 1030 498 dum
1044 440 1122 500 laeta
1145 448 1232 500 esset
1248 440 1390 518 impletio

199 544 337 603 omnium
359 560 518 601 seruorum
540 541 621 601 iiliu-
644 540 821 613 columnae,
851 550 924 602 tune
946 544 1125 622 perderetur
1145 546 1218 606 urbs
1241 545 1307 605 illa.
1354 545 1391 604 Et

199 645 378 706 1111111111
401 653 459 705 est.
503 645 581 704 Nam
604 644 846 724 praesidentibus
869 646 1066 707 Constantino
1080 657 1111 708 et
1127 649 1287 727 Gregorio,
1311 667 1389 727 quo·

200 771 268 813 rum
291 754 414 812 nomina
435 752 466 811 in
489 752 606 811 ultimis
628 753 727 810 statis
748 760 852 821 erant,
885 760 974 831 capta
1006 753 1062 812 luit
1094 755 1209 812 civitas.
1258 752 1338 815 ldeo
1359 756 1390 814 in

200 859 341 918 columna
363 864 427 915 erat
451 856 614 933 seriptum:
637 854 852 914 Constantinus
871 873 923 914 me
946 855 1018 914 lecit
1041 864 1072 914 et
1093 855 1315 917 Constantinus
1338 875 1389 918 me

200 961 358 1023 dissolvet.
401 959 485 1021 llaec
517 958 660 1019 columna
689 960 773 1017 stetit
803 960 835 1018 in
857 959 989 1018 ecelesia
1010 959 1042 1018 S.
1066 961 1216 1020 Demetrii
1248 964 1281 1020 in
1306 962 1388 1022 Con·

201 1063 413 1144 stantinopoli,
436 1079 515 1140 quae
537 1064 569 1122 in
591 1064 732 1141 captione
754 1063 838 1121 urbis
861 1066 974 1141 pariter
995 1082 1065 1124 eum
1087 1065 1220 1125 eeclesia
1237 1065 1387 1144 dissipata

199 1171 274 1241 11111,
304 1187 396 1248 quam
427 1167 548 1246 quidam
578 1167 714 1227 Graecus
742 1166 852 1227 doetus
880 1170 1058 1246 saepissime
1088 1168 1162 1229 sidit
1192 1176 1227 1227 et
1256 1172 1387 1239 eunetis,

201 1292 280 1354 quae
303 1272 380 1341 diri,
406 1273 545 1331 11111111.

288 1378 334 1439 lle
357 1374 414 1433 liae
437 1374 512 1434 urbe
534 1380 565 1435 et
588 1373 656 1451 ejus
677 1374 942 1447 memorabilibus,
963 1375 1003 1436 de
1025 1375 1092 1453 ejus
1109 1375 1253 1456 proiectu
1275 1385 1308 1437 et
1333 1376 1385 1437 de-

200 1483 282 1544 lectu
305 1483 372 1543 libri
394 1480 476 1560 pleni
498 1486 580 1539 sunt.
610 1477 675 1538 lloc
698 1497 756 1556 ego
779 1497 841 1539 non
862 1479 940 1549 ridi,
962 1477 1063 1538 sedin
1083 1477 1287 1558 Hellesponto
1311 1481 1386 1541 mari

199 1588 305 1667 Aegeo
329 1587 472 1664 navigans
494 1590 619 1643 rentum
641 1592 672 1643 et
694 1584 773 1642 riam
795 1586 888 1642 maris
909 1583 1001 1642 habui
1025 1578 1090 1661 dij..

286 1692 341 1752 Est
363 1698 465 1751 autem
487 1691 543 1749 sita
567 1686 858 1766 Constantinopolis,
881 1686 1011 1757 11111111,
1034 1689 1065 1745 in
1088 1684 1233 1758 Thracia,
1263 1691 1317 1749 eui
1339 1707 1384 1750 re·

201 1798 283 1876 gioni
304 1812 416 1855 nomen
438 1791 521 1853 dedit
544 1789 651 1867 Tiras,
672 1791 753 1852 tilius
774 1789 899 1869 taphet,
933 1794 985 1869 qui
1007 1793 1138 1869 primum
1159 1792 1201 1851 ibi
1226 1790 1381 1863 habitarit.

200 1900 260 1960 Alii
281 1897 401 1968 dicunt,
432 1897 514 1975 qood
536 1916 554 1957 a
576 1899 701 1957 saevitia
723 1897 826 1975 populi
848 1894 978 1956 Thracia
1000 1900 1039 1956 sit
1061 1896 1157 1968 dieta,
1184 1899 1267 1959 sicut
1291 1901 1382 1958 etiam

199 2001 279 2081 apud
316 2001 438 2080 vulgare
474 2002 664 2062 teutonicum
699 2002 783 2060 saeri
818 1999 961 2061 dicuntur
996 2003 1089 2076 tmig
1125 2007 1157 2060 et
1193 2003 1383 2079 proroeatiri

200 2105 324 2182 tradite.
378 2104 490 2167 Poetae
523 2105 642 2178 dicunt,
685 2105 767 2185 quod
797 2115 921 2184 propter
946 2105 1092 2183 juvenem
1126 2106 1208 2166 illius
1247 2108 1382 2184 regionis

200 2209 334 2272 nobilem
358 2217 389 2271 et
411 2213 599 2284 animosum,
622 2213 676 2289 qui
697 2214 778 2289 regis
792 2210 1024 2272 Atheniensium
1039 2212 1129 2271 liliam
1144 2211 1254 2287 rapuit,
1278 2209 1384 2271 Traeia

201 2317 241 2376 sit
263 2316 353 2377 dieta.
397 2314 450 2375 Est
472 2333 544 2376 rere
565 2317 651 2393 regio
676 2315 814 2393 grandis,
835 2315 949 2375 liabens
972 2316 1009 2376 111
1031 2317 1149 2375 oriente
1164 2313 1383 2391 Propontidem

201 2438 272 2481 eum
294 2420 369 2481 urbe
391 2420 741 2499 Constantinopolitana,
769 2437 788 2479 a
810 2423 1028 2499 septemtrione
1059 2417 1149 2477 hahet
1172 2415 1288 2478 istrum
1323 2420 1384 2479 sire

200 2523 372 2586 Danubium
395 2523 537 2597 florium,
559 2542 577 2583 a
599 2523 727 2586 meridie
750 2541 834 2584 mare
855 2524 1008 2603 Aegeum,
1031 2523 1068 2583 ab
1089 2539 1203 2582 occasu
1226 2540 1304 2584 sero
1319 2521 1382 2585 lla-

202 2627 330 2689 eedonia
351 2628 397 2689 illi
419 2626 546 2704 adjacet

658 2930 928 3019 Peloponnesus.

288 3148 344 3211 Die
366 3146 486 3211 xxiii.
509 3148 656 3210 inutiliter
678 3150 877 3227 evagabamur
900 3167 956 3228 per
978 3165 1061 3208 mare
1076 3146 1215 3226 Aegeum
1239 3151 1269 3209 in
1294 3148 1380 3212 Pelo·

200 3272 337 3333 ponneso
370 3261 402 3314 et
438 3253 544 3314 duram
580 3261 701 3313 noctem
730 3253 903 3323 habuimus,
938 3270 1020 3313 mare
1052 3260 1153 3311 autem
1182 3249 1380 3315 Macedoniae

199 3359 344 3431 vidimus,
366 3360 511 3437 regionis,
534 3358 622 3434 cujus
642 3364 768 3435 aspectu
792 3376 917 3435 parsum
940 3356 1083 3435 gaudium
1105 3356 1281 3428 habuimus,
1312 3361 1381 3437 quia

201 3481 262 3524 non
285 3468 350 3523 erat
371 3464 487 3523 itineris
510 3465 621 3533 nostri,
651 3461 707 3522 sed
736 3469 843 3522 sentus
876 3462 996 3523 abduxit
1026 3480 1082 3521 nos
1105 3468 1208 3522 contra
1237 3468 1381 3543 regiones

201 3567 358 3643 aquilonis.
388 3568 472 3629 Haec
494 3565 673 3628 Macedonia
695 3572 744 3626 est
765 3566 925 3627 Alexandri
946 3564 1050 3644 Magni
1073 3567 1184 3645 patria,
1207 3569 1260 3645 qui
1284 3587 1381 3647 paene

200 3673 298 3728 totum
321 3668 437 3730 domuit
459 3671 614 3732 mundum.
654 3671 687 3732 lu
711 3670 761 3732 illa
784 3674 909 3749 regione
932 3678 1002 3731 sunt
1025 3689 1120 3731 venae
1143 3689 1253 3733 aureae
1279 3683 1310 3736 et
1333 3694 1381 3737 111·

200 3778 345 3848 genteae,
369 3779 400 3832 et
420 3775 613 3835 inveniuntur
635 3775 750 3854 lapides
774 3777 804 3837 in
828 3794 864 3835 ea
886 3777 1020 3854 pretiosi.
1068 3775 1300 3840 Demonstratus
1324 3780 1381 3842 tuit

199 3872 285 3933 nobis
308 3873 431 3952 alonge
444 3877 474 3935 in
489 3893 526 3936 ea
541 3877 705 3958 Olympus,
728 3898 816 3940 mons
839 3881 977 3941 excelsus
1001 3889 1031 3941 et
1056 3881 1228 3952 altissimus,
1253 3890 1286 3944 et
1302 3886 1381 3948 alius

199 3993 306 4046 muns,
338 3975 415 4038 Ossa
438 3978 551 4052 dietus,
584 3999 682 4061 aeque
704 3984 781 4044 altus
805 4002 841 4045 11
864 3984 931 4063 ejus
954 3989 1110 4064 opposit0;
1144 3985 1223 4047 unde
1256 3989 1381 4067 quidam

200 4078 334 4141 arbitrati
357 4089 444 4154 sunt,
477 4084 581 4145 ambos
605 4095 724 4150 montes
747 4107 841 4150 unum
864 4090 959 4150 tuisse
988 4097 1021 4151 et
1040 4090 1164 4151 tandem
1187 4108 1256 4152 cum
1281 4100 1384 4155 terrae

199 4190 283 4247 motu
306 4182 475 4263 disjunctos
504 4190 663 4268 peperisse
684 4191 814 4255 Pineum
843 4192 969 4257 flurium
1000 4200 1033 4255 et
1061 4194 1237 4275 paludibus,
1270 4197 1384 4276 quibus
