2874 4770
687 178 749 252 241

125 359 397 442 blultiplici'plaga
419 365 467 422 est
489 350 569 422 haec
587 360 658 422 urbs
687 361 724 426 in,
741 361 867 424 nihilum
897 358 1019 421 redacta
1042 378 1099 440 per
1120 360 1304 423 Sarracenos

125 470 167 529 in'
191 466 294 528 odium
326 463 585 544 Templariorum,
622 463 852 526 Johannitarum
879 471 922 525 ct
954 463 1208 536 Teutonicorum,
1250 483 1306 544 per

124 577 227 633 terrae
249 575 352 632 motus
383 574 415 629 et
429 586 485 649 per
506 567 732 630 inundationem
756 586 901 646 aquarum
924 566 1087 629 demente
1113 586 1129 628 a
1152 575 1238 647 tergo
1263 569 1305 628 ci·

124 676 226 739 vitatis
249 670 504 745 descendentem3
535 690 606 734 nam
630 690 717 732 mons
741 672 818 733 altus
842 673 952 733 civitati
975 674 1129 745 imminet,
1165 674 1194 732 in
1219 671 1305 750 cujus

126 777 205 840 clivo
227 779 342 858 optima
365 785 506 840 crescunt
528 781 614 849 vina,
647 785 678 839 et
706 777 829 850 dicunt,
853 780 930 840 vites
953 780 994 839 ita
1017 796 1140 858 magnas
1161 779 1202 839 ibi
1225 795 1304 850 esse,
1407 790 1410 797 '

126 881 210 962 quod
230 882 321 943 homo
343 900 405 942 nun
426 888 528 962 potest
543 883 688 962 ambobus
710 881 840 943 brachiis
864 880 1073 960 circumplecti
1099 899 1152 943 eas
1174 883 1304 960 stipites.

127 986 278 1050 Crescunt
300 989 393 1048 etiarn
414 987 456 1047 ibi
479 990 607 1050 corrobi'
620 990 650 1049 in
674 976 781 1064 magna
806 987 1008 1048 multitudine.

215 1090 315 1169 Super
337 1090 495 1152 Nimonam
523 1098 572 1153 est
600 1091 727 1171 quidam
749 1091 835 1153 locus
863 1109 1058 1163 nemorosus,
1091 1089 1166 1152 adeo
1197 1089 1305 1168 plenus

126 1195 319 1274 serpentibus
343 1202 374 1256 et
395 1196 510 1257 nocivis
533 1180 731 1267 animalibus,
763 1195 843 1274 quod
867 1214 957 1258 nemo
981 1201 1083 1275 potest
1105 1196 1146 1255 ibi
1169 1209 1305 1264 manere,

126 1297 187 1361 hoc
208 1304 310 1359 tamen
332 1317 392 1359 non
415 1300 553 1361 obstante
576 1303 607 1360 in
638 1299 739 1362 me'dio
770 1302 905 1361 nemoris
936 1303 1168 1365 construxerunt
1191 1297 1307 1373 antiqui

126 1406 230 1481 putres
252 1404 482 1475 monasterium,
513 1411 547 1465 ut
569 1403 747 1464 circumdati
761 1405 963 1484 ,serpentibus
992 1407 1090 1464 minus
1114 1404 1307 1465 visitarentur
1330 1426 1333 1431 ·

127 1505 388 1580 asaecularibus,
421 1525 550 1585 quorum
580 1510 685 1586 utique
709 1492 814 1569 crebra
844 1510 976 1569 visitatio
1005 1507 1123 1570 devotis
1152 1505 1305 1566 monachis

126 1596 266 1670 noscitur
289 1627 358 1671 esse
381 1611 519 1672 molesta.
551 1611 614 1672 Sed
635 1604 674 1671 ne
697 1620 856 1692 serpentes
878 1615 963 1691 ipsos
986 1615 1016 1673 in
1031 1612 1217 1673 monasterio
1240 1627 1305 1670 mo·

125 1711 254 1783 restent,
277 1714 414 1775 nutriunt
435 1714 657 1776 multitudinem
681 1723 846 1787 cattorum,
870 1718 921 1794 qui
944 1717 1135 1796 serpentibus
1159 1722 1190 1775 ot
1213 1714 1306 1773 muri·

125 1817 201 1899 bus,
223 1815 365 1897 gliribus,
394 1819 542 1879 soricibus
566 1805 743 1881 naturaliter
764 1819 958 1891 insidiantur,
990 1827 1021 1882 et
1044 1839 1097 1881 eos
1119 1837 1181 1881 non
1203 1800 1306 1879 sinunt

126 1913 224 1999 prope
246 1938 350 1982 muros
373 1924 500 1993 morari,
524 1924 628 2000 sicque
652 1923 799 2002 quottidie
822 1930 970 2004 pugnant*
980 1926 1051 1986 catti
1073 1925 1124 1985 isti
1148 1941 1218 1984 cum
1241 1916 1305 1982 ser·

126 2026 270 2104 pentibus
292 2041 310 2085 a
332 2028 425 2086 moris
448 2027 633 2104 repellentes
651 2023 723 2108 (b),
757 2028 895 2088 noctibus
918 2046 992 2090 vero
1014 2024 1164 2090 intersunt
1188 2032 1219 2087 et
1241 2024 1305 2085 olii·

128 2116 213 2190 einos
236 2129 510 2207 omnes-lustrant,
532 2147 571 2189 nc
595 2129 716 2208 aliquod
738 2132 846 2210 reptile
861 2133 902 2192 ibi
916 2148 1040 2192 manere
1056 2134 1167 2210 possit,
1191 2116 1305 2192 diurnis

126 2249 201 2295 vero
224 2231 305 2295 horis
328 2251 383 2312 per
404 2250 512 2294 nemus
536 2240 697 2311 vagantur,
722 2240 753 2294 et
777 2235 896 2312 quando
913 2235 985 2295 hora
1001 2234 1176 2295 reiectionis
1200 2250 1306 2294 eorum

125 2337 235 2408 instat,
256 2343 329 2397 tunc
351 2335 511 2415 deputatus
535 2336 701 2396 monachus
725 2337 875 2416 quandam
891 2355 1066 2419 campanam
1088 2335 1196 2418 pulsat,
1219 2333 1321 2411 cujus·

127 2438 285 2502 audientes
314 2457 423 2500 sonum
453 2458 560 2501 omues
589 2447 749 2500 accurrunt
782 2440 821 2501 ad
854 2442 956 2502 locum
985 2459 1058 2503 suae
1093 2439 1304 2511 comestionis;

126 2542 218 2606 habet
236 2545 322 2604 euim
345 2544 511 2623 murilogus
532 2545 646 2604 bonum
676 2543 825 2616 auditum,
859 2527 1017 2606 meliorem
1045 2545 1223 2615 odoratum,
1251 2541 1307 2603 sed

128 2649 278 2726 optimum
301 2650 407 2720 visum,
432 2667 491 2728 quo
515 2650 607 2727 etiam
629 2650 728 2708 noctis
751 2650 891 2710 tenebras
908 2656 1056 2729 penetrat,
1077 2643 1307 2729 propterquod

127 2756 229 2812 cattus
251 2751 376 2814 dicitur:
401 2759 499 2815 cattus
523 2753 605 2814 enim
628 2751 709 2814 idem
726 2760 789 2826 est,
814 2754 894 2832 quod
910 2756 1104 2832 ingeniosus,
1127 2752 1208 2813 unde
1232 2751 1307 2810 anti·

127 2855 182 2933 qui
203 2855 380 2929 eredebant,
405 2863 504 2918 cattos·
531 2875 601 2919 esse
625 2859 726 2918 socios
750 2857 909 2936 geniorum
931 2860 995 2922 sive
1018 2859 1135 2928 larium,
1160 2855 1306 2926 dicentes,

126 2954 212 3039 quod
232 2961 313 3038 genii
334 2980 395 3023 non
418 2965 538 3040 possint
560 2980 594 3024 sc
618 2961 816 3034 abscondere,
840 2964 912 3041 quin
929 2980 946 3023 a
961 2964 1048 3024 cattis
1063 2961 1231 3032 videantur,
1255 2959 1307 3037 qui

126 3062 300 3126 horninibus
323 3072 394 3127 suut
416 3067 590 3146 invisibiles.
636 3065 762 3129 Brutum
785 3074 886 3130 tamen
916 3066 1021 3130 dicunt
1048 3073 1138 3128 nocte
1167 3062 1307 3145 quadam,

126 3165 256 3229 dumio
279 3166 369 3230 domo
400 3187 471 3230 cum
501 3171 615 3231 lumine
645 3170 717 3248 quid
740 3177 858 3250 ageret,
890 3171 1003 3233 vidisse
1034 3177 1129 3232 atram
1157 3167 1307 3248 quandam

125 3272 306 3350 imaginem,
331 3279 363 3333 et
383 3274 580 3351 interrogata,
605 3291 682 3352 quae
706 3274 812 3336 esset?
841 3281 927 3347 tuus,
950 3275 1056 3354 inquit,
1080 3272 1176 3334 malus
1199 3272 1306 3350 genius

126 3370 215 3445 sum,
244 3382 274 3437 et
298 3378 343 3436 sic
365 3377 421 3437 sub
444 3378 540 3437 oculis
569 3379 703 3439 mirantis
736 3379 867 3440 evanuit.
912 3378 989 3437 Nam
1011 3377 1124 3455 antiqui
1147 3375 1307 3454 ponebant,
1358 3404 1393 3451 ap

127 3476 253 3540 cuilibet
274 3479 389 3540 homini
413 3498 534 3559 semper
557 3480 664 3541 adesse
687 3482 800 3542 bonum
823 3481 946 3558 genium
968 3481 1032 3541 sive
1055 3481 1166 3551 larem,
1190 3484 1221 3538 et
1242 3495 1306 3541 ura·

126 3579 206 3654 lum,
237 3585 316 3643 sicut
343 3583 503 3645 christiana
525 3587 636 3646 veritas
660 3583 749 3657 dicit,
783 3583 907 3643 cuilibet
934 3583 1048 3643 homini
1076 3584 1207 3643 sociatos
1237 3598 1306 3642 esse

127 3683 206 3748 duos
229 3688 370 3766 angelos,
393 3707 487 3749 unum
502 3690 631 3760 bonum,
654 3688 782 3749 alterum
797 3686 926 3758 malum;
950 3687 1029 3747 lares
1053 3694 1154 3748 autom
1168 3678 1307 3747 dicebant

128 3806 200 3851 esse
222 3789 300 3852 lilios
314 3789 461 3853 Mercurii
484 3799 517 3853 ot
529 3790 614 3853 Laris
630 3790 787 3872 Nymphae
811 3798 842 3852 et
864 3790 1024 3852 inhibitare
1048 3793 1178 3869 privatas
1200 3790 1306 3853 domos
1420 3858 1422 3862 y

127 3910 244 3973 easque
279 3902 310 3957 et
340 3896 478 3957 homiues
514 3895 667 3957 custodire
702 3901 733 3956 et
762 3896 794 3954 in
817 3896 971 3956 communi
1001 3896 1069 3958 loco
1092 3895 1200 3957 domus
1224 3894 1306 3955 habi·

126 4001 277 4061 tationem
298 3999 410 4062 habere
430 3999 515 4077 juxta
537 4002 655 4079 ignem,
677 3999 778 4077 ibique
794 4005 916 4061 veteres
933 4017 986 4061 eos
1001 4002 1061 4060 ritu
1076 4000 1307 4069 venerabantur,

127 4100 212 4182 quod
227 4105 333 4182 utique
347 4103 483 4164 nondum
499 4103 589 4184 plene
605 4103 749 4164 abolitum
766 4109 823 4163 est.
868 4105 904 4166 lit
921 4105 991 4184 quia
1007 4105 1077 4165 catti
1092 4100 1308 4163 scintillantem

126 4205 243 4271 babent
273 4209 373 4272 risum
391 4198 445 4270 ¹‘et
472 4207 604 4271 libenter
632 4212 789 4269 morantur
816 4203 902 4283 juxta
939 4208 1042 4288 ignem
1072 4210 1104 4269 in
1144 4205 1306 4274 cineribus,

1072 4324 1105 4378 16
