2874 4770
677 158 743 227 397

124 341 197 402 tiani
230 341 261 399 in
295 339 498 418 captivitatem
527 333 711 413 redegerunt
748 331 922 395 venditores
953 330 1065 411 tarinae
1100 337 1131 392 et
1163 326 1301 392 omnibus

126 443 291 504 emtoribus
325 448 358 503 ut
386 441 512 502 farinam
544 444 734 519 reportarent
765 436 981 498 mandaverunt
1015 446 1202 517 accensoque
1232 439 1302 517 igne

125 547 155 606 in
179 546 279 607 medio
306 547 434 607 llivialto
457 553 578 606 omnem
602 543 772 619 injecerunt
794 542 920 602 farinam
943 542 1228 603 ettcombusserunt
1245 544 1299 602 in·

128 651 212 710 linito
235 652 424 728 inspectante
449 649 572 728 populo.
604 647 677 706 Dies
700 648 751 706 ille
774 646 892 725 longior
904 645 979 704 mihi
994 647 1121 705 caeteris
1138 646 1301 717 videbatur,

128 773 183 833 pro
207 771 260 825 eo,
296 753 377 831 quod
410 756 439 813 in
472 753 636 812 crastinum
668 749 898 811 intendebamus
928 732 1087 820 recedere
1120 750 1191 812 licet
1223 755 1303 814 enim

126 858 196 918 urbs
220 856 386 918 Venetiana
408 859 448 916 sit
470 855 593 933 pulchra
617 860 647 914 et
680 855 824 914 mirabilis
858 860 888 913 et
912 855 1046 913 omnium
1077 871 1176 914 rerum
1200 855 1303 917 mundi

126 962 165 1022 sit
186 962 227 1021 ibi
251 959 446 1032 abundantia,
471 966 572 1019 tamen
595 958 653 1031 illi,
679 960 729 1036 qui
752 960 782 1018 in
806 974 843 1018 ea
865 959 928 1016 nati
951 964 981 1017 et
998 959 1120 1017 enutriti
1141 976 1202 1019 non
1225 967 1302 1033 sunt,

126 1065 228 1143 longas
251 1066 292 1125 ibi
314 1064 423 1125 habent
445 1064 552 1134 boras,
585 1079 642 1122 nec
666 1063 776 1122 morari
799 1062 839 1121 ibi
862 1060 974 1120 diutius
998 1061 1144 1133 delectat,
1178 1081 1232 1141 pro
1257 1081 1303 1136 eo,
1409 1118 1412 1135 ,

126 1167 207 1245 quod
230 1185 351 1246 semper
373 1168 464 1227 homo
488 1167 604 1228 alienus
626 1166 667 1226 ibi
690 1172 750 1226 stat
771 1168 802 1225 in
819 1164 949 1242 quodam
971 1169 1080 1226 timore
1105 1174 1135 1226 et
1158 1167 1303 1227 sollicitu-

127 1270 214 1343 dine,
237 1273 267 1331 in
291 1278 421 1343 tantum,
446 1271 532 1349 qnod.
551 1271 709 1349 aliquando
735 1271 857 1350 quidam
880 1289 940 1331 non
956 1277 1084 1348 possunt
1106 1272 1146 1331 ibi
1160 1288 1217 1330 nec
1234 1271 1302 1331 dor-

128 1376 203 1434 mire
226 1393 283 1436 nec
299 1378 471 1455 quiescere,
496 1394 624 1454 quorum
640 1377 756 1454 aliquos
772 1375 849 1447 vidi;
873 1393 943 1435 nam
966 1375 1056 1452 aliqui
1078 1376 1200 1448 timent,
1224 1373 1305 1454 quod

128 1479 199 1538 urbs
223 1481 420 1540 absorbeatur
442 1479 556 1539 lubrico
572 1479 696 1539 lundata
713 1479 908 1556 solo,⁴aliqui
924 1477 1004 1556 quod
1020 1477 1160 1538 fluctibus
1176 1481 1304 1541 obruan·
1399 1547 1403 1555 ‚

129 1587 177 1640 tur
198 1583 396 1652 irruentibus,
421 1583 511 1659 aliqui
529 1581 615 1661 ‘quod
639 1581 745 1643 domus
770 1583 846 1643 altae
870 1582 1024 1644 solvantur
1040 1584 1088 1643 ‘in‘
1101 1582 1304 1656 fundamento,

131 1684 220 1762 aliqui
240 1703 278 1744 ne
302 1687 399 1746 subito
423 1687 568 1746 tumultus
591 1686 642 1746 liat
665 1687 767 1764 populi
791 1688 897 1747 timent
920 1693 950 1746 et
974 1689 1003 1746 in
1028 1688 1175 1748 seditione
1200 1688 1304 1748 adver-

130 1807 181 1850 sus
205 1791 319 1851 alienos
343 1792 526 1853 occidantur.
558 1791 620 1851 Sed
641 1791 684 1851 illi
707 1794 832 1851 timores
857 1799 926 1852 sunt
950 1798 1000 1852 aut
1015 1794 1304 1869 superstitiosorum,

131 1901 181 1954 aut
204 1895 474 1972 phantasticorum,
499 1902 549 1957 aut
572 1894 847 1956 formidolosorum.
888 1895 1094 1974 superstitiosi
1116 1898 1222 1957 timent
1244 1915 1304 1957 non

129 2001 280 2070 timenda,
305 2008 336 2062 ut
358 2000 497 2080 Aegyptii
513 1999 658 2061 timebant
674 1991 814 2060 casurum
830 1998 963 2070 coelum,
987 2002 1013 2059 si
1029 1999 1175 2080 Apollinis
1191 2001 1305 2062 idolum

128 2111 349 2176 removeretnr;
374 2113 403 2165 et
427 2106 605 2184 phantastici
628 2105 752 2174 timent,
774 2102 927 2164 Atlantem
948 2103 1013 2164 lieri
1037 2104 1152 2167 fessum
1175 2113 1206 2167 et
1234 2124 1304 2167 cce·

129 2209 190 2268 lum
215 2207 399 2285 abjecturum
423 2226 439 2268 a
464 2227 512 2280 se3
539 2216 568 2268 et
591 2208 782 2268 formidolosi
805 2209 915 2267 timent
937 2207 974 2267 ad
997 2209 1129 2268 sonitum
1150 2217 1181 2269 et
1202 2228 1306 2271 casum

131 2307 185 2391 (b)
210 2311 273 2371 lolii
296 2312 334 2372 de
359 2313 466 2373 arbore
490 2311 635 2372 cadentis.
683 2309 744 2370 Sed
767 2318 797 2371 et
820 2310 955 2371 nonnulli
989 2310 1063 2371 iatui
1086 2314 1116 2371 in
1142 2316 1304 2374 securitate

131 2419 295 2477 existentes
325 2418 449 2486 timerit,
477 2422 507 2476 et
531 2417 596 2474 sine
619 2411 779 2473 formidine
814 2416 844 2473 in
868 2413 942 2474 locis
965 2416 1114 2476 insecuris
1137 2423 1216 2477 sunt.
1255 2417 1306 2478 Vi-

130 2518 220 2581 dide
243 2521 289 2580 bis
314 2538 420 2591 unum,
445 2536 515 2579 nam
537 2520 660 2580 vitricus
691 2535 777 2577 meus
800 2516 984 2578 conduxerat
1007 2518 1168 2593 famulum,
1204 2519 1306 2582 domui

131 2639 204 2684 suae
227 2625 424 2695 servientem,
449 2625 500 2701 qui
517 2628 580 2683 erat
596 2621 741 2691 villanus,
758 2627 796 2680 ‘et
811 2638 974 2705 numquam
989 2624 1020 2683 in
1037 2623 1156 2703 oppidis
1173 2632 1306 2686 moratus

130 2727 245 2800 fuerat,
282 2747 410 2807 cumque
433 2745 489 2806 per
511 2727 592 2786 diem
615 2742 707 2786 unum
732 2731 763 2786 et
785 2733 907 2786 noctem
930 2728 960 2786 in
984 2726 1074 2786 domo
1097 2735 1199 2790 nostra
1222 2745 1305 2789 man-

131 2833 238 2905 sisset,
261 2836 348 2912 petiit
371 2834 524 2892 licentiam
540 2829 686 2891 redeundi
710 2830 740 2889 in
762 2829 872 2900 villam,
897 2829 1018 2904 dicens,
1042 2850 1075 2893 se
1092 2833 1172 2894 nulla
1188 2836 1305 2894 ratione

128 2954 220 3013 posse
244 2955 375 2998 manere.
422 2937 558 3014 Cumque
581 2936 706 2996 vitricus
729 2937 816 2995 meus'
841 2951 963 2995 causam
980 2944 1153 3013 quaereret,
1179 2954 1305 3016 respon·

130 3039 187 3100 dit:
212 3058 301 3111 ecce,
325 3042 434 3119 inquit,
458 3039 579 3120 qnando
603 3040 719 3116 cogito,
744 3036 889 3118 oppidum
913 3057 982 3100 esse
1007 3058 1094 3101 muro
1119 3043 1251 3102 cinctum
1275 3047 1307 3102 et

129 3151 219 3205 nocte
242 3146 336 3224 portis
361 3145 511 3216 clausum,
534 3149 635 3205 tantus
653 3143 748 3202 timor
771 3161 819 3204 me
842 3142 970 3215 invadit,
995 3144 1076 3224 quod
1095 3146 1307 3205 inhorrescunt

130 3249 183 3326 pili
205 3251 311 3327 capitis
335 3250 403 3308 mei.
448 3248 560 3325 Sicque
584 3247 726 3307 dimissus
749 3265 890 3309 reversus
914 3254 962 3306 est
984 3250 1014 3307 in
1035 3248 1151 3318 villam,
1176 3247 1225 3307 ubi
1247 3264 1306 3307 nec

130 3354 208 3411 muri
236 3369 293 3412 nec
317 3357 421 3429 portae
454 3358 553 3420 erant,
589 3357 620 3410 et
649 3351 690 3410 ibi
717 3351 875 3427 quiescere
905 3353 1011 3427 potuit.
1058 3351 1108 3410 Sic
1137 3353 1228 3410 etiam
1260 3356 1307 3410 est

131 3454 299 3525 cumillis,
333 3457 383 3531 qui
413 3456 520 3513 timent
542 3452 686 3513 Venetiis.
734 3452 847 3512 Verum
877 3459 978 3513 tamen
1000 3452 1192 3512 nihilominus
1216 3467 1306 3511 causa

131 3564 235 3623 subest
251 3559 349 3637 aliqua
363 3560 478 3618 timoris
495 3561 524 3618 in
541 3557 689 3627 venetiis,
713 3573 781 3615 nam
807 3574 863 3634 ego
879 3558 944 3634 ipse
959 3573 1183 3633 nonnumquam
1199 3557 1305 3614 timore

132 3663 258 3724 allectus
281 3662 338 3723 lui:
372 3663 413 3721 ibi
436 3663 517 3720 enim
545 3679 606 3720 non
630 3659 748 3719 auditur
770 3659 876 3719 folium
900 3659 938 3719 de
961 3661 1067 3729 arbore
1090 3660 1216 3730 cadere,
1250 3657 1306 3720 sed

130 3775 245 3830 tantum
269 3769 413 3845 strepitus
438 3773 468 3826 et
483 3765 582 3843 fragor
596 3766 687 3824 maris
704 3764 740 3824 ab
756 3771 856 3835 extra,
879 3765 1041 3843 praecipue
1055 3764 1208 3835 noctibus,
1233 3763 1305 3823 dum

131 3875 231 3934 omnia
259 3874 289 3932 in
320 3871 438 3932 silentio
463 3875 547 3939 sunt,
582 3867 662 3946 quod
690 3886 752 3928 non
775 3870 881 3928 vitiose
904 3869 990 3928 timet
1018 3868 1118 3928 homo.
1164 3867 1306 3927 Solebam

131 3978 317 4056 frequentius
340 3979 370 4037 in
394 3974 501 4035 mediis
531 3973 670 4033 noctibus
701 3989 827 4050 surgere
862 3979 893 4033 et
921 3974 951 4032 in
980 3971 1108 4032 altanam
1141 3971 1305 4032 ascendere

133 4078 170 4140 ad
194 4083 378 4153 orationem,
407 4079 458 4141 ubi
481 4077 661 4158 quandoque
685 4094 757 4155 prae
781 4076 958 4138 contusione
981 4079 1097 4137 sonitus
1125 4077 1215 4136 maris
1243 4093 1305 4136 non

133 4190 268 4262 poteram
289 4202 423 4248 manere.
470 4181 600 4245 Cottidie
623 4183 714 4243 etiam
736 4182 778 4243 ibi
801 4187 944 4243 corruunt
966 4181 1044 4242 muri
1067 4186 1097 4241 et
1119 4178 1241 4252 domus,
1275 4183 1307 4240 et
