2902 4710
727 137 790 206 396

174 316 331 378 manifesta
353 317 455 387 lieret,
480 315 649 394 pronihilo
673 332 779 375 aurum
802 321 832 375 et
856 320 1015 393 argentum
1038 315 1266 392 reputabuntur.
1301 311 1355 374 ln·

174 421 369 499 dignabamur
383 417 503 479 Tiberio
527 427 651 499 propter
673 418 802 479 bominis
825 419 904 479 illius
921 418 1123 489 occisionem,
1148 417 1231 494 quia,
1255 417 1283 476 si
1304 433 1356 476 ars

174 524 222 584 illa
247 521 434 582 manifestata
456 522 579 594 luisset,
617 525 683 583 siue
707 522 808 583 labore
837 528 868 581 et
896 519 1097 582 sollicitudine
1129 525 1255 599 possent
1282 518 1356 580 duci

175 643 230 705 per
252 626 317 684 loca
339 642 419 685 vasa.
465 625 620 704 Fragilitas
644 627 764 695 illorum
786 644 927 689 vasorum
958 624 1022 685 sola
1049 640 1084 683 ea
1108 623 1207 683 reddit
1230 621 1299 683 vilia
1323 628 1357 682 ot

174 728 283 789 nullius
307 730 518 807 reputationis,
541 732 677 808 quamvis
701 732 761 790 sint
784 730 1027 808 elegantissimae
1051 729 1180 806 speciei,
1203 727 1269 785 visu
1285 725 1356 804 pul·

176 833 341 904 cherrima;
364 849 434 892 narn
457 832 529 893 dum
551 835 715 912 imperator
731 833 900 894 Fridericus
915 832 965 893 lll.'
988 850 1065 892 anno
1083 831 1245 910 praeterito
1271 835 1356 890 esset

175 935 311 996 venetiis
346 942 376 996 et
406 935 464 996 dux
496 955 566 997 cunr
595 942 701 997 senatu
735 939 763 996 ei
791 935 925 996 mirabile
956 934 1107 1014 quoddam
1136 952 1188 995 vas
1223 936 1357 994 vitreum

175 1038 332 1117 pulchrum
355 1039 442 1100 valde
465 1040 661 1111 obtulissent,
693 1048 725 1101 ut
748 1039 814 1117 ejus
838 1047 962 1119 aspectu
986 1039 1165 1117 laetaretur,
1188 1041 1358 1117 imperator

175 1150 275 1202 autem
299 1150 424 1222 accepto
459 1161 528 1205 vase
561 1162 632 1204 cum
654 1145 868 1223 aliquantisper
900 1142 964 1220 ejus
988 1144 1163 1204 ammiratus
1186 1142 1356 1219 pulchritu-

175 1246 276 1307 dinem
311 1245 464 1308 laudasset
501 1246 649 1306 artificum
685 1246 877 1317 industriam,
918 1265 953 1306 ex
985 1248 1152 1306 intentione
1193 1245 1281 1322 quasi
1320 1262 1358 1304 ex

175 1367 246 1409 casu
271 1350 347 1410 elabi
371 1351 507 1427 permisit
529 1368 580 1411 vas
605 1349 642 1410 de
659 1352 796 1411 manibus
813 1353 843 1410 in
858 1353 1080 1429 pavimentum,
1102 1347 1183 1428 'quod
1206 1351 1237 1408 in
1258 1339 1359 1408 'multa

176 1452 307 1513 concidit
338 1452 441 1513 frusta.
496 1451 536 1513 At
567 1455 730 1532 imperator
763 1457 850 1532 quasi
880 1456 1003 1515 territus
1033 1453 1071 1524 de
1102 1452 1232 1513 fractura
1264 1450 1357 1512 dixit:

175 1557 251 1628 beu,
273 1556 345 1634 quid
369 1556 499 1617 accidit?
523 1564 554 1618 et
576 1557 648 1619 dum
671 1557 793 1637 quidam
814 1559 939 1618 inutiles
955 1558 1101 1617 fracturas
1117 1556 1239 1624 levaret,
1264 1553 1358 1616 dixit:

176 1677 266 1731 ecce,
296 1668 441 1738 quantum
465 1662 615 1722 excellunt
639 1680 709 1722 vasa
725 1679 814 1723 aurea
831 1645 1032 1738 mergentes,
1057 1677 1186 1738 quorum
1205 1658 1359 1720 fracturae

175 1763 266 1824 utiles
290 1765 376 1823 sunt!
404 1764 445 1824 Ex
469 1783 527 1842 qua
550 1768 741 1846 imperatoris
764 1767 915 1826 locutione
932 1764 1042 1826 Veneti
1064 1766 1203 1825 instructi
1223 1765 1358 1841 impera-

176 1870 235 1927 tori
256 1886 309 1927 vas
332 1885 457 1929 aureum
474 1872 722 1947 propinaverunt,
746 1869 827 1948 quod
842 1872 995 1947 accipiens
1011 1885 1203 1948 nequaquam
1226 1864 1361 1946 projecit

175 1972 207 2030 in
228 1977 350 2031 terram.
380 1970 474 2049 Igitur
495 1973 581 2033 illum
603 1981 700 2035 totum
717 1973 798 2034 diem
820 1976 857 2039 in*
871 1974 1069 2051 occupatione
1085 1972 1213 2042 luimus,
1236 1977 1271 2031 ut
1287 1988 1360 2032 vasa

176 2064 280 2135 vitrea
294 2085 381 2137 caute
404 2076 666 2155 illigaremus‚'ne
690 2077 782 2138 ductu
806 2083 836 2138 et
859 2083 943 2137 motu
967 2081 1188 2155 rumperentur.

264 2229 374 2301 Quinta
398 2231 514 2294 decima
538 2234 585 2296 die
600 2211 697 2319 'mane
720 2237 855 2314 navigavi
878 2222 960 2295 ad'S.
977 2233 1169 2292 Domiuieum
1193 2235 1224 2289 et
1248 2222 1368 2290 iratres

176 2332 218 2392 ibi
241 2335 373 2404 visitavi,
398 2353 473 2414 quos
489 2338 529 2398 ibi
545 2341 630 2408 novi,
655 2346 685 2398 el
701 2338 810 2398 deiude
828 2338 944 2417 navigio
960 2333 1104 2396 descendi
1120 2333 1157 2394 ad
1173 2338 1360 2394 conventum

177 2436 207 2496 S.
234 2435 376 2499 Johanuis
400 2447 432 2499 et
455 2439 553 2513 Pauli,
586 2444 616 2502 in
641 2461 699 2520 quo
732 2444 823 2503 eliam
854 2448 942 2501 notos
971 2429 1057 2500 meos
1088 2437 1195 2497 iratres
1225 2438 1357 2498 visitavi.

176 2537 249 2599 Post
272 2541 328 2601 hoc
343 2544 530 2606 transmeavi
548 2547 651 2606 canale
673 2545 770 2625 majus
787 2545 824 2607 ad
841 2541 1047 2624 [hospitium‘ll
1069 2543 1259 2604 dominorum
1276 2540 1360 2601 Teu·

176 2646 359 2718 lonicorum,
382 2649 412 2706 in
438 2667 497 2727 quo
514 2650 615 2729 plures
643 2651 715 2711 mihi
741 2649 866 2711 allectos
893 2649 999 2720 habui,
1035 2647 1142 2724 quibus
1166 2646 1302 2706 salutatis
1326 2647 1358 2707 in

176 2764 278 2809 meum
301 2751 437 2828 navigavi
459 2752 568 2815 locum.

266 2904 357 2965 Sexta
381 2905 497 2969 decima
513 2909 561 2969 dic
580 2909 771 2988 illigaverunt
786 2913 988 2988 negotiatores
1007 2907 1172 2991 ‚Ulmenses
1195 2923 1250 2967 sua
1274 2923 1358 2966 mer·

178 3006 307 3068 cimonia
330 3010 360 3068 in
384 3009 513 3082 sontico,
545 3014 652 3090 quibus
676 3014 896 3093 supellectilem
920 3032 1019 3075 meam
1044 3016 1134 3076 otiam
1155 3003 1358 3082 involverunt,

177 3118 310 3187 sportam
334 3113 451 3174 scilieet
474 3134 542 3175 cum
566 3121 655 3178 ramis
679 3098 861 3197 palmarum,
885 3137 959 3197 quas
982 3121 1013 3178 ln
1028 3116 1208 3178 Alexandria
1232 3120 1357 3195 aptave-

177 3231 254 3284 ram,
287 3222 316 3275 et
340 3224 473 3294 sportam
495 3211 566 3279 eum
589 3220 737 3299 lapidibus
762 3221 800 3282 de
823 3225 935 3282 sanetis
969 3223 1043 3282 locis
1074 3219 1208 3280 collectis
1238 3222 1270 3276 ct
1293 3215 1357 3276 lec·

108 3392 121 3414 x
176 3319 273 3380 tulum
309 3339 428 3394 mcum,
471 3341 562 3401 quem
592 3328 622 3385 in
646 3317 829 3387 ¹Jerusalem.
860 3328 938 3397 emi,
982 3344 1081 3404 eoque
1111 3342 1166 3403 por
1199 3321 1357 3383 desertum

177 3430 209 3486 et
229 3443 311 3486 mare
335 3445 407 3487 usus
430 3427 492 3500 sui,
525 3436 555 3489 et
579 3433 678 3491 omnia
711 3432 781 3503 alia,
816 3447 892 3509 quae
924 3432 955 3490 in
984 3446 1062 3507 equo
1091 3427 1202 3497 ducere
1233 3442 1358 3485 mecum

176 3529 267 3590 nolui.
314 3531 399 3591 Circa
416 3550 558 3611 vesperas
580 3534 661 3594 illius
685 3534 746 3596 diei
763 3552 888 3614 magnus
908 3552 1073 3595 concursus
1089 3532 1271 3612 populorum
1286 3530 1354 3602 luit,

177 3637 420 3696 concurrentium
456 3637 492 3697 ad
516 3638 686 3699 Rivoaltum
720 3657 774 3717 per
797 3645 921 3718 pontem
954 3637 992 3697 ad
1014 3634 1178 3695 videndum
1212 3634 1354 3694 combus-

177 3737 292 3795 tionem
315 3737 427 3798 farinae
450 3739 632 3803 falsificatue.
655 3804 658 3812 Δ
680 3742 808 3815 Quidam
843 3743 923 3801 enim
947 3758 1053 3800 saccos
1077 3737 1181 3817 plenos
1205 3737 1300 3798 farina
1321 3739 1355 3797 in

177 3842 245 3902 navi
271 3841 449 3914 adduxerat,
474 3853 506 3904 ut
529 3847 689 3919 venderet,
714 3857 743 3909 et
768 3854 957 3926 compertum
982 3850 1044 3914 est,
1069 3842 1267 3923 quodliarina
1291 3846 1358 3901 erat

178 3947 279 4004 cinere
304 3947 449 4022 permixta
483 3954 514 4006 et
536 3949 618 4008 calce
651 3957 681 4010 et
706 3953 769 4012 aliis
795 3953 875 4013 ,albis
905 3950 1093 4030 pulveribus,
1128 3953 1160 4008 ut
1183 3965 1220 4008 eo
1252 3947 1356 4025 copio-

177 4050 240 4108 sior
263 4045 359 4119 esset;
376 4055 448 4110 erat
471 4052 552 4110 enim
575 4060 646 4112 tuuc
669 4053 764 4115 fames
787 4055 922 4115 Venetiis
948 4055 1042 4115 valida
1067 4060 1097 4114 et
1119 4052 1213 4114 farina
1234 4067 1270 4110 ac
1293 4049 1356 4112 iru-

178 4158 312 4213 mentum
334 4154 364 4214 iu
387 4153 452 4217 loro
476 4154 662 4217 charissimo.
710 4157 998 4240 Compertoautcm
1023 4156 1094 4219 dolo
1118 4156 1232 4220 domini
1253 4154 1357 4219 Vece-
