2874 4770
684 172 750 246 239

123 355 212 419 brari
232 353 402 434 provincias
417 358 650 432 percurrerunt,
672 351 726 414 DC
740 351 921 414 monasteria
935 357 1040 431 capta,
1062 356 1174 432 quanta
1195 351 1302 417 durio·

125 478 197 522 rum
218 474 317 538 aquae
338 458 472 519 humano
495 476 602 520 cruore
629 464 746 520 mutata
771 463 860 530 sunt,
893 461 967 534 quot
989 457 1125 519 dritates
1148 458 1303 531 obsessae,

125 569 211 625 totus
233 563 335 624 oriens
357 563 473 642 plangit
494 564 614 624 timore.

216 665 415 728 Concluditur
428 683 510 744 ergo,
533 665 617 744 quod
633 664 724 727 Turci
746 666 807 727 sint
821 662 953 742 Trojani,
976 681 1032 744 per
1045 663 1179 727 Turoum
1193 665 1304 728 ducem

127 772 213 835 ducti
235 771 275 833 de
304 769 397 849 'froja
418 772 451 832 in
475 773 725 851 septemtrionem
747 771 925 831 orientalem
948 767 985 830 ad
1007 771 1160 831 asiaticam
1183 769 1304 850 Scythi-

127 894 194 947 ιιιι,
226 880 258 936 et
279 875 351 954 quia
380 880 416 936 ιιι
436 877 494 938 viri
524 875 688 937 truculenti
717 873 883 938 bestialiter
910 873 1051 936 vivebant
1082 874 1147 935 sine
1177 874 1305 953 legibus,

125 976 299 1064 Alexander
319 981 420 1058 coegit
442 997 496 1040 cos
517 978 665 1041 secedere
688 979 766 1040 ultra
788 976 992 1056 hyperboreos
1016 982 1136 1038 montes
1159 983 1190 1038 ct
1212 977 1305 1039 tauri·

128 1087 235 1143 cuntm
245 1080 369 1154 insulas,
392 1088 498 1143 contra
520 1082 668 1161 aquilonis
691 1083 785 1142 ubera
798 1074 958 1141 includens
974 1096 1044 1152 eos,
1070 1081 1167 1141 exitus
1189 1082 1306 1142 riarum

127 1184 291 1247 obstruens
313 1185 520 1262 ciclaudenm
543 1202 691 1247 successu
709 1190 812 1245 autem
825 1185 988 1262 temporis,
1011 1201 1082 1245 cum
1096 1181 1306 1245 Machametus

128 1288 267 1353 diabolus
288 1289 461 1349 incarnatus
480 1286 545 1364 jam
568 1293 652 1349 essct
666 1288 779 1348 missus
801 1289 833 1347 in
848 1285 977 1359 mundo,
1000 1294 1033 1349 et
1045 1286 1172 1349 Satanas
1188 1286 1309 1349 solutus'

129 1395 234 1457 asnis
256 1393 397 1455 claustris
419 1392 526 1455 orbem
547 1399 722 1473 pervertere
744 1393 944 1470 incepissent,
967 1393 1139 1472 irruperunt
1161 1394 1253 1453 etiam
1275 1394 1307 1452 et

129 1496 223 1559 anoi
245 1498 394 1559 montium
417 1498 547 1559 claustra
568 1514 629 1556 non
652 1497 766 1575 absque
788 1494 897 1557 diaboli
919 1497 1072 1574 potentia,
1104 1502 1135 1556 et
1157 1495 1307 1573 coglobatl

129 1599 373 1664 blachometistis
387 1600 463 1663 lines
472 1602 709 1663 Christianorum
723 1616 821 1677 usque
836 1599 927 1661 hodie
942 1617 1003 1659 non
1018 1605 1139 1660 cessant
1153 1598 1306 1661 infestare.

217 1704 272 1767 list
287 1707 378 1766 etiam
405 1704 587 1777 notandum,
597 1748 599 1753 -
610 1703 692 1784 quod
715 1703 787 1764 dum
803 1704 851 1764 len
867 1701 1052 1764 Machometi
1065 1704 1214 1781 inciperet
1228 1703 1309 1764 circa

131 1825 228 1870 anuos
257 1807 381 1870 Domini
411 1811 664 1881 sexcentesimus,
696 1807 751 1869 sub
780 1806 937 1870 Boniiacio
958 1805 995 1868 V.
1029 1812 1061 1868 et
1082 1806 1221 1870 lleraclio
1250 1809 1308 1868 im·

130 1917 287 1991 peratore,
325 1912 462 1973 vixerunt
500 1912 632 1974 cultores
662 1910 739 1991 legis
772 1913 902 1990 turpiter
928 1917 960 1973 et
990 1911 1201 1974 inhumaniter.
1247 1909 1310 1973 Sed

131 2032 211 2077 anno
247 2015 369 2076 Domini
405 2013 609 2078 MCCLllllll.
647 2019 828 2095 inceperunt
866 2016 947 2076 inter
983 2032 1037 2076 eos
1072 2016 1137 2077 lieri
1174 2015 1310 2096 prodigia

134 2118 287 2181 mendacii
301 2103 340 2180 'et
362 2119 468 2198 religio
491 2119 612 2193 dolosa,
636 2126 667 2182 et
690 2118 898 2181 crudehssima
917 2118 1065 2197 quaedam
1079 2119 1249 2180 humanitas
1272 2117 1311 2181 ad

133 2221 339 2293 Christianos,
372 2240 430 2300 qua
452 2216 580 2301 parcunt
602 2223 657 2284 suh
680 2240 714 2284 se
737 2221 849 2300 degere
872 2222 1058 2294 volentibus,
1080 2240 1139 2284 nec
1162 2222 1310 2300 abnegare

133 2329 267 2404 cogunt,
299 2343 370 2386 nam
394 2332 482 2387 antea
505 2343 628 2405 semper
656 2331 781 2386 cruento
804 2324 902 2404 gladio
924 2325 955 2384 in
980 2323 1165 2386 Christianos
1196 2326 1312 2386 saevic-

130 2430 224 2502 bant,
252 2436 285 2490 et
305 2435 379 2491 tuno
401 2427 496 2489 multo
520 2431 618 2491 minus
640 2430 671 2489 in
695 2427 886 2508 corporibus,
917 2428 949 2487 in
972 2428 1127 2488 animabus
1157 2433 1189 2489 et
1221 2427 1312 2489 rebus

131 2550 247 2595 nocem
262 2538 410 2611 poterant,
434 2549 525 2612 quam
542 2549 612 2592 cum
634 2533 700 2612 ipsa
715 2533 894 2609 impiissima
910 2531 1105 2603 humanitate,
1129 2537 1160 2593 et
1174 2532 1314 2593 simulata

135 2638 273 2716 aequitas
302 2635 415 2716 duplici
446 2633 669 2714 praeponderat
697 2635 872 2714 iniquitate,
912 2635 1079 2697 secundum
1100 2633 1312 2717 Augustinum.

134 2739 176 2802 Et
196 2745 312 2801 ιιιιιιιιιι
334 2737 463 2800 sufficiat
485 2736 601 2798 dictum
622 2738 661 2799 de
683 2738 746 2799 illo.

153 2846 164 2869 ⁸
222 2841 375 2904 Salamina
412 2858 485 2921 ergo
517 2840 621 2921 Cypri,
655 2843 760 2904 civitas
789 2841 900 2903 Teucri
930 2847 1065 2915 vetusta,
1098 2848 1220 2921 praeter
1245 2843 1313 2918 hoc,

134 2944 220 3026 quod
246 2944 325 3008 ludit
351 2946 439 3008 nohis
467 2944 590 3007 odiosos
615 2931 873 3024 detestabilesque
896 2944 1028 3019 Turcos,
1058 2945 1151 3008 edidit
1172 2949 1257 3010 nobis
1280 2948 1313 3012 S.

133 3048 302 3111 Barnabam
324 3047 518 3128 Apostolum,
553 3051 604 3129 qui
626 3051 668 3111 ibi
697 3050 874 3128 martyrium
901 3051 1060 3123 sustinuit,
1094 3057 1124 3113 et
1155 3054 1315 3115 amabilem

136 3157 334 3232 sanctamque
366 3153 513 3230 virginem
536 3152 745 3227 catharinam,
777 3170 855 3233 quae
877 3154 918 3214 ibi
940 3160 1010 3215 nata
1033 3171 1102 3216 essa
1126 3152 1253 3228 dicitur,
1282 3159 1315 3219 et

136 3257 171 3318 in
192 3256 263 3317 loco
283 3257 446 3319 nativitatis
470 3257 585 3335 capella
599 3255 689 3317 hodie
704 3258 871 3336 peregrinis
887 3265 1080 3320 monstratur.
1113 3257 1190 3321 Nam
1206 3259 1315 3322 Costus

135 3360 168 3421 in
197 3359 348 3421 Salamina
378 3361 426 3420 sui
455 3361 543 3439 regni
573 3358 677 3421 habuit
706 3361 813 3422 sedem
862 3360 947 3423 Hanc
976 3364 1126 3425 civitatem
1154 3363 1316 3426 nonnullae
1385 3408 1396 3427 t

134 3464 280 3525 historiae
297 3462 505 3524 Constantiam
521 3462 613 3541 Cypri
629 3465 800 3536 nominant,
824 3464 906 3543 quod
923 3471 970 3526 est
985 3482 1097 3526 nomen
1112 3465 1178 3544 ejus
1194 3485 1315 3541 novum,

135 3573 171 3629 ut
193 3565 268 3629 dicit
288 3565 490 3646 Hieronymus
520 3564 643 3628 devita
673 3574 703 3629 et
725 3568 806 3628 obitu
831 3567 862 3628 S.
885 3566 1005 3630 Paulae.
1052 3567 1183 3642 Quidum
1214 3579 1316 3634 autem

136 3670 296 3758 historiam
319 3671 351 3732 S.
377 3670 554 3732 Catharinae
576 3671 733 3750 legentes,
763 3672 835 3733 dum
857 3672 963 3751 legunt
989 3690 1056 3734 eam
1087 3674 1117 3732 in
1141 3672 1317 3737 Constantia

136 3779 257 3845 naum,
280 3780 394 3853 putant,
418 3774 625 3836 Constantiam
640 3777 723 3837 illam
746 3773 838 3856 (157
853 3772 897 3854 a)
921 3793 990 3837 esse
1007 3775 1185 3840 Germaniae
1200 3778 1318 3859 urbem,

136 3893 231 3955 super
252 3877 430 3939 chronicum
450 3877 552 3938 lacum
572 3878 620 3940 vel
643 3883 829 3958 potamicum
859 3882 962 3953 sitam,
994 3880 1075 3943 unde
1098 3881 1211 3944 ibidem
1233 3885 1318 3945 solet

137 3981 301 4041 monstrari
323 3980 408 4042 locus
431 3998 505 4042 suae
528 3982 711 4053 nativitatis,
742 3983 798 4044 sed
820 4001 882 4044 non
904 4001 1005 4047 verus.

224 4080 353 4163 lnsuper
375 4085 406 4144 in
420 4085 573 4147 Salamina
594 4082 651 4145 luit
676 4092 799 4147 sanctus
821 4087 883 4160 vir,
907 4087 959 4149 ille
983 4089 1109 4150 antistes
1123 4090 1320 4171 Epiphanius,

138 4181 227 4263 eujtas
249 4203 399 4268 persaepe
421 4190 608 4253 mentionem
635 4187 708 4252 iacit
729 4206 801 4253 oum
831 4189 949 4270 ingenti
969 4194 1133 4271 praeconio
1155 4195 1188 4257 S.
1210 4194 1319 4267 Hieros
