2874 4770
675 147 742 223 415

124 323 264 401 imperio.
308 321 446 386 Haecin
468 321 619 384 dominica
652 325 842 386 ascensionis
863 323 942 384 iacta
963 330 1050 396 snut,
1083 321 1153 387 ideo
1175 323 1228 386 illo
1250 321 1301 385 die
1358 405 1364 416 ἱ

125 425 176 487 illa
199 428 290 486 maris
313 425 456 488 recolitur
478 424 682 505 desponsatio.
729 418 809 489 Otho
841 444 913 507 ergo
936 427 1079 490 Venetiae
1110 428 1219 492 ductus
1242 429 1302 508 agit

127 547 198 590 cum
211 529 355 602 Venetis,
377 537 411 592 ut
433 529 509 591 liher
531 535 581 591 eat
602 530 640 592 ad
661 537 779 610 patrem
799 550 854 610 pro
870 530 1008 592 iaciendo
1023 533 1201 596 concordias
1223 537 1303 596 inter

127 650 237 714 papam
268 640 299 695 et
328 640 454 714 patrem.
500 633 651 696 Dimissus
685 653 757 714 ergo
791 636 872 698 Otho
907 643 1028 714 patrem·
1052 638 1124 700 sicit
1152 639 1302 718 precihus,

128 755 260 816 eumque
283 738 426 800 Venetias
457 740 618 801 comitatus
648 741 768 801 veniam
792 757 808 801 a
831 757 908 819 papa
934 742 1023 819 petiit
1051 746 1120 802 unte
1143 742 1305 804 ecclesiam

128 841 160 902 S.
183 838 280 902 Marci
314 849 346 902 et
375 843 522 914 ohtinuit;
557 844 588 902 in
612 842 677 921 ejus
709 847 754 905 rei
784 847 962 904 memoriam
985 861 1151 923 perennem
1174 862 1252 926 papa
1272 848 1304 908 in

128 946 290 1006 ecclesiam
311 945 342 1005 S.
364 943 460 1007 Marci
491 945 693 1026 indulgentias
721 949 874 1026 plenariae
904 950 1091 1010 remissionis
1119 953 1221 1031 posuit
1252 966 1307 1029 per

128 1056 207 1111 totas
240 1056 361 1111 octavas
394 1052 581 1111 ascensionis
604 1050 735 1113 Domini.
781 1052 844 1114 Sed
878 1058 910 1113 et
942 1054 1107 1132 imperator
1137 1053 1306 1115 Fridcricus

129 1152 298 1214 libertatem
326 1152 528 1227 Venetorum,
562 1172 578 1215 a
609 1155 716 1217 Carolo
746 1153 859 1234 Magno
891 1156 977 1226 olim
994 1156 1110 1230 datam,
1145 1159 1306 1220 innovavit.

130 1255 285 1336 Siquidem
309 1256 381 1318 dum
403 1260 482 1319 inter
504 1259 644 1320 Carolum
666 1257 810 1339 Magnum
833 1259 999 1322 occidentis
1034 1263 1249 1343 imperatorem
1278 1266 1310 1322 et

130 1360 335 1440 Nicephorum
357 1365 483 1424 orientis
505 1365 721 1444 imperatorem
745 1370 828 1424 esset
842 1364 1000 1426 diversitas
1024 1372 1148 1444 propter
1164 1366 1308 1437 Venetos,

132 1465 218 1542 cujus
242 1473 346 1527 essent
367 1469 502 1546 imperii,
526 1474 557 1528 et
574 1467 726 1528 celebrata
740 1469 912 1548 principum
927 1471 1084 1548 utriusque
1100 1472 1221 1550 imperii
1237 1487 1308 1530 con·

133 1571 276 1630 ventione
308 1578 430 1653 paetum
451 1573 646 1642 initum'cst,
684 1576 718 1631 ut
740 1558 811 1631 urhs
835 1570 1021 1643 Venetorum
1043 1577 1179 1636 neutrius
1203 1590 1309 1635 cense-

135 1679 218 1732 retur
242 1675 376 1751 imperii,
400 1674 455 1736 sed
480 1681 560 1736 esset
585 1682 738 1753 tamquam
761 1693 848 1736 mons
871 1682 994 1737 naturae
1010 1679 1060 1740 rel
1082 1679 1209 1740 isthmus
1232 1681 1311 1741 inter

134 1776 192 1835 ista
227 1775 287 1837 duo
317 1779 527 1855 potentissima
561 1794 654 1856 regna
696 1776 876 1856 imperialia,
913 1779 1080 1842 occidentis
1097 1789 1146 1844 ·et
1176 1784 1309 1843 orientis.

135 1876 367 1954 Verumtamen,
398 1897 436 1942 ne
460 1883 582 1944 omnino
605 1882 695 1942 alieni
726 1889 757 1943 et
779 1885 909 1961 separati
931 1883 1107 1948 viderentur
1129 1905 1147 1947 a
1169 1887 1311 1948 Christia-

137 2001 245 2045 norum
261 1986 430 2066 principum
454 1988 607 2068 imperiis,
631 1989 827 2048 constitutum
850 1988 924 2060 luit,
947 1996 981 2049 ut
995 1991 1121 2068 singulis
1139 1992 1223 2051 annis
1240 1991 1308 2051 loeo

136 2105 245 2150 census
261 2096 312 2151 aut
327 2092 429 2152 tributi
444 2091 556 2170 aliquid
572 2090 677 2152 darent
692 2093 812 2170 utrique
828 2094 1002 2172 imperatori
1017 2095 1048 2154 in
1062 2097 1310 2174 recognitionem.

136 2194 246 2270 Sicque
269 2196 445 2275 imperatori
461 2195 642 2256 occidentali
663 2202 714 2255 aut
732 2195 938 2256 Romanorum
953 2194 1063 2256 dahant
1078 2198 1204 2274 singulis
1228 2193 1312 2259 annis

137 2315 263 2359 aureum
285 2316 434 2378 pannum,
457 2316 549 2377 quem
572 2297 652 2358 Otho
676 2300 790 2377 primus
814 2300 860 2358 eis
875 2299 994 2358 remisit
1009 2317 1063 2377 pro
1079 2318 1132 2370 eo,
1157 2299 1239 2379 quod
1254 2299 1313 2361 dux

136 2400 342 2474 Venetorum,
365 2400 529 2474 Urseoius,
553 2399 644 2462 liliam
667 2399 733 2476 ejus
757 2419 793 2461 ex
814 2402 994 2479 baptismate
1011 2400 1130 2464 levavit.
1161 2401 1316 2474 Quaedam

137 2509 229 2569 etiam
262 2508 318 2568 alia
348 2507 540 2578 tenebantur,
573 2522 651 2583 quae
675 2521 821 2578 successu
851 2512 1023 2584 tcmpomm
1053 2523 1108 2583 per
1135 2523 1196 2566 non
1225 2523 1316 2566 usum

139 2617 211 2671 sunt
234 2609 384 2689 abrogata.
429 2607 555 2689 Insuper
578 2609 636 2669 hoc
658 2610 689 2669 in
713 2607 850 2670 libertate
874 2625 981 2669 eorum
1003 2613 1102 2682 stelit,
1136 2617 1169 2671 ut
1203 2610 1315 2672 adhae-

139 2730 208 2775 rere
231 2719 355 2793 possent
377 2713 420 2775 illi
442 2713 491 2775 vel
514 2715 564 2774 isti
586 2714 733 2791 imperio,
757 2720 788 2773 et
811 2713 924 2790 eligere
947 2714 977 2775 in
1001 2732 1089 2775 suum
1111 2719 1316 2793 protectorem

140 2816 359 2879 occidentalem
381 2818 585 2878 Romaoomm
615 2816 778 2877 Gaesarem
813 2823 865 2878 aul
895 2818 1072 2879 orientalem
1104 2817 1315 2879 Constantino-

140 2924 304 3003 politanum
327 2925 541 3004 imperatorem
564 2929 699 3003 possent.
728 2922 765 2983 Et
788 2924 858 3001 quia
880 2939 963 2983 mare
978 2920 1125 2983 orientale
1147 2929 1180 2984 et
1192 2923 1317 2983 orientis

141 3029 281 3104 regiones
303 3027 484 3107 reipublicae
507 3028 602 3107 magis
625 3027 716 3088 utiles
738 3033 826 3087 erant
850 3026 989 3099 Venetis,
1013 3044 1104 3105 quam
1132 3033 1212 3089 terra
1235 3029 1316 3088 ocei-

142 3126 269 3193 dentalis
292 3138 323 3193 et
337 3133 477 3212 regiones
493 3132 619 3193 Romani
634 3132 768 3210 imperii,
791 3130 862 3194 ideo
879 3130 1082 3193 adhaeserunt
1095 3132 1222 3210 imperio
1239 3131 1317 3193 Con·

141 3237 405 3316 stantinopolitano
437 3253 534 3315 usquc
566 3234 604 3297 ad
632 3234 663 3296 id
695 3241 834 3314 tempus,
867 3253 926 3314 quo
960 3233 1079 3296 Turous
1108 3233 1318 3297 Othomannus

141 3339 304 3420 imperium
334 3341 461 3401 orientis
499 3341 607 3400 invasit
640 3345 673 3400 et
704 3336 997 3416 Constantinopolim
1028 3341 1125 3416 oepit,
1157 3341 1187 3398 ei
1216 3346 1320 3398 tamen

143 3442 199 3503 suh
216 3444 308 3504 certis
324 3442 461 3522 pactibus
476 3439 624 3503 foederati
640 3446 710 3502 sunt
735 3459 790 3520 pro
801 3441 995 3502 subsistentia
1021 3441 1204 3520 reipublicae
1214 3457 1321 3502 eorum

145 3544 183 3607 ad
205 3563 294 3607 usum
317 3547 408 3606 maris
430 3544 558 3606 liberum
573 3544 761 3615 habendum,
784 3549 816 3604 et
838 3558 1030 3621 nequaquam
1051 3541 1089 3604 ad
1103 3542 1320 3621 praejudicium

144 3650 313 3712 occidentis
337 3650 466 3730 imperii.

232 3754 279 3817 Ad
302 3756 490 3836 propositum
513 3769 586 3830 ergo
609 3749 765 3813 redeundo
787 3749 883 3810 multa
905 3737 1034 3812 vidimus
1062 3751 1094 3813 in
1118 3751 1267 3813 archanali
1289 3757 1321 3813 et

147 3865 248 3921 vetera
271 3865 303 3919 et
324 3876 401 3922 nova
425 3863 599 3938 paramenta
620 3854 738 3917 bellica.
774 3853 820 3914 De
844 3853 901 3914 hoc
924 3855 1073 3918 archanali
1095 3859 1196 3918 omnia
1218 3862 1322 3936 parata

146 3964 353 4026 ministrantur
373 3967 504 4026 instante
527 3961 624 4032 hello,
653 3977 712 4021 nec
733 3961 926 4039 permittunt,
956 3961 1080 4040 niquis
1113 3977 1195 4023 arma
1226 3976 1320 4040 penes

148 4083 183 4128 se
205 4068 236 4130 in
258 4066 348 4131 domo
370 4069 497 4142 haheat,
519 4084 559 4130 ne
574 4063 705 4129 tumulto
720 4073 824 4128 exorto
839 4064 878 4128 ad
891 4068 1011 4145 propria
1033 4082 1116 4129 arma
1130 4069 1322 4136 concurrant,
