2874 4770
692 168 738 243 ἃ

128 352 178 409 est
205 365 261 427 per
284 349 518 419 thesaurarium,
541 353 574 409 et
593 366 648 427 pro
670 346 753 410 dicto
767 343 810 430 (l)
832 347 927 426 Sequi
948 345 997 408 vel
1018 346 1122 424 Sequa
1142 339 1304 422 aliquando

129 453 231 530 reperi
253 451 347 529 Faqui
370 453 416 514 vel
440 452 549 528 Faqua.
1244 506 1248 511 .
1298 512 1300 516 a

215 555 262 614 De
284 557 445 617 nominatis
467 562 570 615 autem
592 555 799 615 sacerdotibus
828 560 859 615 et
889 555 955 614 aliis
987 551 1155 614 secundum
1187 566 1304 611 morem

130 675 236 718 eorum
259 658 408 736 religiosis
438 665 484 717 est
508 657 587 718 Cairi
618 660 745 718 maxima
769 656 947 727 multitudo,
978 658 1048 734 quia
1078 658 1108 715 in
1131 654 1213 714 nullo
1235 653 1304 741 loco

129 760 233 821 mundi
255 763 338 840 viget
359 768 460 822 tantus
489 760 588 821 cultus
610 759 811 830 blachometi‚
843 761 922 819 sicut
951 759 1001 818 ibi.
1046 757 1132 818 Unde
1155 755 1304 817 soldanus

128 866 209 924 inter
223 861 471 924 Machometistas
492 869 649 940 reputatur
663 864 742 935 siout
758 861 837 940 Papa
851 864 929 923 inter
945 862 1129 923 Christianos
1152 868 1184 922 et
1199 859 1305 920 Cairus

129 968 209 1029 sicut
229 967 335 1028 Roma.
381 965 498 1028 Turnus
520 983 593 1026 vero
609 966 689 1026 siout
703 963 869 1044 imperator
885 972 916 1024 et
934 965 1209 1044 Constantinopolis
1225 965 1305 1023 sicut

128 1072 201 1132 urbs
215 1070 416 1150 Imperatoris.
462 1069 551 1139 Item,
568 1068 680 1129 >dairas
699 1074 748 1129 est
769 1069 949 1130 universitas
973 1069 1159 1130 studentium
1182 1070 1212 1128 in
1234 1066 1304 1144 lege

128 1171 330 1246 Machameti,
363 1174 520 1253 adquam
550 1174 707 1238 confluunt
736 1175 774 1236 de
802 1178 942 1237 universo
972 1175 1146 1252 paganismo
1181 1169 1304 1232 studere

130 1276 282 1348 volentes,
312 1296 369 1339 nec
398 1286 446 1339 est
467 1283 498 1340 in
521 1279 633 1340 mundo
663 1283 843 1342 universitas
874 1286 920 1340 tot
950 1279 1190 1357 suppositorum,
1226 1274 1305 1333 siout

66 1460 72 1465 ι
128 1379 189 1439 illa.
234 1379 449 1459 Ibidisputunt
464 1382 502 1443 de
516 1368 675 1455 Aleorano,
692 1391 724 1444 et
738 1391 809 1445 sunt
823 1384 900 1445 duae
915 1384 981 1443 viae
997 1385 1142 1442 intereos
1158 1376 1304 1446 diversae,

128 1479 369 1559 Albagesitarum
399 1492 429 1544 et
452 1487 655 1565 Soquitarum.
702 1489 793 1550 Primi
822 1492 975 1567 exponunt
1003 1482 1186 1544 Alooranum
1214 1479 1302 1559 spiri·

128 1585 261 1656 tuabter,
291 1587 459 1653 seeundum
488 1591 676 1667 phantasias,
706 1611 780 1671 quas
812 1591 982 1670 percipiunt
1009 1588 1040 1647 in
1071 1586 1134 1645 suis
1157 1583 1301 1661 raptibus,

130 1695 161 1749 et
175 1688 277 1749 dioran
291 1708 325 1751 se
341 1709 401 1750 non
417 1694 563 1770 obligatos
587 1693 625 1754 ad
646 1696 852 1756 observantias
874 1690 1015 1751 Aloorani
1037 1705 1230 1757 communes,
1254 1690 1302 1746 ut·

129 1791 260 1869 potede
284 1793 467 1871 accipiendis
491 1797 631 1856 uxoribus
655 1802 685 1856 et
709 1796 746 1859 de
761 1796 946 1856 orationibus
965 1801 1034 1864 eto,
1058 1792 1163 1852 similis
1190 1793 1220 1851 in
1245 1790 1302 1851 hoa

110 1884 112 1887 ’
128 1892 292 1972 Beghardis
315 1899 425 1957 nostris
448 1897 625 1972 haereticis,
648 1900 687 1961 de
703 1902 810 1978 quibus
826 1901 953 1961 habetur
968 1900 999 1957 in
1016 1894 1117 1956 Titulo
1132 1894 1171 1955 de
1186 1895 1301 1954 haeret.

130 1992 163 2056 C,
189 1996 226 2057 ad
247 2005 381 2058 nostram
403 2006 472 2070 etc,
496 2003 547 2078 qui
570 2001 688 2073 docnt,
722 2021 755 2062 se
785 2003 901 2080 legibus
924 2000 1070 2078 evangehi
1102 2006 1133 2059 et
1154 1997 1303 2058 ecclesiae

128 2118 188 2160 non
211 2101 380 2162 adstrictos.
411 2103 505 2181 Soqul
527 2124 598 2166 vero
622 2109 723 2168 omnia
745 2107 919 2186 praedicant
941 2102 1086 2165 servanda
1109 2101 1147 2162 ad
1161 2103 1302 2172 litteram,

128 2205 225 2282 ipsam
248 2211 350 2264 tamen
371 2205 503 2266 litteram
512 2205 673 2280 'Alcorani,
688 2212 766 2288 -quia
788 2212 818 2270 in
841 2209 994 2288 plerisque
1017 2207 1092 2269 locis
1115 2206 1225 2283 turpis,
1247 2204 1301 2264 be·

128 2307 223 2367 otialis
246 2314 277 2367 et
299 2309 459 2369 inhumana
490 2317 552 2382 est,
584 2312 755 2374 modificant
778 2321 809 2373 et
831 2317 992 2392 exponunt.
1038 2307 1171 2385 Utraque
1201 2313 1302 2368 autem

128 2409 178 2468 via
198 2411 230 2469 in
252 2411 361 2471 multas
385 2420 433 2472 est
456 2420 556 2473 sectas
572 2414 682 2486 divisa,
707 2422 739 2476 ot
754 2423 872 2493 praeter
887 2429 1080 2474 communem
1095 2409 1302 2471 infidelitatem

128 2512 272 2574 haereses
296 2517 408 2576 multae
432 2523 502 2579 sunt
524 2522 605 2577 inter
627 2512 696 2588 eos,
720 2535 777 2578 neo
793 2515 1072 2595 potestdlcoranus
1089 2514 1206 2591 erponi,
1229 2514 1301 2590 quin

128 2624 290 2693 appareant
300 2618 470 2691 fatuitates,
496 2638 570 2698 quas
586 2620 764 2698 praetendit.
810 2621 862 2681 Est
878 2623 958 2680 enim
972 2617 1138 2679 alcoranus
1154 2615 1302 2694 quaedam

126 2717 293 2782 inordinata
315 2722 489 2800 compilatio
505 2722 543 2811 de
560 2722 687 2784 diversis
703 2727 802 2784 sumta
818 2723 925 2784 divinis
942 2723 1039 2793 libris,
1063 2722 1186 2781 mutatis
1201 2719 1301 2781 verbis

127 2826 159 2881 et
172 2825 331 2892 sententiis
347 2827 498 2898 veritatis,
521 2829 552 2887 in
576 2826 704 2904 quadam
727 2834 884 2889 venustate
901 2825 1058 2886 sermonis.
1097 2823 1180 2901 ¹Nam
1197 2824 1247 2883 ubi
1262 2820 1300 2882 de

126 2926 255 3002 propriis
270 2928 330 3008 aglt
346 2929 538 3006 compilator,
562 2928 690 2992 nefanda
707 2938 738 2992 et
754 2933 852 3009 turpia
868 2930 1001 2990 continet
1019 2934 1122 2988 contra
1137 2907 1194 2987 Dei
1216 2925 1300 3004 leges

127 3033 158 3088 et
174 3035 298 3089 naturae
321 3030 527 3111 honestatem,
552 3035 593 3093 ita
616 3040 648 3097 ut
663 3035 819 3094 hominum
835 3051 923 3094 aures
939 3033 1043 3094 audire
1058 3033 1127 3094 talia
1143 3032 1299 3093 abhorres·

127 3136 196 3190 cant
218 3133 344 3209 etipsa
372 3140 477 3195 natura
509 3136 705 3197 abominetur.
752 3136 814 3197 Sed
837 3138 888 3196 ubi
911 3137 948 3198 de
979 3137 1087 3197 divinis
1119 3142 1223 3195 auctor
1254 3135 1299 3196 lo·

126 3235 243 3312 quitur,
267 3238 357 3297 verba
381 3241 516 3300 continet
539 3243 581 3301 ita
602 3243 651 3320 pia
662 3247 698 3326 get
714 3240 837 3311 devota,
862 3240 943 3319 quod
957 3239 993 3301 ad
1008 3221 1175 3317 lachrymas
1192 3239 1301 3298 excitat

126 3335 319 3398 devotionem
341 3348 372 3402 et
394 3341 493 3403 fidem.
525 3342 565 3405 At
586 3334 667 3405 vero
681 3346 732 3404 ubi
754 3344 793 3404 de
810 3343 940 3404 Domino
957 3342 1029 3402 lesu
1045 3342 1176 3401 occurrit
1189 3356 1299 3411 sermo,

124 3441 166 3500 ita
190 3438 298 3503 devota
319 3451 420 3505 narrat
442 3452 473 3505 et
496 3445 669 3525 pia‚vquod
691 3464 813 3524 semper
836 3463 960 3525 possem
981 3444 1122 3515 credere,
1145 3445 1235 3504 verba
1250 3441 1301 3503 illa

125 3546 242 3606 veriora
266 3564 353 3620 esse,
377 3566 468 3626 quam
490 3551 586 3611 saneti
610 3549 756 3628 evangelii
779 3555 902 3618 textum.
940 3548 1036 3609 Multa
1051 3545 1301 3608 commendabilia

124 3647 258 3726 loquitur
280 3650 318 3711 de
342 3651 460 3713 Christo
484 3653 631 3725 Domino,
661 3655 819 3714 nominans
850 3670 922 3712 eum
948 3650 1124 3730 frequenter
1146 3649 1299 3721 lluohella

124 3750 277 3812 161161
308 3756 449 3824 verbum,
480 3755 538 3816 Dei
567 3758 708 3834 spiritum
742 3763 819 3826 etc,
853 3761 884 3816 et
914 3754 951 3814 de
979 3755 1067 3814 beata
1089 3753 1228 3831 Virgine,
1261 3750 1299 3812 de

124 3851 278 3933 Apostolis
302 3862 333 3924 et
356 3855 393 3917 de
416 3856 587 3936 Evangelio,
612 3857 649 3919 de
668 3876 727 3937 qno
742 3857 812 3918 lllX
826 3859 914 3925 habet
929 3856 1103 3916 fidelissima
1117 3856 1300 3925 testimonia,

125 3975 202 4037 quae
224 3959 371 4022 habentur
392 3963 433 4023 in.
447 3961 523 4022 libro
545 3961 584 4023 de
604 3964 713 4023 notitia
734 3961 891 4031 Aloorani3
927 3968 957 4020 et
980 3960 1037 4021 alia
1061 3959 1153 4020 multa
1173 3961 1204 4019 in
1230 3957 1300 4021 ildei

125 4068 246 4123 nostrae
270 4065 491 4126 exaltationem.
537 4065 728 4143 Quapropter
749 4067 889 4127 omnibus
913 4064 1011 4125 modis
1033 4070 1212 4145 praecavent
1229 4063 1298 4123 Sar-

125 4167 240 4237 raceni‚
257 4186 295 4228 ne
311 4168 388 4230 liber
403 4169 454 4229 ille
471 4168 508 4229 ad
523 4185 630 4229 manus
646 4167 884 4229 Christianorum
900 4167 1041 4229 deveniat
1056 4173 1087 4227 et
1101 4183 1139 4226 ne
1154 4168 1298 4227 intremus
