2874 4770
744 132 814 202 462

191 305 394 368 immobilibus
416 309 447 366 et
469 305 629 368 mobilibus
651 305 775 370 dotarii.
819 305 900 388 Papa
927 326 1003 371 reru
1024 309 1202 374 Hadrianus
1229 311 1368 378 dedicarit

191 409 394 490 personaliter
422 416 454 472 et
475 411 563 489 qnasi
588 408 757 488 jnbilaeum
789 419 820 473 et
849 412 1014 475 concilium
1044 414 1090 475 ibi
1119 416 1289 479 celebrarit
1310 437 1369 479 cum

192 516 324 576 maximo
345 512 501 574 bominum
524 531 684 576 concursu.
728 514 887 577 lustitutus
919 523 1022 577 auteur
1051 520 1175 597 primus
1208 519 1300 582 abbas
1323 521 1370 583 brit

189 615 395 697 Andegarius,
430 618 482 695 qui
504 618 598 678 vitam
624 617 666 678 ibi
686 617 859 697 regularem
885 618 1048 682 inchoarit.
1094 620 1255 703 Tempore
1278 631 1370 686 auten

191 721 272 783 illius
295 739 461 782 concursus
482 727 515 781 et
536 722 659 783 concilii
680 723 796 800 incepit
815 722 857 783 ibi
879 723 985 784 civitas
1007 723 1183 797 aedificari,
1206 745 1301 806 quarn
1322 729 1369 790 Ga·

190 824 274 889 rolus
296 824 394 885 abbati
416 830 448 886 et
470 825 654 885 monasterio
676 826 896 904 appropriavit,
930 823 1005 887 dans
1026 827 1059 886 ci
1080 846 1208 891 ornnem
1235 830 1369 908 jurisdic-

190 931 305 990 tionem
327 934 389 988 tam
410 929 443 988 iu
464 927 682 1008 temporalibus
716 945 807 1006 quam
829 929 861 989 iu
886 929 1108 1008 spiritualibus,
1132 939 1168 994 et
1190 952 1304 996 omues
1324 935 1370 998 de·

186 1035 300 1107 cimas,
334 1033 481 1112 primitias
514 1038 545 1094 et
566 1031 662 1093 datias
695 1032 798 1095 eidem
825 1033 940 1095 tribuit.
984 1035 1160 1096 Deuotione
1184 1043 1293 1098 autem
1314 1055 1369 1098 mo

191 1136 356 1199 nacborum
385 1137 548 1215 incipiente
582 1135 763 1198 decrescere
792 1135 930 1198 decrerit
957 1140 1049 1199 etiarn
1071 1138 1199 1201 allectio
1220 1140 1370 1202 bominum

192 1242 229 1304 sd
251 1243 484 1312 monasterium,
516 1239 596 1301 unde
627 1240 723 1302 multo
749 1247 888 1319 ternpore
909 1247 1064 1303 steterunt
1083 1243 1118 1303 in
1140 1261 1260 1322 magua
1282 1245 1369 1308 direr-

191 1348 281 1409 sitatc
304 1345 393 1407 simul
417 1344 507 1405 abbas
530 1351 562 1404 et
583 1345 704 1416 civitas,
730 1351 762 1405 et
783 1343 896 1405 multae
919 1343 1037 1406 diaetae
1060 1346 1133 1407 binc
1156 1347 1234 1408 iude
1258 1349 1370 1410 inerunt

192 1450 371 1513 celebratae.
417 1447 554 1510 Tandem
582 1455 684 1510 autem
713 1448 803 1509 abbas
831 1447 958 1510 dorsum
983 1451 1150 1527 quaerebat
1183 1459 1219 1514 ct
1243 1471 1281 1515 sc
1309 1471 1369 1515 cmu

192 1553 270 1616 duce
293 1554 403 1615 Georio
435 1551 473 1613 de
495 1550 634 1624 Bararia,
666 1554 718 1631 qui
740 1560 812 1614 tuuc
834 1551 872 1613 ad
894 1570 1005 1632 magna
1025 1553 1219 1633 adspirabat,
1255 1557 1368 1618 conice·

192 1658 325 1731 derarit,
348 1664 382 1719 ut
406 1655 473 1734 ejus
496 1656 667 1717 assistentia
691 1658 845 1718 civitatem
866 1663 1000 1735 urgeret.
1044 1655 1106 1718 Sed
1122 1657 1260 1720 audiens
1282 1663 1368 1739 impe·

191 1768 274 1823 rator
295 1759 465 1822 Friderieus
486 1758 535 1819 lll.
566 1744 783 1838 campidonam
810 1759 884 1822 adiit
917 1766 949 1822 ct
971 1760 1128 1822 civitatem
1150 1761 1285 1824 liberam
1306 1761 1365 1824 red·

190 1865 280 1937 didit,
312 1882 350 1925 eo
372 1863 480 1935 modo,
514 1881 575 1942 quo
597 1864 673 1925 aliae
695 1865 832 1927 civitates
854 1864 1026 1943 imperiales
1049 1871 1138 1938 suut,
1162 1874 1195 1928 et
1220 1869 1320 1931 abbati
1341 1875 1366 1929 ct

190 1969 348 2031 monachis
371 1974 554 2047 potestatem
578 1969 702 2047 recepit.
745 1967 832 2029 Anno
855 1967 977 2028 Domini
1002 1963 1085 2031 1487
1110 1976 1184 2031 suut
1208 1971 1289 2034 haec
1311 1979 1367 2034 acta

190 2091 265 2136 uero
288 2080 402 2135 nostro.
446 2071 500 2133 Est
522 2078 624 2133 autern
653 2072 754 2134 nobile
784 2073 1000 2132 monasterium
1030 2074 1190 2152 sepultura
1215 2077 1251 2138 S.
1274 2076 1366 2138 llilde·

192 2178 291 2260 gardis
313 2177 502 2249 dedicatum,
525 2179 557 2239 in
580 2194 640 2257 quo
663 2184 712 2240 cst
731 2195 880 2257 organum
895 2179 991 2240 musis
1005 2179 1113 2257 ligneis
1130 2184 1272 2253 cantans,
1294 2177 1366 2259 quod

190 2281 576 2364 fflmfflmm
1229 2270 1232 2275 ’

279 2383 335 2468 (b)
357 2385 414 2448 Dic
436 2383 547 2447 XXVII
570 2387 670 2447 cibum
692 2387 723 2446 in
744 2385 928 2466 Campidona
950 2388 1115 2448 sumsimus
1137 2395 1169 2451 ct
1188 2391 1365 2469 pertransito

188 2499 283 2575 ponte
304 2491 373 2553 llari
395 2493 426 2551 iu
449 2491 630 2569 campestria
651 2489 776 2562 silvosa,
799 2497 865 2551 turn
887 2497 918 2551 et
940 2497 1075 2552 tortuosa
1097 2495 1320 2571 processimus,
1341 2499 1366 2552 et

189 2599 256 2659 sine
280 2614 374 2676 pausa
396 2613 494 2673 usque
516 2596 545 2654 in
561 2592 767 2672 Memmlugen
784 2594 929 2674 oppidum
953 2597 1164 2673 equitavimus,
1190 2598 1297 2676 ibique
1318 2613 1366 2676 per

191 2710 312 2765 noctem
336 2701 500 2762 mansimus
523 2700 553 2758 iu
576 2697 667 2758 domo
690 2701 887 2777 protonotarii
912 2699 1057 2769 civitatis,
1092 2701 1204 2760 sororii
1230 2700 1366 2762 lobannis

190 2802 332 2877 llliillers,
366 2805 440 2865 socii
463 2805 533 2864 mei.
580 2801 650 2862 Erat
672 2808 774 2863 autem
798 2804 902 2863 civitas
925 2803 1014 2881 plena
1037 2802 1166 2882 populo,
1196 2805 1269 2882 quia
1292 2805 1366 2865 celc-

190 2910 283 2971 britas
306 2909 552 2980 hastiludiorum,
588 2907 783 2978 chorearum,
817 2906 1058 2983 sagittariorum,
1092 2907 1306 2968 conviviorum
1332 2909 1367 2968 ibi

190 3010 256 3083 tuit,
279 3012 317 3072 ad
340 3030 430 3091 quam
451 3015 537 3091 qnasi
560 3012 598 3073 ad
621 3011 795 3091 Olympicus
819 3010 905 3071 ludos
928 3026 1072 3089 proceres
1095 3012 1234 3089 regionis
1258 3009 1367 3073 condu-

190 3127 304 3183 xerant.
351 3118 439 3178 Cives
472 3119 564 3177 etiarn
595 3114 712 3176 nobiles
745 3114 783 3175 de
806 3113 895 3175 Ulma
924 3115 963 3175 ibi
987 3120 1072 3174 erant
1103 3115 1232 3194 plures,
1263 3117 1316 3195 qui
1337 3111 1370 3174 ad

190 3223 363 3305 spectacula
385 3219 617 3292 adscenderaut‚
642 3218 679 3280 dc
703 3220 810 3298 quibus
833 3219 919 3278 multi
943 3215 980 3278 ad
1006 3234 1056 3277 me
1072 3225 1228 3279 venerunt
1250 3225 1282 3279 ct
1302 3234 1368 3279 con·

190 3329 413 3411 gratulabantur
435 3325 509 3386 mibi
531 3324 570 3385 de
593 3323 704 3386 salubri
731 3322 845 3396 reditn;
882 3325 927 3383 sic
950 3329 981 3383 et
1011 3322 1061 3381 alii
1090 3325 1254 3402 utriusque
1284 3339 1368 3384 sexus

190 3436 228 3498 dc
252 3438 318 3515 ipso
342 3429 453 3511 oppido
477 3428 562 3490 multi
596 3427 634 3488 ad
656 3446 706 3488 me
734 3431 882 3489 venerunt
916 3430 947 3486 ct
968 3425 1116 3485 laetanter
1146 3432 1366 3508 susceperunt;

189 3557 273 3601 eram
296 3538 378 3598 enim
400 3541 488 3596 notus
512 3534 568 3593 toti
590 3532 702 3611 populo
725 3531 823 3602 urbis,
847 3532 918 3607 quia
940 3545 1032 3608 saepe
1055 3529 1096 3588 ibi
1114 3532 1367 3609 praedicaveram.

190 3641 226 3703 ad
257 3640 410 3719 publicum
440 3644 543 3698 autem
569 3653 630 3696 non
653 3636 803 3714 processi,
838 3651 877 3694 nc
911 3634 977 3710 quis
1005 3635 1184 3694 aestimaret
1215 3652 1265 3696 me
1297 3633 1367 3696 velle

189 3741 293 3804 videre
318 3739 505 3820 spectacula,
529 3745 620 3800 etue
643 3756 693 3798 me
716 3740 816 3819 ipsum
838 3736 949 3817 populo
964 3742 1132 3796 monstrum
1157 3743 1190 3797 et
1213 3746 1368 3820 spectacu-

189 3844 253 3904 lum
275 3844 426 3912 laccrcm,
461 3844 529 3919 qula
551 3842 698 3920 prolixam
725 3842 814 3901 habui
835 3841 958 3902 barbam
987 3845 1090 3901 contra
1114 3842 1369 3904 cousuetudinem

188 3941 364 4008 Latinorum
387 3945 617 4016 monachorum,
640 3946 767 4008 fratrum
790 3951 822 4005 et
844 3943 1044 4006 sacerdotum.

276 4047 428 4111 vicesima
459 4055 563 4109 octava
592 4047 657 4122 die,
692 4066 769 4128 qnae
799 4055 847 4111 est
874 4048 1076 4111 translationis
1101 4049 1134 4110 S.
1159 4048 1304 4112 Thomas
1335 4048 1369 4111 de

190 4152 328 4235 Aquino,
351 4169 421 4215 cum
444 4151 540 4232 parati
563 4168 702 4217 essemus
726 4152 764 4216 ad
786 4169 953 4227 recessum,
975 4149 1075 4215 audivi
1098 4151 1266 4218 advenisse
1290 4156 1369 4235 inge·
