2874 4770
593 125 787 255 ¹,100

169 359 269 415 autem
299 352 379 413 lame
413 356 542 413 coactus·
566 357 696 415 cucurrit
725 356 756 415 in
786 354 909 416 domum
943 360 974 413 et
996 361 1122 434 accepto
1147 357 1244 418 afilia
1266 356 1345 420 lcari

167 473 245 536 pane
268 455 305 516 ad
329 442 456 515 cadaver
478 455 584 530 rediit,
608 476 700 537 quem
723 477 791 518 mox
814 459 873 518 iilia
896 465 1000 518 secuta
1024 458 1088 519 luit.
1135 458 1219 531 Quae
1235 460 1343 522 videns

167 578 232 621 rem
256 566 373 640 gestam
395 575 465 636 prae
489 576 630 621 moerore
654 560 691 622 ad
713 562 850 622 arborem
872 561 913 621 ibi
937 569 1069 626 stantem
1092 580 1126 622 se
1148 563 1318 642 suspendit.

253 663 337 753 lianc
361 679 433 739 ergo
457 662 557 739 legem
581 664 618 724 de
640 683 701 725 non
723 663 852 724 bibendo
875 667 979 725 vinum
1003 667 1195 727 strictissime
1219 677 1344 730 servant

168 769 339 839 sarraceni,
378 768 457 827 sieut
480 764 670 829 ’Rechabitae
704 767 741 827 ad
775 775 971 845 praeceptum
1003 767 1135 830 Jonadab
1169 774 1263 848 patris
1293 774 1343 834 sui

165 873 353 932 abstinebant
375 888 391 930 a
414 871 500 941 vinu,
530 877 563 931 ut
595 871 722 931 habetur
744 869 855 931 Jerem.
880 867 942 941 35,
976 874 1135 950 minusque
1163 873 1220 933 Dei
1251 893 1341 953 prae-

164 982 252 1054 cepta
276 976 433 1045 curabant,
467 991 558 1052 quam
585 976 631 1034 sui
661 976 753 1052 patris
776 974 986 1047 traditionem;
1019 977 1063 1035 sic
1095 983 1125 1036 et
1147 976 1189 1035 illi
1212 976 1337 1038 iaciunt.

162 1078 318 1140 Nonnullis
342 1084 443 1138 tamen
465 1075 599 1149 videtur,
625 1076 706 1156 quod
728 1079 788 1139 vini
804 1097 876 1138 usus
893 1080 1051 1139 continuus
1068 1097 1231 1158 numquam
1246 1079 1340 1140 luerit

161 1184 193 1245 in
210 1179 334 1243 Oriente
352 1187 383 1240 et
399 1179 479 1258 qnod
496 1180 568 1240 alias
585 1179 663 1258 apud
687 1199 739 1241 eos
764 1190 935 1242 servaretur
958 1192 994 1242 ex
1017 1180 1251 1254 consuetudine,
1276 1202 1338 1243 non

163 1290 243 1349 enim
266 1293 394 1366 possunt
418 1282 588 1344 Orientales
611 1285 680 1346 vino
702 1287 746 1345 uti
770 1287 848 1346 sicut
879 1304 947 1357 nos,
980 1287 1049 1363 quia
1080 1287 1173 1365 patria
1198 1294 1228 1346 et
1251 1290 1337 1365 regio

89 1371 92 1379 ¹
162 1398 209 1452 est
232 1389 414 1451 calidissima
438 1395 469 1448 et
490 1388 559 1448 vina
581 1387 620 1446 ibi
644 1391 811 1450 crescentia
835 1398 905 1449 sunt
926 1371 1105 1460 fortissima,
1128 1407 1186 1449 nec
1203 1398 1250 1451 est
1266 1405 1338 1468 pro-

161 1495 261 1574 portio
284 1501 409 1555 naturae
432 1491 564 1551 bominis
588 1497 619 1551 et
643 1493 714 1564 vini,
745 1499 778 1553 ut
800 1495 839 1553 sit
862 1510 935 1553 suus
959 1495 1117 1553 continuus
1140 1501 1247 1572 potus,
1281 1493 1339 1554 sed

160 1598 259 1659 solum
282 1616 335 1676 pro
360 1597 458 1675 aliquo
480 1600 619 1672 tempore
642 1602 671 1656 et
694 1615 748 1675 pro
772 1596 902 1674 quadam
925 1578 1113 1658 solennitate.
1160 1599 1196 1658 Et
1219 1604 1341 1668 tantum¹

79 1728 82 1734 ·
161 1700 199 1762 de
222 1702 396 1763 Sarracenis
420 1698 534 1759 dictum
557 1697 692 1759 sufficiat.

247 1803 335 1865 Tanti
356 1810 458 1864 autem
480 1804 515 1862 in‘
534 1801 622 1862 Cairo
646 1809 732 1876 sunt,
767 1803 846 1880 quod
875 1822 981 1864 eorum
1012 1823 1070 1864 non
1103 1810 1150 1864 est
1176 1822 1335 1867 numerus.

159 1906 283 1969 Praeter
305 1907 362 1967 hos
386 1910 487 1968 antem
510 1912 542 1965 et
563 1901 751 1966 Mamalucos
775 1914 844 1967 sunt
865 1907 906 1967 ibi
929 1908 1006 1967 ultra
1028 1905 1109 1966 XXll
1133 1908 1225 1969 millia
1248 1909 1335 1970 Chri-

159 2014 324 2074 stianorum
348 2010 546 2071 Orientalium
563 2009 748 2070 Graecorum
771 2018 802 2070 et
824 2008 878 2070 XV
902 2010 994 2069 millia
1016 2007 1200 2070 ludaeorum
1225 2019 1255 2072 et
1278 2011 1336 2074 XX

158 2117 249 2176 millia
273 2113 447 2176 Maurorum
480 2121 510 2173 et.
541 2112 677 2173 aliorum.
724 2114 958 2174 sarracenorum
990 2121 1108 2184 antem,
1141 2111 1272 2175 Arabum
1303 2124 1336 2179 et

158 2220 352 2283 Tartarorum
384 2226 414 2279 et
445 2215 627 2296 Aethiopum
650 2224 680 2277 et
702 2215 935 2296 Aegyptiorum,
960 2219 1174 2279 Samaritarum
1201 2226 1232 2278 et
1253 2218 1332 2282 Tur·

157 2344 260 2388 corum
284 2331 313 2386 et
337 2324 461 2386 aliarum
484 2322 712 2402 peregrinarum
735 2323 871 2400 gentium
885 2339 945 2381 non
962 2328 1009 2381 est
1024 2339 1178 2382 numerus.
1225 2322 1332 2385 Plures

96 2443 102 2456 ‘
156 2430 195 2492 ibi
219 2431 331 2512 degunt
354 2429 492 2489 homines
515 2426 672 2504 utriusque
695 2418 803 2498 sexus,
838 2426 889 2503 qni
922 2442 980 2483 non
1005 2423 1115 2483 habent
1138 2434 1196 2485 nec
1219 2425 1331 2487 habue-

156 2542 226 2596 runt
247 2552 391 2614 umquam
415 2531 552 2600 domum,
585 2547 643 2589 nec
675 2529 824 2601 casulam,
857 2546 914 2589 nec
945 2529 1138 2591 lectum'vel
1162 2526 1216 2610 (b)
1241 2534 1332 2592 etiam

155 2636 255 2700 locum
279 2639 409 2716 aliquem
433 2635 586 2713 proprium
611 2632 648 2693 ad
681 2633 879 2705 manendum,
911 2650 1001 2710 quam
1024 2633 1160 2695 Venetiis
1184 2641 1253 2694 sunt
1275 2636 1329 2696 bo-

155 2744 252 2802 mines
277 2744 306 2801 in
330 2747 395 2801 toto
420 2737 518 2799 simul.
565 2735 642 2794 Sunt
666 2737 747 2795 enim
770 2739 847 2796 intra
869 2739 975 2797 urbem
999 2756 1125 2817 magnae
1141 2739 1275 2816 plateae,
1299 2742 1329 2802 in

155 2845 262 2920 quibus
286 2858 435 2921 pauperes
459 2839 597 2898 noctibus
621 2839 677 2898 sub
701 2837 769 2899 divo
793 2838 964 2912 dormiunt,
996 2842 1101 2905 diebus
1125 2861 1197 2904 vero
1221 2844 1331 2904 sedent

155 2950 185 3004 et
208 2944 317 3022 aliquid
347 2944 492 3003 laborant.
538 2938 581 3000 lbi
611 2953 777 3020 pauperum
808 2961 974 3020 puerperae
1003 2947 1033 3005 in
1063 2947 1182 3024 publica
1211 2950 1330 3025 pariunt

155 3048 261 3126 platea,
277 3051 335 3108 nisi
350 3047 427 3107 forte
444 3037 727 3121 aliquae'loeminae
740 3053 932 3105 accurrentes
945 3045 1141 3110 velaminibus
1156 3056 1328 3128 contegant.

242 3151 318 3212 Sunt
341 3157 498 3228 praeterea
522 3149 552 3207 in
575 3147 626 3208 illa
649 3149 721 3208 urbe
743 3151 916 3209 necessario
933 3153 1018 3211 multi
1035 3155 1125 3231 coqui
1142 3170 1328 3224 communes,

154 3255 223 3331 quia
246 3256 276 3322 in
299 3253 435 3314 domibus
458 3251 595 3311 homines
627 3270 686 3311 non
719 3260 851 3330 coquunt
874 3255 1067 3332 singulariter
1088 3275 1145 3316 nec
1169 3258 1253 3334 ignes
1278 3275 1327 3317 ac·

154 3356 300 3428 cendunt,
324 3355 380 3417 sed
403 3355 439 3416 de
461 3356 578 3434 pategis
596 3371 762 3432 coquorum
778 3356 860 3416 cibos
877 3359 1035 3436 recipiunt.
1082 3360 1201 3419 Dicitur
1217 3368 1337 3430 autem,-

153 3460 233 3539 qnod
249 3480 392 3521 numenrs
411 3477 579 3537 coquorum
596 3461 816 3529 communium,
842 3461 1173 3540 babentiumcoquinas
1189 3465 1326 3540 proprias

129 3572 183 3643 'et
207 3565 244 3625 de
275 3572 337 3625 arte
368 3564 516 3642 coquendi
551 3581 584 3624 se
616 3565 812 3636 nurientium,
845 3564 987 3624 ascendat
1020 3584 1108 3644 supra
1139 3564 1192 3624 llll
1224 3565 1325 3625 millia.

152 3669 229 3728 Sunt
253 3677 351 3728 autem
376 3676 438 3728 tres
462 3685 587 3739 causae,
617 3685 709 3746 quare
739 3670 769 3727 in
794 3668 931 3729 domibus
955 3688 1012 3728 non
1039 3677 1180 3747 coquunt.
1227 3669 1326 3730 Prima

152 3777 199 3831 est
222 3770 381 3843 munditia,
405 3790 473 3832 nam
490 3775 578 3851 coqui
595 3772 718 3850 publici,
742 3775 768 3832 si
783 3773 892 3834 lucrari
909 3775 1009 3835 volunt
1027 3775 1181 3852 pecunias,
1205 3781 1325 3853 oportet

151 3875 231 3952 quod
255 3877 314 3934 sint
338 3874 459 3946 mundi,
491 3877 560 3953 quia
588 3876 623 3934 ab
656 3875 809 3935 immundo
832 3895 922 3936 nemo
946 3886 1062 3939 emeret
1085 3884 1114 3937 et
1139 3878 1213 3938 baec
1237 3896 1323 3938 mun·

150 3977 221 4038 ditia
244 3981 356 4039 servari
379 3981 409 4038 in
433 3977 521 4038 domo
545 3997 604 4038 non
627 3984 741 4055 posset.
788 3978 927 4040 Secunda
959 3997 1049 4039 causa
1073 3986 1195 4058 propter
1217 3980 1323 4041 ioemi·

148 4100 255 4144 narum
289 4083 555 4153 abominationem,
588 4082 670 4142 nullo
700 4084 780 4142 enim
809 4083 900 4144 modo
933 4090 1060 4160 possunt
1090 4084 1274 4146 munducare
1306 4101 1323 4144 a

148 4184 278 4285 foemina
303 4193 407 4248 coetos
431 4185 513 4245 cibos
538 4187 584 4248 vel
608 4193 828 4262 contrectatos;
860 4189 929 4250 ideo
958 4187 1040 4249 nulla
1063 4187 1172 4248 mulier
1194 4189 1322 4269 ignibus,
