2874 4770
648 202 654 209 ·
679 166 745 244 325

127 352 297 432 exprimere
318 352 369 416 rel
392 350 508 413 calamo
529 362 655 413 exarare
683 353 801 413 nescim
843 349 883 412 bt
902 351 1059 433 metu,
1087 358 1122 414 at
1149 358 1200 415 est
1228 353 1310 434 apud

128 453 305 534 Virgilium:
343 454 507 527 Venimus,
545 457 659 534 inquit,
696 458 728 516 in
764 456 831 517 loca
867 456 951 517 loeta
983 456 1154 520 furentibus
1187 460 1310 529 astr'n,

128 562 209 623 inter
230 560 414 622 reluctantes
437 568 543 622 ventos
566 567 831 640 tempestatesque
852 578 991 622 sonoros.

215 713 259 777 lbi
281 719 362 779 venti
384 724 459 777 nutu
481 716 570 778 Aeoli
593 719 738 797 principis
761 719 828 789 sui,
861 724 894 778 ut
916 724 1024 797 poetae
1045 718 1178 796 fingunt,
1210 718 1307 780 iaetu:

285 834 345 890 Qua
363 836 425 887 data
443 841 521 905 porta
540 843 622 889 ruunt
647 844 674 888 et
693 844 781 890 terras
799 838 909 889 turbiue
928 835 1046 905 perdant

282 921 492 992 incumbuntque
510 923 595 989 mari,
615 930 751 993 totumque
769 942 786 977 a
803 925 915 977 sedibus
933 924 996 976 imis

284 1027 339 1063 una
356 1011 500 1081 Eurusque
518 1011 661 1080 Notusque
679 1020 776 1078 ruunt,
796 1015 946 1081 creberque
964 1009 1094 1077 procellis

281 1098 408 1164 Africus,
428 1104 456 1150 et
472 1105 567 1152 vastos
585 1101 698 1152 volvunt
717 1100 751 1152 ad
769 1100 862 1152 sidera
878 1100 988 1156 ductus.

212 1220 318 1307 igitur,
353 1232 385 1285 et
414 1245 485 1287 cum
511 1245 570 1286 nor
592 1226 696 1287 infelix
719 1229 893 1298 transisset,
928 1244 1051 1296 omnes,
1082 1232 1116 1287 nt
1139 1225 1232 1285 moris
1263 1230 1311 1284 est

126 1328 218 1398 mari,
242 1328 357 1390 similes
381 1329 483 1392 effecti
501 1333 678 1410 vertiginosi
700 1332 808 1392 infirmi
832 1350 971 1403 eramus,
993 1335 1050 1403 ita,
1073 1339 1105 1392 ut
1127 1350 1187 1391 uon
1208 1330 1310 1391 solum

127 1432 228 1511 erbum
250 1450 310 1493 non
334 1452 455 1496 sumere
478 1454 657 1515 possemus,
688 1436 744 1496 sed
767 1455 824 1496 nec
856 1435 894 1498 de
927 1437 994 1498 cibo
1025 1437 1159 1513 negitare
1182 1452 1308 1495 eversus

128 1542 160 1596 et
186 1537 428 1598 vomitationibus
459 1547 622 1601 evacuatus
652 1540 826 1601 stomachus
854 1542 973 1602 sinebat
1002 1540 1158 1619 languens.
1203 1538 1238 1599 Et
1267 1540 1310 1599 ita

128 1638 238 1700 infirmi
256 1638 373 1718 jejunio
395 1644 480 1705 illum
498 1644 586 1706 'diem
609 1646 844 1706 consumsimus.
876 1646 914 1707 Et
928 1644 1019 1727 paulo
1034 1643 1143 1703 melior
1161 1641 1217 1703 luit
1232 1642 1310 1714 dies,

130 1764 221 1829 quam
243 1765 302 1808 nox
323 1749 523 1827 praecedens.

218 1885 307 1947 Serta
329 1885 393 1960 die,
417 1906 495 1967 quae
517 1894 566 1950 est
587 1876 668 1949 beati
683 1887 800 1949 Nicolai
815 1889 969 1969 episcopi,
992 1889 1107 1966 antiqui
1130 1885 1308 1963 adjutatoris

128 1992 159 2052 iu
182 1991 305 2051 marinis
328 1993 543 2066 anxietatibus,
567 2000 728 2073 antequam
750 1994 960 2065 illucesceret,
992 1992 1149 2054 ridebatur
1170 1993 1307 2054 clemen·

127 2097 185 2156 tior
208 2096 271 2156 fieri
295 2113 384 2169 aura,
416 2105 447 2159 et
469 2099 617 2160 habebant
639 2117 746 2160 omnes
768 2100 922 2160 marinarii
942 2115 1048 2176 spem,
1080 2094 1164 2174 quod
1189 2098 1308 2158 mentm

127 2201 224 2263 sancti
246 2202 403 2273 antistitis,
426 2206 545 2280 patroni
569 2206 677 2276 maris,
699 2203 853 2265 secundos
875 2203 1007 2263 babituri
1028 2218 1169 2261 essem
1189 2208 1308 2270 rentes,

128 2312 159 2367 et
182 2303 325 2382 rogabant
348 2303 512 2380 Sanctum,
531 2307 724 2385 jejunabant,
745 2314 815 2368 vota
837 2308 954 2385 pn'rata
976 2303 1154 2366 emittebant
1175 2322 1231 2383 pro
1251 2321 1307 2365 na·

128 2409 281 2487 rigatione
309 2425 465 2488 prospera.
510 2410 596 2474 Unde
625 2410 766 2473 dominus
792 2410 947 2472 lohannes
980 2408 1177 2472 concinnabat
1209 2413 1310 2471 metra

131 2511 227 2593 (185
244 2508 305 2592 8):

231 2672 249 2706 0
284 2631 398 2704 Suscipe
416 2641 558 2690 uauururu
576 2641 671 2705 pater,
690 2633 820 2701 lineolae,
838 2640 983 2703 precatus,

284 2720 364 2775 Assia
382 2729 410 2776 et
426 2724 511 2779 solita
528 2740 602 2777 nune
620 2725 722 2792 pietste
741 2730 795 2776 tua

214 2859 254 2923 Ut
272 2870 378 2935 ¹autern
399 2864 498 2928 tactus
520 2873 568 2928 est
590 2866 657 2928 dies
675 2867 797 2935 nultum
817 2868 981 2946 vestigium
1008 2865 1081 2928 boui
1110 2863 1194 2924 renti
1216 2876 1308 2941 appa·

128 2964 230 3037 rebat,
253 2965 310 3028 sed
325 2972 483 3031 contrariis
496 2974 595 3033 ventis
617 2990 677 3033 non
700 2972 814 3051 absque
828 2974 943 3052 ingenti
965 2971 1069 3033 labore
1091 2970 1171 3028 iuter
1191 2965 1308 3045 stygios

126 3069 227 3130 iumos
251 3077 282 3131 et
303 3073 429 3135 nebulas
457 3076 649 3150 vacillantes,
681 3077 753 3140 bine
781 3078 853 3140 inde
884 3079 969 3158 galea
996 3073 1148 3157 proiemv
1176 3070 1307 3150 imin&

127 3168 184 3252 (in)
207 3176 334 3252 syrtium
366 3178 457 3251 vada,
488 3180 637 3260 aquilonis
665 3181 813 3244 stridente
845 3200 922 3244 souo
949 3180 1038 3243 tracti
1065 3174 1307 3256 improbitatibus
1379 3172 1388 3185 '

127 3277 196 3339 vela
216 3279 317 3339 ventis
340 3278 497 3356 dedimus,
532 3288 708 3364 quistatim
741 3288 834 3366 raptis
862 3288 1036 3365 importune
1062 3281 1189 3343 umbus
1215 3296 1308 3340 tvm

126 3382 322 3444 velocissimo
352 3385 383 3444 iu
406 3385 571 3466 Cycladum
599 3391 714 3452 insulas
736 3396 965 3470 reportaverunt
996 3385 1034 3448 ad
1055 3382 1152 3446 niteo
1175 3388 1307 3461 portum,

126 3483 167 3546 de
190 3503 251 3563 quo
272 3484 383 3548 nudius
405 3495 513 3554 tertius
536 3497 651 3572 egressi
681 3495 847 3557 ineramus.
891 3492 935 3554 lbi
965 3506 1040 3569 ergo
1068 3503 1125 3567 per
1152 3485 1307 3563 ΜΜῙΒ

125 3590 249 3668 rupium
271 3591 397 3671 ingressi
420 3612 512 3657 nares
535 3599 689 3670 cautibus,
714 3595 861 3658 transillis
882 3603 914 3657 et
936 3591 1076 3657 anchoris
1098 3587 1306 3660 stabilivimus,

127 3697 160 3752 et
188 3691 225 3753 ad
248 3693 444 3758 biemandum
471 3701 502 3759 in
528 3701 596 3761 loco
624 3700 677 3762 iilo
712 3718 769 3761 nos
800 3702 903 3760 tristes
933 3696 1148 3778 disposuimus.
1194 3690 1307 3753 Verum

127 3797 227 3859 adhuc
249 3799 348 3878 aliqua
370 3819 441 3881 spes
464 3804 551 3865 nobis
567 3812 650 3877 erat,
673 3812 800 3885 propter
811 3804 944 3884 reliquas
959 3802 1035 3865 duas
1048 3800 1140 3860 maris
1155 3803 1307 3878 petronia,

126 3900 235 3962 beatae
256 3900 371 3966 Mariae
393 3905 525 3986 Virginis
555 3916 586 3970 et
608 3910 640 3970 S.
664 3909 790 3981 Luciae,
824 3926 950 3989 quarum
970 3908 1049 3970 testa
1070 3903 1205 3967 umdum
1225 3909 1306 3964 1¹³¹*

127 4006 250 4066 sierant.
296 4009 330 4069 Si
352 4013 434 4072 enim
456 4019 526 4074 ante
548 4013 661 4075 testum
683 4014 715 4074 S.
739 4012 851 4075 Luciae
873 4011 1008 4076 Maleum
1036 4010 1222 4091 pertramlre
1245 4022 1306 4068 ⁰⁰¹¹

128 4111 349 4189 potuissemus,
381 4114 462 4177 nulla
485 4133 558 4195 spes
579 4116 707 4196 galeotis
729 4124 794 4180 erat
816 4118 874 4180 bac
895 4119 996 4180 bieme
1016 4113 1149 4179 Maleam
1172 4114 1305 4173 vinem

130 4212 182 4274 Sic
203 4219 285 4278 enim
305 4217 417 4283 sedent
439 4220 579 4300 galeotae
600 4223 632 4283 in
654 4221 798 4294 naribus
830 4227 863 4284 et
883 4220 1005 4303 quaudo
1030 4234 1094 4281 tm
1123 4220 1196 4279 ml
1221 4212 1305 4277 '0⁰¹³
