2874 4770
686 151 749 221 431

128 327 246 408 lapides
265 327 406 415 pretiosi.
450 324 495 387 lbi
517 331 565 388 est
586 342 682 386 cornu
703 341 799 386 unum
819 324 976 386 miuomis
988 326 1254 404 pretiosiadmnnr,
1274 332 1309 388 et

129 431 224 494 multa
246 431 313 491 alia.
358 428 475 490 Sedet
498 428 556 490 dur
585 431 653 508 ipae
679 428 857 493 thesaurum
884 427 991 500 habet,
1022 447 1115 509 quem
1141 429 1308 492 ostendunt

130 555 186 616 pro
208 542 347 615 tempore
371 534 528 595 camerarii
543 530 627 609 ejus,
650 529 784 594 derasis
804 531 884 593 ultra
898 533 1138 595 aestimationem
1153 536 1305 613 pretiosis.

438 796 667 871 Abundantia
695 797 847 870 omnium
872 814 1001 870 rerum.

214 1001 374 1072 Octavum,
398 998 481 1080 quod
502 998 647 1085 Venetiae
669 998 825 1072 nobilitat,
860 1005 910 1060 est
932 1001 1069 1060 omnium
1090 1015 1194 1061 rerum
1215 1000 1308 1062 abnn-

127 1104 243 1179 dantia,
277 1121 355 1185 quae
385 1101 423 1165 ad
450 1104 542 1165 uitam
570 1102 732 1165 humanam
764 1109 915 1184 spectant
962 1102 1038 1165 Cum
1062 1105 1143 1165 enim
1164 1122 1226 1166 non
1247 1107 1309 1167 sint

126 1208 167 1272 ibi
199 1208 261 1291 agii
293 1227 351 1271 nec
384 1209 483 1288 campi
509 1204 578 1288 nec}
602 1208 696 1270 silvae
724 1226 782 1270 uec
814 1215 936 1269 montes
963 1224 1021 1269 nec
1053 1206 1148 1270 valles
1176 1227 1234 1270 nec
1264 1210 1308 1270 ri·

125 1331 200 1377 neae
229 1331 287 1374 nec
316 1330 429 1392 pascuo
456 1330 512 1392 pro
533 1311 638 1373 bestiis
668 1330 727 1373 nec
750 1330 857 1374 currus
885 1330 945 1374 nec
975 1310 1080 1391 bigae,
1112 1312 1308 1375 nihilomiuus

124 1425 227 1479 tamen
249 1422 333 1479 tauta
354 1423 402 1478 est
424 1416 465 1476 ibi
488 1417 575 1495 copia
598 1418 734 1478 omnium
756 1415 1002 1478 desiderabilium
1030 1435 1087 1496 pro
1118 1419 1232 1479 ventris
1253 1434 1307 1478 vo·

126 1522 257 1600 luptate,
280 1522 360 1582 sicut
380 1534 547 1597 numquam
569 1518 629 1581 vidi
651 1521 684 1580 in
706 1521 805 1599 aliqua
828 1521 958 1581 civitate.
988 1519 1057 1581 Non
1073 1527 1121 1581 est
1142 1521 1183 1582 ibi
1205 1539 1309 1582 rerum

129 1641 287 1695 mensura,
318 1641 396 1701 quae
419 1623 503 1682 omni
524 1621 598 1683 hora
622 1622 823 1695 advehuntur,
858 1631 891 1684 et
912 1641 1004 1685 omne
1033 1623 1133 1686 iorum
1155 1624 1309 1705 repletum

128 1727 230 1805 rebus.
275 1728 352 1789 Sunt
374 1733 476 1788 autem
498 1727 611 1788 multae
633 1728 751 1806 plateae
774 1734 806 1788 et
829 1726 887 1788 iori
908 1727 979 1800 lati,
1000 1729 1030 1788 in
1053 1729 1163 1806 qmbus
1185 1747 1308 1809 semper

129 1837 177 1890 est
200 1847 380 1901 concursus,
404 1831 486 1891 acsi
509 1836 613 1891 essent
636 1827 794 1910 (29011)
817 1830 969 1892 nundinae
992 1835 1144 1894 annuales.
1173 1832 1239 1894 h'ec
1261 1839 1309 1894 est

128 1935 169 1997 ihi
192 1935 291 1995 iomm
314 1934 546 2008 hebdomadale,
569 1934 624 1994 sed
647 1934 853 1996 cottidianum.
899 1934 945 1995 De
968 1938 1085 2015 magnis
1105 1943 1192 1998 taceo
1214 1943 1246 1997 et
1269 1936 1307 1999 de

128 2040 254 2099 minimo
277 2038 363 2110 dico,
397 2038 477 2116 quod
507 2040 537 2099 in
559 2037 625 2098 soro
649 2037 681 2098 S.
705 2037 801 2099 Marci
832 2046 881 2100 est
910 2044 993 2099 tanta
1015 2043 1102 2119 copia
1128 2041 1246 2102 olerum
1268 2038 1307 2102 ad

128 2143 308 2203 salutucium
339 2142 497 2215 duntaxat,
527 2142 610 2221 quod
632 2143 768 2202 mirabile
793 2149 841 2203 est
863 2142 985 2216 videre,
1018 2143 1069 2204 ubi
1104 2152 1224 2205 crescat
1256 2151 1309 2205 aut

128 2248 195 2325 quis
218 2252 385 2307 consumat.
432 2246 484 2306 Sic
507 2245 546 2306 de
576 2245 725 2324 piscibus,
759 2247 880 2317 avibus,
913 2247 1072 2318 carnibus,
1101 2247 1248 2309 fructibus
1276 2254 1309 2308 et

130 2353 273 2422 caeteris,
309 2369 387 2429 quae
417 2352 519 2411 omnia
547 2349 794 2413 indefectibiliter
824 2368 948 2431 semper
977 2349 1096 2411 venalia
1117 2352 1310 2430 reperiuntur

128 2472 227 2534 paene
249 2456 280 2515 iu
303 2455 444 2516 omuibus
466 2453 542 2516 vicis
565 2459 597 2514 et
619 2454 740 2532 plateis,
763 2455 954 2533 singulariter
967 2461 1070 2516 tamen
1086 2453 1165 2533 apud
1180 2453 1213 2514 S.
1227 2452 1309 2516 llar-

130 2579 200 2622 cum
231 2566 262 2620 et
285 2561 317 2620 in
339 2563 432 2639 ponte
456 2563 487 2618 et
509 2558 608 2636 platea
635 2557 773 2620 lliroalti
812 2556 921 2621 Omnia
945 2565 1046 2620 autem
1061 2558 1171 2621 Veneti
1185 2576 1309 2620 nummo

131 2670 320 2742 comparant,
344 2663 436 2722 etiam
458 2668 564 2740 potum
587 2678 693 2740 aquae.
729 2659 816 2722 Licet
838 2664 920 2724 enim
943 2665 1092 2724 cisternae
1115 2663 1227 2724 multae
1249 2664 1310 2722 sint

131 2768 188 2838 ibi,
211 2785 271 2826 non
294 2772 396 2827 tamen
419 2764 531 2826 sufficit
553 2783 630 2843 aqua
653 2765 791 2844 pluvialis
814 2785 869 2847 pro
892 2773 965 2846 potu
981 2773 1082 2826 tantae
1097 2764 1307 2827 multitudinis.

128 2869 201 2931 ldeo
215 2870 416 2929 communiter
426 2875 497 2929 sunt
508 2871 593 2948 putei
605 2869 701 2931 clausi
710 2872 797 2942 seris,
812 2879 843 2932 et
853 2872 879 2931 si
889 2876 1037 2942 nonsunt,
1048 2873 1150 2932 statim
1159 2887 1307 2931 evacuan-

131 2981 196 3046 tur,
227 2991 297 3034 nam
326 2977 370 3033 tot
393 2990 542 3053 pauperes
566 2973 607 3033 ibi
629 2973 782 3046 hauriunt,
806 2991 841 3035 ac
863 2977 890 3034 si
907 2980 990 3035 esset
1004 2975 1108 3034 vinnm
1135 2991 1305 3035 commune.

127 3074 214 3155 Aqua
237 3074 333 3137 dulcis
356 3077 387 3137 in
410 3077 526 3156 magnis
544 3077 669 3138 navibus
686 3079 772 3156 quasi
787 3079 912 3159 repletis
928 3080 960 3139 in
974 3077 1084 3140 Brenta
1099 3078 1191 3141 durio
1206 3083 1236 3140 in
1246 3079 1305 3140 Ve-

129 3181 226 3241 netias
242 3179 361 3241 ducitur
375 3181 562 3242 attenditur.
595 3180 712 3242 Emtam
723 3189 822 3242 autem
838 3200 947 3262 aquam
960 3182 1115 3255 dimittunt
1127 3183 1167 3244 de
1182 3183 1306 3245 naribus

132 3300 254 3344 currere
265 3286 296 3344 iu
309 3285 423 3343 curiam
439 3285 574 3356 emtoris,
590 3292 620 3344 et
631 3291 729 3345 terrae
742 3287 885 3347 immersa
897 3287 1083 3364 recolligitur
1093 3289 1122 3346 in
1135 3289 1306 3357 cisternam,

130 3389 160 3447 iu
176 3403 234 3466 qua
250 3394 281 3447 et
296 3386 351 3446 sub
368 3392 447 3445 terra
462 3385 585 3447 distillat
600 3394 631 3447 et
646 3388 772 3448 colatur.
802 3386 945 3468 Magnam
955 3392 1115 3468 pecuniam
1127 3389 1238 3449 Veneti
1252 3405 1308 3467 per

131 3508 243 3551 annum
269 3490 388 3551 solvunt
412 3507 467 3568 pro
491 3507 585 3569 aqua,
609 3492 747 3568 quamvis
775 3492 837 3551 sint
861 3493 893 3551 in
918 3490 1019 3552 medio
1043 3508 1205 3569 aquarum,
1229 3507 1308 3568 quae

129 3599 233 3656 tamen
248 3611 306 3655 uec
323 3593 359 3655 ad
374 3599 480 3673 potum
495 3611 553 3655 nec
568 3592 606 3656 ad
621 3593 752 3656 loturam
768 3594 859 3656 utiles
875 3601 957 3657 sunt.

646 3861 791 3936 lierces.

216 4063 353 4137 Nonum,
375 4063 562 4126 nominatam
583 4060 716 4123 reddens
736 4061 844 4124 urbem
864 4061 1081 4138 venetiarum,
1104 4072 1152 4128 est
1171 4061 1308 4129 bireto

133 4165 307 4231 maturus
337 4166 606 4233 mercimoniorum
634 4166 786 4230 cortinas
827 4169 993 4232 astum
1018 4170 1308 4250 &mnemia
