2874 4770
684 155 749 229 127

128 346 160 401 ot
180 354 287 417 agros,
308 341 396 415 prata
417 342 450 397 at
462 335 576 398 'hortos
597 335 710 398 uteres
730 335 764 396 in
777 337 918 396 arentem
940 337 1054 394 terram
1069 336 1258 394 commutant
1272 337 1304 394 et

128 442 320 504 sterilitatem
352 438 466 502 iaciunt
502 445 593 517 atque
631 437 743 500 famem
778 445 808 499 et
842 437 992 498 caristiam
1024 433 1182 496 inducunt.
1238 433 1304 497 Hoc

129 543 373 625 saepeiidimus
395 545 427 605 in
450 542 629 604 exundantia
644 541 755 612 Rheni,
779 539 921 610 Danubii,
944 538 1028 601 liaris
1046 544 1078 600 et
1090 537 1195 599 Blasii.
1241 537 1305 599 Sed

129 665 216 711 sacer
238 647 323 708 Nilus
347 665 364 707 e
389 648 538 708 contrario
561 645 647 717 iacit,
677 650 887 706 verumtamen
910 645 936 704 si
959 661 1052 723 super
1079 642 1214 704 debitum
1236 659 1302 704 cre·

127 752 219 822 verit,
252 756 357 823 nocet,
388 752 549 838 siminus
572 748 679 817 ,debito
704 754 866 827 augmento
890 748 1034 819 caruerit,
1068 749 1180 808 iterum
1203 752 1301 808 uocet.

125 853 197 916 ideo
228 853 347 916 incolae
379 860 479 915 terrac
513 853 625 915 habent
653 854 768 933 passim
800 869 855 930 per
884 850 993 931 oppida
1016 857 1047 912 et
1070 849 1155 913 villas
1186 856 1303 913 stantes

126 957 296 1030 columnas,
331 959 363 1020 in
397 958 504 1037 quibus
536 959 797 1028 incrementorum
830 956 990 1016 varietates
1025 956 1117 1034 signis
1150 953 1243 1034 (119
1258 950 1302 1034 Ι)

125 1068 246 1124 notatae
288 1062 378 1135 sunt,
415 1079 471 1142 per
509 1078 587 1140 quae
631 1062 747 1140 optimo
790 1059 882 1121 futuri
918 1060 1050 1138 tempori
1093 1056 1304 1121 abundantiam

126 1173 177 1227 aut
198 1167 358 1245 penuriam
380 1166 580 1228 vaticinantur
599 1162 881 1241 secundummaJus
896 1163 1057 1240 minusque
1072 1163 1303 1234 incrementum,

125 1288 182 1332 nec
205 1270 401 1331 coelumaut
421 1268 521 1330 sidera
544 1267 585 1328 ibi
608 1265 768 1328 attendunt
800 1273 851 1328 aut
883 1267 1100 1346 impressiones
1123 1268 1218 1338 aeris,
1248 1264 1303 1328 sed

127 1375 225 1437 solum
257 1373 295 1435 ad
324 1371 456 1434 fluminis
488 1370 718 1450 dispositionem
751 1367 873 1431 oculum
903 1370 1048 1448 dirigunt,
1081 1369 1194 1431 nuliam
1224 1371 1304 1432 enim

126 1497 269 1557 umquam
292 1477 485 1538 clementiam
508 1473 547 1536 de
562 1474 656 1535 coelo
680 1474 790 1552 accipit
812 1481 892 1537 terra
914 1474 981 1545 iiia,
1005 1475 1084 1534 sicut
1104 1475 1179 1536 aliae
1195 1482 1302 1545 terrae,

128 1582 196 1643 Nilo
225 1584 255 1643 ci
288 1598 380 1660 opem
401 1579 529 1640 terente.
575 1575 662 1638 Vnde
684 1576 833 1638 Dominus
864 1576 937 1638 dixit
958 1574 1081 1638 iudaeis
1110 1579 1142 1638 in
1172 1576 1303 1650 deserto,

127 1683 248 1746 Denter
266 1682 451 1754 titteris,
473 1682 585 1760 inquit,
609 1680 646 1743 ad
669 1698 759 1759 quam
783 1679 962 1759 ingredieris
989 1679 1219 1759 possidendam,
1242 1698 1305 1743 nou

128 1794 176 1847 est
190 1788 364 1848 sicutterra
379 1783 526 1864 Aegypti,
549 1785 587 1846 de
603 1801 662 1864 qua
683 1785 786 1856 eristi,
809 1784 860 1844 uhi
869 1781 953 1860 jacto
969 1786 1086 1845 semine
1102 1786 1133 1844 in
1148 1785 1304 1847 hortorum

128 1907 245 1951 morem
268 1907 364 1969 aquae
388 1888 540 1951 ducuntur
560 1889 705 1968 irriguae,
737 1887 794 1949 scd
823 1893 904 1949 terra
933 1894 1037 1950 nostra
1065 1888 1104 1950 dc
1133 1889 1220 1949 coelo
1252 1905 1301 1951 ex·

126 1993 394 2073 spectatpiuvias.
439 1992 629 2061 Hocautem
650 1992 789 2072 Aegypto
822 1991 931 2053 accidit
959 2010 996 2054 er
1027 1992 1222 2079 inundatione
1243 1991 1304 2055 Nili

126 2104 231 2158 contra
253 2104 393 2167 naturam
415 2097 540 2159 aliarum
556 2099 731 2175 regionum:
756 2078 826 2158 c'urn
842 2095 974 2157 abundat
987 2098 1019 2159 in
1033 2097 1177 2177 frugibus,
1192 2095 1304 2159 sterilis

125 2202 226 2262 estin
249 2194 390 2279 pascuis,
414 2207 445 2262 et
467 2219 485 2261 s
509 2206 630 2272 contra,
655 2219 726 2262 cum
747 2200 827 2260 bene
851 2205 932 2260 stant
953 2217 1082 2279 pascua,
1106 2203 1205 2264 minus
1227 2203 1306 2265 bene

125 2310 206 2366 stant
227 2303 388 2365 frumenta.
434 2302 554 2372 Diutior
577 2304 660 2364 enim
682 2320 768 2364 mora
783 2302 917 2367 fluminis
932 2313 1150 2384 superterram
1166 2313 1305 2387 tempora

129 2406 248 2468 colendi
268 2406 410 2484 impedit,
432 2404 481 2467 rel
499 2413 563 2467 sata
579 2407 758 2483 exstinguit,
781 2425 896 2485 pascuav
907 2425 979 2470 vero
995 2412 1110 2482 nutrit;·
1128 2417 1158 2472 st
1175 2388 1314 2474 celerior*

129 2527 269 2571 recessus
285 2511 469 2571 contrarium
484 2507 575 2580 facite
594 2518 685 2570 unam
699 2511 800 2589 itaque
814 2510 971 2591 Aegyptus
993 2513 1024 2574 io
1041 2512 1100 2574 hoc
1115 2532 1202 2594 spem
1217 2533 1304 2578 suam

128 2614 229 2685 habet,
261 2631 354 2692 quum
384 2618 435 2675 aut
456 2613 569 2674 sterilis
592 2619 641 2673 est
664 2616 775 2687 amnis,
805 2622 857 2677 aut
887 2634 963 2688 uon,
992 2625 1082 2696 prout
1102 2619 1153 2680 iile
1175 2637 1302 2700 magnus

129 2724 178 2779 aut
192 2720 311 2797 parcior
331 2715 492 2779 influxerit.
527 2717 624 2779 Solet
646 2724 748 2779 autem
771 2720 993 2783 incrementum
1015 2721 1076 2782 Nili
1098 2728 1222 2790 tenente
1237 2723 1303 2785 soie

127 2819 223 2883 leonis
252 2822 345 2882 finem
375 2827 406 2882 et
434 2819 486 2881 nd'
506 2819 641 2891 medium
664 2839 760 2900 usque
794 2825 918 2902 virginis
951 2826 1071 2904 augeri,
1103 2825 1227 2887 demum
1250 2825 1302 2889 de·

126 2925 237 2987 clinare
270 2933 302 2988 et
330 2927 363 2986 in
394 2928 474 3005 ripas
509 2942 653 2987 revocare
678 2943 771 3005 aquas
804 2928 955 3007 incipere,
990 2916 1090 2990 donec
1112 2929 1159 2990 soi
1180 2932 1304 3011 virginis

29 3064 41 3075 -
125 3030 155 3090 in
179 3029 271 3091 finem
286 3029 443 3092 veliiirrae
458 3030 640 3109 principium
662 3033 780 3094 venerit
803 3039 834 3092 et
856 3039 929 3093 tunc
952 3038 1049 3094 totum
1069 3032 1146 3094 iufra
1167 3040 1305 3097 veterem

125 3131 244 3194 alveum
267 3135 424 3194 contineri.
469 3132 547 3196 Nam
578 3141 681 3197 contra
714 3143 859 3198 naturam
882 3135 1011 3197 aliorum
1043 3134 1200 3199 fluminum
1232 3142 1303 3198 ante

125 3242 224 3297 ortum
247 3236 400 3299 caniculae
423 3245 549 3316 augetur
572 3239 681 3301 mediis
705 3240 838 3301 aestibus
861 3240 938 3301 ultra
961 3241 1184 3318 aequinoctium
1191 3260 1199 3314 ;
1222 3240 1303 3303 hunc
1393 3283 1396 3286 <

125 3343 206 3402 enim
229 3341 452 3403 nobilissimum
474 3360 594 3405 amnem
616 3343 723 3407 extulit
744 3349 852 3403 natura
875 3348 906 3403 et
928 3345 969 3404 ita
1002 3343 1169 3422 disposuit,
1202 3349 1236 3406 ut
1265 3362 1302 3406 eo

125 3453 264 3527 tempore
288 3443 461 3529 Aegyptum
482 3447 658 3521 inundaret,
690 3465 750 3527 quo
773 3448 902 3508 manime
925 3454 1006 3509 terra
1037 3447 1205 3511 fervoribus
1236 3455 1304 3511 usta

124 3548 213 3612 altius
236 3549 332 3615 undas
354 3549 488 3612 traheret
495 3570 503 3624 ;
537 3559 568 3614 ct
591 3558 674 3614 tanta
698 3569 856 3624 mansura,
888 3559 999 3630 quanta
1029 3551 1169 3614 sufficere
1198 3559 1304 3631 posset

128 3671 245 3716 annuae
267 3655 406 3731 siccitati.
452 3654 499 3717 Fit
522 3663 624 3717 autem
639 3655 797 3741 inundatio
813 3655 890 3717 haec
911 3653 1044 3716 fluminis
1067 3657 1153 3734 quasi
1175 3655 1305 3719 mirabili

121 3758 183 3820 Dei
198 3757 401 3838 providentia,
424 3776 479 3818 suo
494 3774 625 3837 namque
641 3766 779 3837 tempore
795 3761 881 3831 anui,
904 3777 964 3819 non
979 3759 1109 3820 humana
1125 3761 1302 3839 operatione

125 3862 348 3952 aut-industria
370 3863 447 3923 ostia
469 3861 547 3933 Nili,
570 3881 626 3941 per
648 3880 726 3941 quae
742 3879 824 3923 mare
838 3861 1022 3940 ingreditur,
1045 3863 1176 3924 cumulis
1192 3880 1302 3926 arenae

126 3966 321 4038 clauduntur,
351 3983 390 4027 ne
413 3982 490 4046 aqua
512 3967 545 4027 in
567 3982 651 4027 mare
674 3965 789 4028 defluat
811 3973 842 4028 et
864 3968 909 4028 sic
932 3967 1033 4029 alveos
1056 3984 1128 4028 suos
1150 3973 1301 4046 transgre-

124 4069 210 4132 diens
232 4079 344 4133 terram
367 4071 480 4148 irrigat.
527 4069 590 4131 Sed
613 4076 644 4132 et
666 4076 804 4150 tempore
827 4071 879 4133 iilo
903 4071 1052 4150 aquilonis
1076 4068 1196 4132 flatibus
1225 4087 1303 4149 aqua

125 4178 336 4256 repercutitur,
352 4175 461 4254 quibus
472 4174 693 4242 reluctantibus.
699 4177 874 4240 intumescit
885 4174 1062 4257 etdegypto
1074 4168 1303 4246 mundauonein
