2874 4770
126 333 545 400 Sameritniset'lcrtaris
590 330 1312 413 smqohmectenhaucmtraaomlne

123 437 295 510 dicatorum
315 438 425 502 tollere
449 438 608 511 sidentur,
640 443 764 518 pertore
796 437 925 517 anphc
954 454 1018 498 non
1047 436 1157 508 liban,
1194 435 1312 498 decrevi

122 551 225 608 eutem
248 544 286 607 eb
305 544 442 606 interiori
463 550 552 624 perte
572 543 824 606 vestimentorum
852 543 936 621 ipsas
958 559 1070 603 avices
1093 549 1309 622 transponere

209 644 1312 729 Ethiepercetisadcciitareligionisnoetrnexercitiaetedim·

124 751 270 833 piendum
292 751 366 814 milri
388 754 554 814 commisse
574 750 675 814 officia
695 768 747 812 me
768 749 883 812 reduxi.

1 901 3 908 -
211 855 347 919 Fuerunt
367 862 470 919 eutem
492 855 559 919 dies
581 872 670 918 mene
692 857 806 936 primae
837 856 1024 933 evagationis
1049 851 1117 920 215
1147 872 1233 917 anno
1256 854 1311 915 Do

125 961 200 1024 mint
217 956 310 1026 ileo.
340 958 457 1022 Deinde
478 978 553 1022 reru
575 959 729 1023 meundee
749 960 934 1040 megauonis
950 955 1031 1030 289,
1054 976 1153 1038 quam
1176 959 1312 1020 inchoavi

126 1083 205 1128 enno
227 1063 351 1127 Domini
374 1059 459 1130 1483
481 1071 514 1125 et
535 1062 613 1126 redii
634 1080 716 1126 enno
740 1057 826 1127 1484
851 1065 885 1125 in
904 1062 963 1125 die-
977 1062 1110 1142 Agnetis
1140 1062 1311 1134 secundae;

126 1176 158 1232 et
179 1167 354 1250 praedicere
382 1169 414 1229 io
435 1173 588 1230 conventu
616 1170 753 1248 reincepi
774 1166 813 1230 ad
833 1167 956 1231 laudem
983 1173 1016 1228 et
1036 1167 1174 1246 gloriam
1196 1167 1313 1227 Domini

122 1274 187 1335 net
208 1271 282 1335 Jesn
305 1271 416 1337 curisti
438 1279 470 1335 et
490 1272 686 1334 murinae
706 1270 822 1334 ituriae
843 1271 976 1350 Virginis
998 1275 1031 1332 et
1052 1271 1140 1333 beati
1164 1271 1312 1332 Dominiei

125 1377 220 1457 putris
233 1377 330 1440 nocto
344 1383 376 1438 et
398 1394 454 1458 pro
469 1376 568 1439 calute
583 1378 704 1440 animae
716 1393 805 1440 mene
821 1383 854 1440 et
863 1378 1072 1457 proximorum
1087 1375 1311 1439 aedificatione.

599 1724 832 1738 m

262 1987 494 2131 sienim
513 2018 694 2116 nini
711 2016 831 2115 rans
852 2000 1177 2155 nvaeareeu,

129 2215 164 2287 et
190 2210 304 2287 noma
331 2212 440 2288 totius
466 2215 602 2304 operis,
643 2217 681 2286 et
706 2217 761 2285 est
786 2210 846 2285 XII
872 2214 1045 2290 tractatus
1087 2210 1309 2296 mollimus,

397 2335 467 2408 ctio
494 2341 611 2427 tumen
638 2334 813 2409 volumine
838 2337 1033 2408 contentus.
1104 2413 1109 2420 ,

233 2510 322 2586 Sicut
354 2539 446 2602 saepe
475 2524 507 2584 in
535 2519 788 2602 praecedentibus
817 2521 956 2600 promisi,
989 2518 1072 2598 quod
1100 2519 1213 2581 ultimo
1243 2521 1309 2582 loco

130 2629 292 2707 evagatovii
308 2645 422 2707 ponere
436 2627 548 2691 uellem
564 2626 777 2699 Memmiae,
805 2625 934 2688 Sucviae
957 2631 988 2685 et
1009 2625 1139 2688 civitatis
1157 2622 1309 2687 Ulmensis

130 2730 379 2815 descriptionem,
401 2735 443 2794 ita
466 2737 497 2794 et
520 2738 645 2793 conatus
667 2731 710 2792 lui
725 2731 836 2792 iacere.
868 2728 929 2790 Sed
945 2726 1016 2789 dum
1030 2729 1061 2789 in
1077 2728 1183 2790 labore
1200 2748 1310 2800 essem,

127 2836 274 2909 intellexi,
308 2839 339 2898 in
362 2835 540 2916 quibusdam
563 2836 639 2897 iocis
661 2835 764 2898 heberi
791 2834 1011 2913 descriptiones
1035 2841 1067 2895 et
1093 2833 1257 2896 chronicas
1282 2841 1312 2894 el

130 2939 245 3001 annalia
276 2939 315 3000 de
338 2940 494 3019 praetatis,
527 2939 640 3003 idcirco
663 2957 786 3001 manum
809 2940 918 3000 retraxi
941 2956 958 2999 a
982 2939 1115 3018 coeptis,
1150 2954 1310 3017 quousque

129 3041 232 3106 videro
248 3043 397 3123 praelatos
421 3046 596 3118 chronicas,
619 3062 676 3107 nec
693 3046 865 3125 quiescam,
888 3045 946 3104 nisi
961 3041 1028 3104 libri
1044 3040 1082 3102 ad
1098 3059 1186 3105 meas
1205 3060 1311 3104 manus

129 3147 276 3218 venerint,
300 3152 332 3207 et
354 3153 425 3209 tunc
440 3149 604 3229 periciam,
627 3166 705 3229 quae
728 3151 855 3230 promisi
870 3149 1012 3228 inprime
1028 3154 1114 3228 parte
1130 3146 1311 3227 Evagatorii,

129 3248 213 3313 Folio
236 3245 266 3313 3.
289 3250 324 3313 Β.
349 3258 380 3313 et
403 3253 434 3315 in
455 3252 491 3314 ll.
515 3252 620 3328 Parte,
648 3252 733 3315 Folio
756 3251 777 3317 2
800 3272 826 3316 a.

233 3415 385 3508 Explicit
410 3416 659 3506 Evegctorium
685 3417 814 3491 Fratris
840 3416 962 3490 Felicis
988 3413 1093 3487 Febri
1129 3415 1178 3489 de
1211 3433 1312 3489 secra

129 3539 413 3628 peregrinatione
439 3539 740 3632 lerosolymituue.

605 3918 834 3932 —u-—u—-u
