2874 4770
693 267 733 336 61

124 441 200 517 pulli
222 438 398 518 gallinarum
422 439 613 513 excubantur,
636 440 723 529 unde¹
739 443 770 502 in
793 443 882 520 Spec.
906 441 974 504 Nat.
997 439 1030 503 L.
1060 440 1109 507 17.
1134 462 1198 523 cap.
1225 441 1297 512 166.

126 541 199 602 dieit
219 540 415 613 Vincentius,
447 540 527 619 quod
556 559 612 604 ova
635 508 810 629 ga‘arum
833 544 1014 625 quandoque
1044 549 1075 608 iu
1099 549 1299 629 sterquilinio,

125 645 175 706 vel
197 645 227 704 in
252 651 332 704 terra
355 644 460 724 calida,
483 644 541 726 vel
555 645 655 715 etiam,
670 645 726 706 sub
740 645 895 726 pulvinari,
917 650 965 711 vei
987 652 1017 711 in
1039 653 1106 714 sinu
1144 653 1298 733 complen-

126 753 175 807 tur
197 747 235 807 ad
257 747 492 825 pulliflcandum,
516 749 602 824 quasi
626 749 737 825 gallina
759 749 927 825 incubante.

211 849 330 910 Deinde
345 852 500 930 progressi
523 854 605 929 erne
626 851 749 912 domum
771 853 946 926 fornacium,
968 857 999 936 in
1022 858 1128 936 quibus
1152 860 1299 921 excuban-

124 961 174 1014 tnr
197 953 375 1032 gallinarum
397 971 462 1024 ova,
487 960 519 1013 ut
542 952 740 1026 dictumest,
772 956 909 1016 venimus
933 965 1016 1019 extra
1038 959 1194 1023 hominurn
1216 963 1299 1025 babi-

124 1059 255 1118 tutiones
285 1059 364 1117 inter
386 1055 583 1135 Babyloniam
606 1063 637 1116 et
660 1056 780 1117 Cairum
803 1059 833 1118 iu
865 1058 1011 1136 grandem
1041 1062 1214 1140 planitiem,
1246 1083 1301 1144 per

126 1177 216 1239 quarn
248 1168 295 1222 est
325 1163 373 1222 via
404 1163 473 1222 trita
503 1156 642 1224 acastre
667 1164 790 1226 Soldani
812 1165 849 1225 ad
871 1164 982 1226 Nilum.
1029 1165 1086 1227 Per
1116 1167 1192 1227 hanc
1223 1170 1302 1231 viam

125 1266 242 1343 opinari
284 1271 387 1343 potest
438 1264 531 1324 filiam
570 1265 733 1328 Pharaonis
771 1267 967 1329 descendisse
1017 1268 1055 1330 ad
1099 1268 1303 1332 balneandum

124 1383 158 1426 se
181 1368 213 1426 in
228 1365 361 1438 flumine,
386 1366 505 1445 quando
528 1371 601 1432 vidit
622 1373 752 1434 iicellam
775 1377 804 1436 in
834 1376 1006 1452 papirioue,
1041 1375 1071 1433 in
1095 1391 1154 1452 qua
1176 1372 1301 1454 Moyses

125 1469 289 1532 infantulus
312 1477 452 1549 repertus
484 1473 515 1532 in
543 1474 638 1537 filium
668 1477 841 1557 adoptivum
865 1485 910 1537 est
935 1477 970 1537 ab
994 1492 1030 1537 ea
1061 1484 1229 1550 assumtus,
1264 1477 1302 1539 de

127 1591 188 1650 quo
211 1575 299 1652 longa
322 1582 369 1634 est
392 1581 424 1634 et
446 1575 570 1654 pulchra
592 1579 716 1640 historia
737 1580 839 1643 Exodi.
864 1579 894 1644 2.

213 1677 247 1738 ln
269 1694 430 1759 processu.
447 1681 584 1743 venimus
608 1682 645 1743 ad
667 1685 769 1744 ruinas
792 1686 901 1746 multas
925 1688 1063 1766 antiquas
1085 1686 1171 1749 valde
1195 1686 1301 1748 dorno-

127 1800 210 1852 rum‚
249 1784 319 1859 quia
350 1789 418 1842 ante
451 1789 570 1862 tempus
601 1787 659 1847 hoc
682 1786 793 1866 grande
815 1791 1027 1862 interstitium,
1052 1791 1133 1870 quod
1155 1798 1203 1852 est
1223 1793 1304 1853 inter

128 1887 303 1949 Cairumet
325 1885 530 1964 Babyloniam,
555 1892 647 1950 etiam
670 1890 808 1953 domibus
832 1900 896 1953 erat
917 1895 1078 1973 repletum,
1103 1901 1134 1953 et
1157 1900 1222 1954 erat
1240 1890 1304 1967 bna

128 1993 232 2052 civitas
257 1987 414 2061 contiuua,
445 1992 525 2050 sicut
548 1998 579 2051 et
601 1993 690 2053 hodie
721 2002 876 2074 reputabar
905 2014 980 2068 una,
1015 1995 1070 2056 sed
1101 1995 1204 2057 divisa.
1249 1995 1305 2058 Est

128 2104 230 2158 autem
262 2097 347 2167 locus
377 2097 428 2156 ille
460 2095 497 2156 de
531 2113 564 2156 se
596 2096 719 2174 quidem
747 2099 870 2176 planus,
900 2099 955 2159 sed
985 2105 1109 2178 propter
1138 2101 1304 2161 immensas

128 2205 229 2264 ruinas
245 2201 346 2277 lactus.
358 2207 406 2261 est
421 2198 643 2278 quodammodo
659 2207 847 2272 montuosus,
871 2219 1041 2280 perquem
1065 2210 1112 2263 est
1135 2204 1304 2282 asperrima

127 2307 229 2366 viaet
252 2304 431 2383 periculosa,
455 2304 524 2381 quia
547 2304 613 2365 viae
636 2320 692 2382 per
715 2304 850 2364 medium
873 2306 1027 2366 ruinarum
1043 2313 1113 2365 sunt
1126 2305 1304 2385 profundae,

130 2415 161 2468 et
183 2425 409 2486 nonnumquam
432 2407 564 2467 latrones
589 2408 619 2465 in
642 2408 735 2466 ruinis
759 2402 893 2477 latitant}
929 2413 959 2467 et
982 2407 1023 2467 ibi
1046 2407 1194 2483 hominab,¹
1217 2425 1303 2487 prae·

130 2513 219 2589 cipue
242 2511 398 2588 solivagos,
407 2488 566 2570 'invadunt
589 2508 780 2586 etspoliant,
805 2526 918 2586 eosque
942 2504 1094 2571 abducunt
1126 2529 1181 2589 per
1206 2498 1306 2584 devia,

131 2619 162 2673 et
184 2612 325 2675 vendunt.
364 2614 416 2673 Sic
438 2614 531 2672 etiam
553 2604 739 2690 tempbribus
762 2604 874 2672 nostris
888 2613 1003 2674 Romae
1018 2631 1110 2713 spepe
1134 2617 1298 2694 contigisse

130 2716 297 2778 audivimus
319 2717 486 2796 peregrinis
510 2717 650 2796 solivagis
673 2734 728 2798 per
751 2717 852 2795 radias
882 2710 964 2778 drbis
981 2716 1069 2795 juxta
1092 2720 1123 2779 S.
1149 2717 1304 2792 (leonium,

130 2828 162 2882 et
181 2822 260 2883 alibi.
455 2832 457 2836 ’

215 2924 333 2987 Deinde
351 2910 440 2986 'entra
463 2928 563 2988 ruinas
586 2928 725 2988 venimus
747 2928 779 2987 in
801 2924 948 3003 grandem
971 2942 1112 3005 campum
1133 2942 1316 3015 arenosum,

130 3050 184 3112 per
207 3031 295 3109 cujus
317 3028 452 3091 medium
480 3030 588 3092 ductus
622 3039 671 3092 est
701 3049 778 3093 unus
808 3029 894 3091 valde
931 3031 1008 3091 altus
1041 3047 1145 3090 murus
1177 3029 1305 3091 arcubus

129 3136 263 3213 undique
285 3137 416 3218 pervius,
440 3137 491 3214 qui
514 3152 531 3195 a
552 3136 620 3196 Nilo
643 3137 747 3214 incipit
779 3140 810 3194 et
844 3151 941 3210 usque
965 3132 1002 3192 ad
1026 3138 1158 3193 castrum
1181 3132 1305 3193 Soldani

129 3239 328 3318 protenditur,
351 3255 448 3316 usque
470 3239 508 3299 ad
530 3239 657 3299 milliare
680 3239 896 3316 germanicum.
939 3236 1039 3314 Super
1060 3253 1180 3296 murum
1203 3243 1306 3296 autem

130 3343 215 3404 illum
238 3344 443 3404 sunt‘cannae
467 3350 498 3402 et
519 3344 653 3421 gurgites
675 3341 851 3419 plumbeae,
874 3341 905 3398 in
929 3338 1035 3417 quibus
1065 3355 1143 3416 aqna
1176 3338 1214 3399 de
1235 3338 1305 3400 Nilo

130 3449 224 3508 currit
240 3465 336 3525 usque
360 3446 397 3507 ad
420 3445 543 3507 Soldani
565 3451 697 3504 castrum
719 3460 850 3513 sursum,
874 3447 905 3501 et
928 3449 1052 3520 propter
1068 3459 1163 3519 aquae
1181 3442 1307 3526 ductum

129 3550 228 3610 iactus
251 3557 299 3634 est
319 3550 371 3610 ille
394 3551 500 3628 ingens
524 3554 644 3618 mums,
679 3545 788 3607 eodem
811 3543 917 3614 modo,
949 3561 1009 3621 quo
1031 3544 1167 3607 videmus
1190 3541 1305 3608 Romae

130 3654 225 3715 altum
254 3643 397 3732 magnum
428 3658 459 3713 et
490 3656 645 3712 arcuatum
668 3666 804 3719 murum,
838 3665 930 3728 super
963 3666 1055 3726 quem
1086 3651 1178 3709 etiam
1201 3650 1305 3712 canale

130 3757 298 3828 elimaret,
323 3773 378 3834 per
401 3754 481 3834 qnod
502 3754 607 3814 nescio
630 3753 703 3831 quid
725 3755 756 3814 iu
779 3753 884 3812 urbem
908 3751 1106 3813 derivabatur.
1159 3753 1304 3814 Nonnulli

129 3859 234 3922 volunt
267 3859 387 3931 dicere,
421 3856 502 3935 qnod
529 3874 590 3916 non
624 3856 714 3917 luerit
749 3872 845 3933 aquae
879 3853 1007 3926 duetus,
1043 3874 1113 3917 curn
1134 3857 1206 3917 urbs
1231 3857 1305 3918 alias

131 3962 263 4025 abundet
293 3964 378 4041 aquis
413 3960 549 4030 Tiberis,
584 3958 639 4018 sed
671 3975 726 4036 per
757 3958 843 4018 illum
875 3956 999 4019 ductum
1022 3958 1060 4020 de
1082 3961 1209 4038 Neapoli
1233 3959 1307 4026 olim

129 4067 384 4129 intromittebatur
411 4065 514 4126 vinum
545 4064 576 4122 in
606 4061 727 4132 urbem,
761 4067 792 4121 et
825 4060 947 4132 oleum,
971 4079 1026 4140 per
1055 4063 1181 4141 longum
1203 4069 1304 4126 terrae

132 4173 271 4250 spatium.
317 4170 395 4231 Sunt
416 4168 499 4230 enirn
520 4164 558 4226 de
581 4165 678 4225 Roma
700 4164 858 4243 Neapolim
881 4161 978 4225 XXIV
1001 4164 1139 4227 milliaria
1161 4165 1306 4227 alleman-

131 4275 208 4335 nioa.
265 4272 300 4335 ln
329 4272 377 4336 bis¹
411 4268 577 4350 magnificis
608 4270 767 4332 structuris
801 4265 876 4348 (96
888 4262 932 4346 a)
963 4274 1085 4330 notatur
1114 4269 1307 4349 sanquorum
