2874 4770
777 149 844 220 dtll

307 331 391 394 llaec
412 327 484 390 urb
506 325 627 388 condita
647 325 705 388 luit
726 333 796 387 ante
817 326 1056 387 incarnationem
1077 324 1198 387 Domini
1226 345 1309 389 anuo
1324 324 1412 397 669,

224 454 240 496 a
262 435 425 503 Pausania,
455 433 672 512 Spartanorum
693 449 787 510 rege,
816 432 865 493 uel
887 429 1040 510 Byzanto,
1073 449 1202 510 eamque
1222 431 1410 512 Byzantium

223 542 403 608 nominarit,
438 553 475 598 er
502 539 644 616 opposito
673 538 733 597 sita
763 534 1002 606 Chalcedoniae‚
1036 553 1114 613 quac
1147 543 1195 598 est
1221 538 1257 596 in
1278 535 1356 597 Asia
1378 538 1409 598 iu

223 644 377 724 provincia
399 640 570 720 Bithyniae,
603 642 670 720 ipsa
698 657 772 702 vcro
801 639 876 700 urhs
903 646 952 700 cst
979 641 1010 699 iu
1038 640 1158 718 Europa
1187 643 1219 700 io
1250 641 1410 718 prouincia

223 747 342 825 Trojac.
386 744 429 806 lla
451 752 555 805 autem
577 762 647 805 cum
670 761 761 823 parra
783 750 879 814 essct,
900 742 1116 804 Constantinus
1137 741 1286 822 Magnos,
1310 743 1411 804 lloma

226 853 332 913 relicta
354 848 464 930 l'apac,
487 866 565 925 anuo
587 849 707 913 Domini
729 845 794 913 316
816 850 942 908 structis
964 850 1125 910 moenibus
1139 848 1321 921 tortissimis
1344 848 1409 909 ccl·

224 961 328 1036 sisque
350 955 483 1018 turrihus
501 972 523 1033 a
545 971 581 1015 sc
603 950 894 1032 Constantinopolim
916 956 1098 1025 nominauit,
1130 972 1221 1032 quam
1243 951 1316 1030 ejus
1337 969 1408 1014 suc·

225 1077 366 1122 cessores
388 1058 524 1138 plurimis
546 1067 613 1120 tum
636 1060 765 1138 ponticis
787 1059 913 1121 acdihus
934 1066 999 1147 torn
1022 1061 1131 1124 civium
1154 1059 1274 1138 palatiis
1298 1075 1408 1136 super·

224 1165 358 1226 hissimis
375 1180 521 1225 eroruare
545 1170 689 1224 curarunt
710 1164 797 1238 adeo,
818 1169 850 1224 ut
866 1165 963 1224 exteri
977 1181 1016 1224 eo
1030 1166 1187 1225 venientes
1199 1163 1288 1224 urhis
1303 1163 1403 1242 splen·

223 1268 328 1331 dorem
350 1267 488 1329 admirati
509 1285 572 1329 nou
594 1276 656 1328 tam
679 1268 851 1329 mortalium
876 1268 967 1347 quam
990 1268 1167 1329 caelestium
1189 1284 1258 1328 cam
1276 1267 1405 1328 dornici-

223 1376 297 1436 lium
320 1373 465 1434 dicerent
509 1371 581 1432 Erat
611 1373 693 1434 euim
725 1374 767 1433 ihi
799 1379 921 1451 practer
953 1380 1073 1434 caetera
1106 1373 1407 1450 magnificentissima

223 1479 256 1540 S.
273 1477 406 1558 Sophiae
427 1476 592 1555 templum,
615 1474 817 1552 Justiuiauum
840 1497 918 1558 opos
940 1485 1005 1539 toto
1028 1478 1101 1538 urhe
1117 1476 1266 1546 mirabile,
1290 1478 1324 1537 iu
1346 1493 1406 1554 quo

223 1584 360 1662 nonginti
381 1579 557 1642 sacerdotes
579 1579 645 1640 Deo
667 1580 849 1643 famulantes
869 1589 956 1650 crant
978 1581 1187 1662 praebendati.

309 1685 400 1786 lirant
423 1691 708 1764 practereaportac
730 1684 791 1757 xi,
819 1685 901 1747 urhis
923 1686 1100 1766 dignitatem
1123 1684 1353 1765 praeferentes,
1376 1689 1406 1742 ct

224 1807 291 1854 eam
313 1796 440 1870 propter
460 1787 689 1867 pulchritudiuis
710 1789 904 1869 splendorem
936 1794 1028 1871 prisci
1057 1810 1170 1852 novam
1197 1783 1329 1852 lloma'm
1354 1807 1404 1867 ap·

224 1894 376 1974 pellaverc
408 1898 462 1963 eo,
494 1891 575 1969 quod
607 1895 799 1970 patriarchali
821 1895 895 1957 sede
918 1914 954 1957 ac
975 1896 1126 1976 imperiali
1148 1895 1259 1956 throno
1285 1913 1303 1956 a
1325 1894 1404 1956 Gon·

223 1998 354 2059 stantiuo
369 1994 508 2056 redimita
524 1994 624 2057 luerit.
655 1995 738 2058 llaec
753 1998 898 2077 prolecto,
921 2007 955 2060 ot
975 2001 1018 2060 ita
1034 1999 1142 2069 dicam,
1162 1999 1258 2060 totius
1268 1997 1405 2059 Orientis

223 2101 366 2161 columen
397 2106 428 2158 et
459 2100 581 2160 unicum
609 2117 737 2179 graecae
766 2104 934 2182 sapientiae
965 2103 1152 2164 domicilium
1175 2109 1257 2173 erat,
1290 2103 1345 2163 uhi
1368 2104 1407 2161 ita

205 2222 333 2283 -magna
356 2203 499 2275 eoncilia,
523 2202 667 2267 Gratiano
689 2213 786 2278 teste,
809 2208 961 2270 celebrata
974 2216 1053 2279 suut,
1076 2206 1218 2268 videlicet
1233 2207 1292 2266 suh
1307 2205 1408 2267 Theo·

223 2309 312 2371 dosiu
334 2309 473 2380 seniore,
495 2309 552 2368 suh
573 2309 732 2389 Agathone
753 2329 845 2391 papa,
864 2319 896 2373 et
918 2314 974 2374 suh
996 2311 1166 2373 iustiniano
1189 2297 1350 2389 principe,
1376 2315 1407 2370 ut

223 2417 255 2476 in
278 2413 390 2475 Canon.
414 2418 500 2490 patet
524 2409 573 2477 15.
597 2412 628 2474 d.
651 2431 678 2474 e.
724 2413 815 2475 Serta
837 2414 987 2493 synodus,

300 2517 441 2596 -Semper
470 2523 536 2577 erat
565 2517 607 2578 ihi
637 2519 741 2596 populi
772 2520 902 2580 maxima
925 2518 1103 2590 multitudo,
1138 2520 1263 2598 quiaiu
1286 2520 1403 2598 optimo

225 2622 329 2684 mundi
347 2623 419 2706 'loco
442 2623 482 2681 sit
504 2623 579 2694 sita,
602 2629 634 2684 et
655 2622 759 2684 hahuit
780 2631 901 2704 portum
924 2626 1151 2705 amplissimum.
1188 2624 1259 2686 Nou
1282 2632 1352 2686 erat
1368 2625 1404 2685 ihi

227 2730 471 2789 necessariorum
492 2725 647 2799 deiectus,
675 2745 734 2789 uec
756 2736 821 2789 erat
844 2737 971 2807 augusta
993 2738 1044 2791 aot
1065 2731 1184 2800 stricta,
1218 2726 1276 2788 scd
1298 2728 1405 2809 ampla,

227 2833 264 2894 ad
286 2833 417 2911 liguram·
432 2832 588 2911 trianguli,
612 2831 700 2910 eujus
724 2832 784 2895 duo
815 2826 910 2896 latera
926 2853 1046 2897 uersus
1067 2853 1150 2896 mare
1173 2843 1259 2908 suut,
1282 2839 1405 2898 tertium

225 2954 333 3000 versus
355 2944 477 2999 terram.

313 3023 548 3103 luuome‘rahtles
564 3038 695 3122 denique
710 3059 747 3104 ex
760 3043 907 3105 haourhc
919 3045 1117 3107 celeberrima
1131 3047 1162 3106 in
1178 3048 1262 3107 omni
1277 3050 1405 3111 scientia

226 3164 263 3208 ae
283 3147 393 3206 vincte
425 3144 582 3206 clarissimi
610 3147 711 3207 exiere
741 3147 813 3218 riri,
845 3149 925 3209 inter
947 3167 1023 3227 quos
1045 3149 1199 3211 lohannes
1223 3150 1404 3227 chrysosto-

227 3268 294 3312 mus
318 3249 412 3332 (178
436 3247 497 3326 a),
528 3249 595 3331 ejus
626 3252 707 3312 urhis
741 3253 903 3331 episeopus
926 3253 985 3314 CC.
1017 3253 1239 3326 Nazianzenus,
1269 3254 1404 3318 loannes

222 3354 387 3416 >Cassianos
411 3353 571 3427 diaconus,
595 3360 627 3416 et
647 3355 812 3416 novissime
836 3358 970 3421 omnium
985 3357 1353 3444 limauuelphilosophus
1376 3367 1405 3419 et

225 3464 328 3520 orator
348 3459 620 3530 eminentissimus,
643 3459 695 3537 qui
717 3458 833 3521 litteras
849 3478 972 3538 graecas
1000 3463 1031 3521 iu
1047 3455 1162 3523 ltaliam
1185 3463 1302 3534 retulit,
1328 3481 1404 3542 quac

223 3560 286 3637 jem
309 3580 365 3640 per
386 3563 597 3641 septingentos
620 3580 714 3624 annos
737 3582 797 3624 nou
819 3564 942 3625 luerunt
964 3567 994 3626 iu
1018 3584 1085 3627 usu.
1117 3566 1202 3627 Siout
1224 3573 1330 3628 autem
1346 3569 1405 3629 cla·

226 3679 279 3725 ros
309 3667 395 3727 nohis
429 3666 569 3744 produxit
597 3670 678 3729 viros
710 3668 829 3746 plures,
861 3671 903 3730 ita
934 3669 1030 3730 malos
1055 3677 1086 3732 et
1107 3688 1268 3751 perversos
1293 3672 1407 3734 multos

221 3768 369 3829 enutrivit
388 3768 483 3859 ilios,
516 3771 585 3834 fidei
614 3772 821 3835 destructores
854 3781 885 3836 et
907 3776 1056 3836 ecelesiae
1080 3793 1221 3838 romanae
1245 3779 1407 3856 perturha·

225 3879 326 3940 tores3
365 3870 445 3933 unde
475 3876 577 3937 multis
608 3895 757 3958 persaepe
788 3882 887 3940 attrita
911 3881 1011 3951 malis,
1050 3888 1083 3941 ut
1113 3887 1248 3943 correcta
1280 3884 1407 3961 resipis·

223 3979 319 4037 earet
371 3971 419 4037 Ad
449 3976 588 4040 ultimum
623 3986 725 4043 autem
753 3998 834 4044 anuo
874 3983 994 4045 Domini
1029 3981 1112 4050 1453
1151 3987 1255 4047 civitas
1288 3987 1360 4065 ipsa
1393 4004 1410 4046 a

223 4076 333 4141 'loreis
365 4086 452 4160 capta
484 4088 546 4153 est,
583 4090 615 4144 ct
647 4083 687 4147 de
716 4086 768 4148 tali
796 4103 833 4148 ac
861 4095 944 4150 unta
976 4089 1050 4150 urhe
1078 4087 1293 4150 hlaehumetus
1329 4089 1408 4154 Tur·

225 4198 332 4245 corum
367 4184 511 4263 princeps
555 4187 751 4268 triumpharit
791 4196 968 4272 mumque
1005 4192 1215 4256 crudelitatem
1251 4201 1407 4271 exercuit,
