2902 4710
595 181 599 188 ’
699 182 785 301 rra

164 373 274 434 sidium
298 371 471 441 habuimus,
486 368 576 448 'quod
599 366 709 429 landus
726 367 843 428 lutosus
859 364 930 439 luit,
954 365 981 427 si
996 364 1078 426 enirn
1092 381 1161 428 saxa
1176 365 1340 438 habuisset,

165 477 274 556 perditi
296 476 470 536 fuissemus.
515 471 700 533 Laborabant
731 489 804 549 ergo
834 487 944 550 magno
974 473 1081 531 conatu
1113 469 1208 529 nostri
1242 484 1340 548 usquc

166 581 204 642 ad
226 582 299 641 solis
322 580 493 640 occubitum
516 584 546 639 et
560 578 602 637 ita
617 582 680 636 toto
696 575 748 636 illo
765 575 814 636 die
830 578 859 635 in
876 576 1025 636 anxietate
1041 575 1181 635 stetimus
1198 580 1229 634 et
1243 559 1341 653 paene

164 684 236 745 nihil
260 682 524 752 manducavimus,
554 682 623 758 quia
646 680 726 740 sacci
749 677 942 756 paximatium
964 678 996 737 in
1018 675 1168 755 profundo
1191 679 1276 738 navis
1293 660 1340 754 ja·

166 788 272 847 cebant
292 794 320 847 et
344 803 450 847 omues
472 801 521 845 res
545 782 677 870 desuper
701 788 732 844 et
754 800 809 842 nos
843 781 1011 860 compressi
1046 781 1186 859 superius
1210 787 1241 840 et
1263 782 1342 840 sicut

166 893 371 969 unusquisque
394 893 425 950 in
447 889 559 949 Roseto
583 887 684 964 locum
707 891 880 964 acceperat,
912 887 967 946 ita'
983 886 1092 946 mansit
1123 891 1188 947 toto
1221 883 1271 945 die
1295 901 1340 946 >ae

165 1000 253 1054 nocte
287 995 435 1072 sequenti.
490 990 582 1051 Porro
616 1007 667 1050 ser
698 991 852 1048 onerariae
882 1006 973 1051 nasas
1007 989 1242 1050 circumstabant
1274 1007 1339 1059 nos,

165 1116 218 1176 pro
242 1114 368 1175 quarum
389 1096 561 1156 remotione
584 1093 676 1152 etiam
699 1107 826 1168 magnus
850 1089 934 1152 labor
962 1090 1019 1152 luit
1047 1109 1102 1172 spo
1135 1090 1339 1173 procedendi3

164 1217 233 1261 nam
267 1201 383 1278 aliquae
414 1215 506 1259 naves
530 1180 700 1257 districtum
723 1185 806 1255 illum
831 1202 988 1256 evaserant
1012 1202 1043 1256 et
1065 1194 1293 1275 praecedebant·
1311 1199 1342 1256 ct

52 1308 55 1313 ⁴
162 1302 232 1363 ideo
256 1302 394 1362 similiter
416 1298 773 1377 laborabant'putantes‚
805 1316 838 1358 se
872 1301 1050 1360 noctcmin
1072 1299 1204 1378 quodam
1227 1297 1339 1378 oppido

162 1423 254 1484 super
276 1404 377 1465 Nilum
400 1409 536 1475 acturos,
560 1402 616 1463 sed
639 1402 723 1463 labor
742 1404 903 1464 nautarum
922 1406 1096 1464 nostrorum
1121 1403 1285 1464 stillarum
1301 1401 1339 1462 Vl

161 1512 281 1572 navium
304 1511 334 1568 in
358 1524 468 1568 vanum
491 1513 521 1568 ct
544 1507 641 1567 inanis
664 1505 720 1566 luit
743 1513 774 1566 et
796 1506 939 1566 tenebrae
961 1503 1257 1585 comprehenderunt
1270 1523 1338 1567 nos.

162 1612 309 1672 Videntes
325 1619 428 1671 autem
442 1617 567 1681 nautae,
592 1627 624 1668 se
640 1627 700 1669 non
716 1626 807 1686 posse
823 1609 988 1689 proficere,
1013 1607 1170 1686 ejecerunt
1185 1610 1340 1682 anchoras,

161 1731 314 1790 navesque
338 1712 544 1774 stabiliverunt
566 1711 690 1784 lortius,
713 1718 746 1773 ut
760 1704 900 1773 ¹laturam
924 1711 1005 1773 diem
1027 1712 1069 1773 ibi
1084 1691 1339 1794 exspectaremus.

103 1895 107 1901 ἰ
162 1798 208 1876 lle
233 1818 298 1876 aliis
322 1824 423 1877 autem
446 1817 569 1877 naribus
594 1815 760 1876 clamabant
784 1814 957 1877 adnostros
973 1803 1100 1890 nautas,
1120 1819 1340 1898 interrogantes

163 1937 232 1990 eos,
249 1921 320 1997 quid
337 1919 505 1980 docerent?
528 1919 564 1981 Et
580 1937 650 1980 cum
664 1910 902 1991 intellexissent,
918 1916 999 1996 quod
1016 1918 1177 1981 Christiani
1193 1937 1341 1994 essemus,

163 2023 383 2083 maledixerunt
416 2022 502 2084 nobis
547 2025 758 2093 aestimantes,
775 2038 778 2043 ’
798 2041 832 2084 se
869 2041 885 2085 a
915 2022 980 2082 Deo
1016 2020 1178 2083 derelictos
1217 2031 1342 2103 propter

162 2133 296 2186 nostram
327 2130 544 2206 praesentiam,
569 2135 600 2188 et
622 2117 920 2188 tremebantcontra
943 2143 1019 2190 nos.¹
1058 2125 1157 2188 Credo
1187 2128 1284 2200 enim,
1315 2129 1340 2189 si

161 2232 392 2310 propinquiores
423 2233 468 2290 eis
498 2231 677 2305 fuissemus,
708 2231 811 2292 multis
836 2230 1034 2303 ⁸contumeliis
1068 2247 1122 2290 nos
1146 2229 1339 2293 adiecissent.

161 2334 306 2395 Stetimus
341 2352 413 2412 ergo
442 2336 485 2395 sie
518 2335 548 2396 in
578 2335 688 2397 mediis
722 2332 863 2396 fluetibus
884 2326 927 2399 ¹in
955 2333 1117 2414 caliginosa
1146 2341 1251 2408 nocte,
1283 2353 1340 2396 nec

161 2437 279 2508 recolo,
312 2455 368 2498 nos
398 2441 427 2498 in
460 2439 569 2517 majori
600 2442 721 2501 miseria
743 2439 839 2500 fuisse
862 2457 917 2518 per
939 2439 1033 2499 totam
1056 2440 1339 2516 peregrinationem,

161 2540 262 2602 demta
286 2550 376 2603 nocte
396 2531 465 2615 illa,
488 2563 581 2623 quam
598 2542 756 2603 habuimus
774 2540 803 2604 2.
821 2540 977 2610 Octobris,
1002 2539 1121 2624 quando
1138 2540 1340 2600 aberravimus

160 2645 191 2703 in
218 2652 302 2705 vasta
332 2645 518 2722 solitudine,
539 2653 573 2707 ut
600 2646 727 2710 habetur
756 2643 808 2704 iol.
838 2640 890 2705 57.
935 2642 1018 2703 Felix
1050 2639 1170 2716 luisset
1187 2639 1255 2712 ille,
1289 2643 1341 2719 qui

161 2746 331 2807 dormiendi
355 2753 385 2807 et
408 2748 585 2825 quiescendi
601 2748 702 2808 locum
719 2746 874 2807 habuisset
889 2742 926 2805 ad
940 2743 1021 2804 illius
1035 2741 1229 2820 longissimae
1243 2747 1339 2807 noctis

161 2847 334 2926 pellendum
357 2848 520 2910 fastidium.
567 2849 738 2926 Numquam
762 2845 882 2918 recolo,
906 2864 956 2908 me
978 2853 1042 2915 tam
1059 2845 1201 2909 distincte
1217 2855 1339 2935 notasse

160 2957 280 3026 septem
312 2953 409 3011 noctis
440 2958 591 3028 tempora,
624 2954 703 3013 sicut
722 2950 780 3012 'illa
810 2959 916 3041 nocte:
955 2952 1121 3015 Videbatur
1152 2957 1234 3016 enim
1256 2957 1339 3028 mihi,

162 3052 244 3130 quod
275 3055 305 3112 in
337 3071 440 3125 curru,
474 3072 566 3133 quem
597 3057 711 3133 antiqui
740 3043 970 3133 ipsi'dominae
1001 3057 1091 3119 Nocti
1121 3059 1339 3139 adscribebant,

161 3156 339 3218 sederemus
371 3164 401 3217 et
432 3166 552 3238 septem
585 3159 681 3230 rotis,
707 3157 766 3218 hoc
799 3165 861 3230 est,
895 3166 1016 3240 septem
1051 3161 1117 3240 ejus
1143 3165 1339 3244 temporibus,

159 3261 240 3321 lente
264 3260 456 3328 duceremur.
489 3261 634 3336 ,Primum
668 3263 768 3322 noctis
793 3268 933 3341 tempus,
965 3247 1046 3342 quod
1076 3262 1185 3328 dicitur
1215 3285 1336 3347 crepus-

160 3364 277 3435 culum,
312 3372 436 3444 propter
459 3364 596 3438 dubium,
627 3383 694 3426 oum
724 3367 891 3438 nesciatur,
922 3384 960 3428 aa
993 3367 1054 3430 diei
1083 3372 1261 3455 praeteritae
1291 3370 1339 3431 vel

159 3468 240 3526 nocti
263 3474 406 3527 venturae
431 3469 468 3527 sit
492 3468 637 3542 dandum,
662 3469 840 3532 deduximus
864 3488 933 3532 cum
956 3471 1132 3535 sarracenis
1150 3476 1270 3547 nostris,
1287 3479 1337 3554 qui

159 3576 223 3627 toto
247 3568 294 3629 die
318 3569 527 3631 laboraverant
550 3580 580 3633 et
599 3573 826 3652 jejunaverant,
859 3592 957 3654 usque
981 3575 1018 3636 ad
1040 3561 1099 3636 hoc
1121 3584 1258 3657 tempus,
1285 3582 1339 3658 qui

161 3672 360 3732 comedebant
383 3680 414 3734 et
438 3675 614 3749 cantabant,
645 3694 705 3739 nou
738 3696 774 3740 ex
808 3678 943 3751 laetitia,
971 3667 1026 3743 sed
1050 3699 1086 3742 ex
1119 3683 1337 3746 consuetudine

159 3793 273 3835 eorum.
320 3775 529 3848 Quaesivimus
554 3797 627 3858 ergo
651 3783 829 3869 paximatios
844 3789 875 3844 et
893 3786 984 3845 etiam
1000 3784 1246 3848 manducavimus
1262 3805 1335 3866 pau·

158 3879 259 3938 cillum
283 3885 314 3938 et
337 3897 445 3958 aquam
467 3883 596 3943 bibimus
620 3887 703 3963 prius
733 3885 878 3946 haustam>
902 3886 941 3948 de
972 3885 1107 3950 llumine.
1153 3888 1336 3960 Secundum,

159 3999 228 4040 cum
248 3981 311 4058 jam
328 3987 450 4045 omnino
466 3987 628 4047 obscurum
644 3995 690 4048 ost
707 3995 841 4069 tempus,
865 3990 976 4052 dicitur
1000 3991 1062 4063 lar,
1087 4008 1142 4062 eo,
1167 3990 1248 4068 quod
1265 3998 1336 4053 tunc

157 4084 239 4144 laces
263 4087 487 4176 accenduntur3
512 4093 603 4151 ctiam
627 4109 696 4156 cum
719 4097 818 4156 nautis
833 4097 945 4156 nostris
962 4093 1140 4155 deduximus
1158 4112 1335 4176 cumparvo

157 4189 264 4250 solatio
287 4193 318 4252 in
341 4193 488 4267 tenebris,
521 4188 577 4276 (la)
600 4196 666 4257 siue
695 4193 826 4271 iaclbus,
854 4199 921 4261 siaa
942 4190 1029 4278 leue,
1059 4196 1117 4260 scd
1137 4216 1207 4263 curn
1230 4201 1333 4282 eopia·
