2874 4770
705 177 767 248 106

150 366 291 423 tricenos,
324 354 375 431 qui
405 351 580 413 deridebant
602 357 692 415 ritum
714 365 853 419 nostrum
888 365 1013 436 propter
1036 357 1197 419 mulierum
1219 364 1324 418 osteu-

148 457 310 526 tationem‚
342 456 422 533 quod
453 457 531 535 apud
554 476 606 517 eos
631 460 787 537 profanum
807 459 1008 535 judicaretur,
1039 479 1108 521 nam
1131 463 1162 520 in
1185 461 1325 522 ecclesiis

149 560 270 621 illorum
293 562 435 621 mulieres
459 562 541 622 nullo
565 561 655 621 modo
679 580 748 622 cum
770 565 842 624 viris
866 570 951 634 sunt,
981 560 1036 644 (b)
1061 564 1116 624 sed
1139 566 1268 626 seorsim
1293 568 1326 625 in

150 665 279 725 ecclesia
311 672 390 726 stant
423 669 451 726 in
485 668 583 745 aliqua
614 672 698 744 parte
729 667 895 737 eeclesiae,
927 669 975 728 ubi
1000 685 1016 727 a
1038 670 1109 728 viris
1142 686 1198 728 nec
1227 667 1325 748 videri

121 808 124 813 -
150 775 278 848 possunt
301 777 332 829 01
354 771 393 829 ibi
424 778 510 831 orant
540 778 570 830 et
602 768 760 846 plangunt,
794 768 939 829 derelicto
968 770 1049 831 domi
1081 774 1163 830 omni
1186 789 1262 832 vano
1293 779 1326 830 et

151 874 299 934 saeculari
328 879 451 943 ornatu,
480 872 565 949 juxta
588 869 661 931 illud
683 871 846 930 Zachariae
868 870 936 933 lX.:
969 874 1005 934 Et
1027 875 1170 953 plangent
1192 874 1324 934 familiae

151 981 182 1037 et
205 977 335 1037 iamiliae
359 994 496 1037 seorsum
521 982 551 1035 et
574 973 716 1033 mulieres
740 991 844 1040 eorum
867 994 1014 1037 seorsum.

236 1080 425 1142 Derisorium
448 1086 495 1139 est
518 1076 597 1156 apud
621 1076 763 1155 gentiles,
799 1078 880 1155 quod
903 1082 932 1139 in
963 1081 1125 1141 ecclesiam
1155 1080 1324 1159 procedunt

149 1190 212 1246 tam
235 1186 289 1244 viri
312 1201 402 1261 quam
427 1184 577 1243 foeminae
601 1199 669 1240 cum
687 1181 834 1241 saeculari
857 1201 975 1261 pompa,
999 1192 1030 1244 et
1053 1204 1107 1264 pro
1131 1192 1213 1245 certo
1238 1183 1323 1244 dete·

150 1288 256 1350 stabile
280 1287 451 1348 admodum.
498 1285 590 1364 lgitur
613 1303 682 1345 cum
706 1287 797 1345 missa
821 1290 904 1346 esset
927 1289 1094 1366 completa,
1119 1290 1220 1348 statim
1242 1292 1325 1349 venit

150 1389 378 1468 Tanguardinus
401 1390 499 1450 verbis
522 1388 654 1466 pacificis
678 1389 707 1447 in
732 1387 801 1448 dolo
825 1395 856 1449 et
879 1388 915 1448 de
939 1397 1042 1450 nostro
1059 1409 1184 1451 recessu
1199 1392 1325 1451 contulit

150 1496 326 1565 nobiseum,
357 1492 579 1572 postulavitque
613 1492 755 1569 pecunias
790 1492 846 1550 sibi
879 1468 1324 1564 (10111000011000011011001,

152 1597 190 1660 de
214 1614 342 1676 persona
366 1614 418 1656 sex
442 1595 566 1655 ducatos
590 1602 620 1655 et
643 1601 770 1672 quatuor
792 1594 917 1677 ducatos
942 1615 996 1675 pro
1019 1596 1119 1657 littera
1141 1595 1264 1657 Soldani
1287 1594 1325 1656 ad

150 1698 366 1761 Alexandrinos
382 1706 413 1758 et
436 1696 561 1759 xxxiv
577 1717 632 1776 pro
655 1699 722 1759 navi
745 1699 873 1759 emenda
887 1698 925 1760 ad
940 1698 1139 1777 navigandum
1153 1716 1208 1777 per
1222 1698 1324 1758 Nilum

150 1805 181 1862 10
215 1801 387 1862 inferiorem
421 1799 599 1878 Aegyptum.
648 1801 874 1862 commendavit
909 1809 1010 1863 autem
1045 1820 1152 1863 uxores
1188 1820 1259 1861 suos
1295 1809 1326 1862 et

149 1905 293 1965 familiam
326 1903 443 1973 dicens,
479 1921 583 1962 omnes
615 1907 750 1981 promtos
779 1902 873 1964 101000
904 1905 941 1965 01
971 1912 1073 1966 000100
1097 1906 1258 1981 01100001ος
1295 1912 1326 1965 01

149 2008 208 2067 hoc
231 2007 373 2078 faciebat,
397 2012 430 2066 01
453 2006 526 2066 Vale
550 2007 595 2065 eis
611 2005 762 2066 daremus.
808 2007 936 2087 insuper
949 2025 1000 2068 sex
1019 2007 1144 2067 ducatos
1160 2026 1214 2083 000
1232 2009 1324 2067 001010

150 2115 182 2171 01
205 2111 340 2170 asinariis
369 2109 480 2170 habere
510 2107 641 2180 volebat,
675 2111 782 2187 quibus
806 2111 843 2171 ad
866 2112 967 2172 Nilum
989 2111 1177 2177 veheremur.
1225 2111 1324 2171 Colle-

149 2217 249 2313 gimus
273 2220 373 2275 autem
395 2216 554 2292 pecuniam
576 2213 743 2274 secundum
774 2221 871 2276 100000
895 2215 933 2275 de
956 2232 1141 2292 unoquoque
1163 2216 1324 2292 peregrino

148 2304 278 2391 1101000,
313 2325 422 2397 quanta
445 2320 530 2379 nobis
553 2317 725 2388 videbatur,
760 2321 850 2379 etiam
880 2320 955 2379 ultra
989 2318 1122 2378 debitum
1153 2325 1184 2378 01
1207 2317 1325 2394 justum

149 2425 280 2504 petentis
304 2441 386 2494 0000,
411 2430 443 2484 01
465 2428 626 2482 contentus
650 2427 740 2482 esset.
786 2421 918 2499 Accepta
941 2421 1068 2499 pecunia
1082 2419 1189 2496 jussit,
1213 2419 1323 2480 010110-

149 2546 334 2607 poneremus
358 2545 412 2586 000
436 2524 473 2586 01
496 2543 662 2604 egressum.
708 2523 884 2603 Aptavimus
916 2542 988 2601 ergo
1011 2542 1060 2583 res
1083 2531 1201 2585 nostras
1224 2525 1341 2601 impog

152 2630 266 2691 nendas
291 2631 381 2689 asinis
405 2629 559 2698 celeriter,
579 2627 703 2705 jamque
721 2629 880 2687 transierat
896 2628 1038 2688 meridies
1054 2636 1155 2688 01000
1172 2627 1324 2687 stabamus

150 2739 181 2794 et
197 2732 389 2793 eductionem
405 2730 675 2807 praestolabamur,
691 2729 746 2790 sed
762 2728 989 2808 Tanguardinus
1004 2733 1101 2790 otiose
1116 2729 1326 2790 deambulabat

149 2850 206 2913 per
228 2834 352 2901 domum
375 2839 405 2893 01
428 2835 542 2892 curiam
566 2838 596 2892 et
627 2834 709 2894 vultu
742 2839 773 2892 et
806 2833 937 2892 moribus
971 2832 1157 2910 indignatum
1192 2833 1325 2892 animum

151 2943 254 2998 contra
277 2956 331 2997 nos
356 2936 533 2997 ostendebat
556 2955 590 2996 se
613 2937 723 2996 habere
747 2942 778 2996 et
800 2942 937 2995 nostrum
960 2936 1214 3013 exspectationem
1236 2933 1325 2993 dissi-

149 3039 281 3101 mulabat
303 3058 336 3099 se
361 3039 479 3109 videre;
514 3041 545 3100 in
569 3056 628 3116 quo
650 3039 731 3099 tacto
763 3058 823 3099 non
855 3039 1008 3100 modicum
1034 3040 1222 3098 ‘consternati
1253 3056 1324 3096 con-

151 3144 211 3204 fusi
235 3145 373 3203 stetimus
398 3149 429 3201 et
451 3146 577 3221 propter
599 3142 654 3201 viri
677 3140 825 3211 furorem,
851 3160 941 3219 quem
963 3143 1047 3204 vultu
1069 3149 1154 3203 torvo
1169 3141 1324 3219 prodebat,

149 3263 207 3308 nec
229 3249 257 3306 ei
280 3247 363 3323 loqui
386 3247 451 3306 ausi
474 3246 603 3315 luimus,
636 3261 755 3305 eramus
780 3245 912 3303 enimin
937 3243 1003 3320 ejus
1026 3246 1193 3323 unguibus,
1216 3262 1273 3303 nec
1296 3245 1325 3303 vi

152 3350 187 3411 ab
212 3368 263 3422 eo,
287 3351 344 3408 nisi
368 3349 537 3420 dilacerati,
562 3345 704 3424 aufugere
728 3347 891 3423 potuimus.
939 3347 1015 3408 Cum
1038 3355 1140 3408 autem
1162 3348 1208 3407 sol
1231 3347 1324 3408 deeli-

150 3460 237 3522 naret
269 3460 299 3513 et
328 3459 448 3531 tempus
485 3432 643 3523 transiret,
685 3451 896 3513 advocavimus
939 3459 1167 3529 procuratorem
1207 3450 1324 3519 domus,

150 3555 354 3620 Mamalucum
379 3565 409 3619 et
432 3576 553 3619 causam
576 3555 751 3617 tardationis
775 3561 806 3614 et
827 3554 1038 3632 indignationis
1067 3554 1179 3615 domini
1201 3553 1324 3614 inresti-

152 3661 297 3736 gavimus.
337 3660 505 3739 Respondit
537 3661 587 3721 ille
621 3659 703 3718 brevi
737 3669 894 3717 sermone:
929 3659 955 3717 si
987 3656 1141 3717 dominum
1162 3657 1325 3732 benignum

152 3762 261 3839 cupitis
285 3760 394 3820 habere
417 3768 449 3820 et
472 3780 540 3822 curn
564 3779 639 3841 pace
659 3763 767 3839 optatis
791 3763 885 3831 exire,
908 3761 1013 3821 bursas
1029 3762 1158 3838 aperite,
1181 3760 1325 3840 pecunias

153 3862 297 3924 effundite
314 3870 342 3922 01
360 3863 437 3937 01100
452 3862 601 3941 000101010
616 3865 745 3942 pretium
761 3883 814 3941 pro
830 3863 971 3942 hospitio,
988 3862 1094 3924 Valete
1109 3881 1167 3941 pro·
1176 3862 1325 3930 uxoribus,

83 3994 87 4000 ·
153 3967 300 4026 curtosias
335 3965 383 4027 vel
412 3966 527 4025 bibales
557 3985 611 4044 pro
642 3966 765 4043 singulis
796 3966 973 4028 officialibus
1001 3966 1110 4027 domus
1143 3972 1262 4045 promte
1295 3961 1326 4024 et

151 4068 286 4127 hilariter
319 4069 466 4129 exhibete.
519 4068 585 4128 lloo
614 4069 714 4128 audito
748 4069 890 4130 hilaribus
923 4068 1046 4149 quidem
1078 4070 1226 4139 vultibus,
1270 4066 1325 4128 sed

153 4171 290 4250 gravibus
314 4177 345 4232 et
367 4172 502 4232 tristibus
526 4171 683 4244 cordibus,
714 4171 825 4233 multos
854 4172 978 4234 ducatos
1001 4174 1211 4251 exposuimus;
1246 4169 1326 4251 quod
