2874 4770
121 379 264 443 habentia
285 374 364 438 xvi.
388 372 483 455 pedes
505 373 701 452 longitudinis
724 376 756 432 et
778 371 868 431 trium
890 365 1070 438 latitudinis,
1105 368 1137 426 et
1167 364 1204 425 in
1227 379 1314 425 sum·

122 484 228 542 mitate
250 480 342 540 habet
363 492 503 555 maguam
526 474 707 536 densitatem
731 474 888 543 loliorum,
915 474 995 531 inter
1024 487 1102 549 quae
1125 486 1143 528 e
1198 471 1295 564 ⁴fjsp

122 584 272 661 virgulae,
305 597 382 659 quae
409 585 531 657 portant
564 578 679 638 tructus
711 579 835 638 arboris.
882 576 958 635 Sunt
989 580 1091 634 autem
1139 566 1303 678 w„

124 702 214 765 poma
236 685 340 760 longa,
363 681 465 759 paullo
487 682 556 759 plus
580 698 670 759 quam
693 682 782 741 unius
807 680 914 758 palmi,
939 675 1127 746 etrotunda‚
1187 659 1308 687 ν

124 794 189 846 tum
210 788 307 869 spissa
329 785 377 845 vel
401 801 520 861 grossa,
552 785 610 842 nisi
633 788 778 860 quantum
800 783 890 841 homo
914 796 1004 839 manu
1028 779 1183 855 accipiens
1207 738 1315 854 potest

126 888 301 968 stringendo
324 887 450 965 digitum
465 885 558 964 digito
573 894 708 963 tangere
738 885 805 944 Non
821 885 932 943 crescit
948 889 1049 942 autem
1064 897 1193 958 pomum
1212 876 1313 957 quod·

124 994 198 1054 libet
219 1009 275 1070 per
296 1008 348 1061 ae,
373 988 506 1050 sedllX
529 987 710 1066 etamplius
734 993 876 1047 crescunt
904 988 935 1046 in
964 1003 1025 1045 uno
1054 983 1196 1053 cumulo,
1230 983 1314 1042 sicut

126 1094 241 1156 multae
264 1110 340 1155 uvae
362 1094 393 1152 in
416 1110 477 1151 uno
501 1107 631 1151 racemo.
678 1091 755 1150 Sunt
779 1096 880 1149 autem
903 1089 1013 1148 colaris
1036 1087 1117 1147 aurei
1142 1085 1207 1163 gilii
1230 1085 1314 1146 sicut
1379 1094 1385 1121 ¹

127 1215 195 1258 cera
219 1203 249 1257 et
273 1195 425 1256 delectant
458 1193 586 1253 multum
615 1191 769 1253 videntem
796 1197 826 1251 et
856 1193 1023 1269 appetitum
1054 1189 1203 1259 alliciunt,
1239 1189 1314 1265 quia

126 1306 197 1363 sunt
217 1298 343 1378 pulcbra
359 1295 397 1357 ad
410 1295 588 1366 videndum,
610 1296 710 1355 mollia
726 1294 762 1355 ad
777 1293 990 1373 frangendum,
1014 1291 1115 1352 suavia
1130 1287 1168 1348 ad
1183 1294 1312 1366 gustan-

127 1402 214 1472 dum,
245 1416 318 1459 sana
346 1396 383 1458 ad
410 1396 669 1469 manducandum,
702 1414 768 1458 rara
793 1396 829 1456 ad
851 1395 1079 1464 inveniendum,
1112 1378 1252 1471 pretiosa
1276 1388 1315 1452 ad
1384 1428 1386 1435 ·

127 1502 304 1570 emendum,
327 1500 444 1560 inutilia
467 1497 503 1559 ad
527 1498 756 1570 reservandum,
780 1501 849 1576 quia
872 1517 932 1558 non
955 1502 1112 1558 remanent
1127 1501 1199 1572 post
1213 1492 1313 1572 depo·
1385 1484 1386 1507 ³

128 1607 285 1673 sitionem,
318 1620 387 1663 oum
410 1603 470 1660 sint
491 1602 613 1678 pinguia
636 1608 667 1662 et
689 1601 806 1673 mollia,
839 1600 893 1660 sed
917 1602 1017 1660 statim
1039 1599 1201 1660 voluntat
1223 1614 1313 1659 maa·

128 1709 285 1770 ducentur.
317 1704 458 1766 Nominat
480 1711 549 1765 aute
566 1722 651 1764 meos
666 1706 774 1783 vulgas
790 1707 820 1764 in
834 1703 972 1783 Aegypto
986 1703 1077 1764 Musi.
1107 1700 1189 1761 Dum
1205 1705 1313 1763 autem

130 1809 345 1879 comeduntur,
369 1807 545 1868 scinduntur
568 1806 689 1878 cultris,
714 1809 793 1867 sicut
815 1807 894 1884 apud
916 1825 971 1866 nos
995 1806 1137 1884 raphani,
1161 1806 1192 1863 in
1216 1804 1313 1881 parti·
1361 1859 1363 1863 .

131 1914 214 1975 culas
244 1918 352 1972 tenues
383 1918 414 1972 et
443 1910 585 1971 rotundas
616 1917 647 1970 et
677 1910 739 1970 sale
764 1910 943 1981 condiuntur
965 1912 1090 1988 propter
1113 1905 1313 1967 dulcedinem

129 2020 358 2093 temperantem.
404 2012 468 2073 lloc
492 2019 593 2073 autem
614 2015 732 2090 insigne
755 2013 866 2074 habent
889 2013 966 2073 mala
988 2015 1062 2083 ista,
1087 2009 1166 2089 quod
1187 2011 1217 2069 in
1235 2027 1313 2087 qua·

104 2125 109 2130 '
132 2117 205 2177 libet
227 2115 371 2194 particula
394 2115 521 2176 rotunda
537 2114 638 2175 decisa
655 2122 701 2175 est
718 2134 805 2188 crux,
829 2135 907 2196 quae
923 2117 1041 2178 videtur
1055 2116 1184 2176 obscure
1201 2131 1313 2192 gerere

132 2218 270 2280 crucifixi
299 2219 474 2297 imaginem:
510 2219 614 2295 utique
643 2221 742 2279 crucis
765 2217 835 2301 (76
852 2216 895 2298 a)
920 2222 1028 2298 stigma
1050 2237 1110 2278 non
1133 2221 1180 2276 est
1200 2214 1314 2287 solum,

51 2371 55 2380 ,
129 2321 185 2383 sed
215 2320 326 2399 aliquid
356 2324 579 2400 superpositum
609 2329 749 2401 apparet,
781 2323 862 2402 quod
890 2341 945 2382 nos
980 2322 1140 2382 Christiani
1166 2325 1313 2397 putamus

131 2441 200 2485 esse
222 2425 384 2502 imaginem
409 2423 555 2485 Crucifixi.
600 2425 698 2487 Habet
720 2427 811 2488 etiarn
841 2426 995 2505 quodlibet
1022 2426 1134 2485 malum
1162 2439 1314 2492 morsum,

131 2534 165 2587 ut
187 2526 306 2587 videtur
329 2528 365 2586 ab
388 2535 515 2604 utraque
537 2535 641 2607 parte,
676 2545 711 2589 ac
734 2532 760 2589 si
782 2529 888 2606 aliquis
911 2546 1036 2607 pomum
1058 2530 1208 2604 integrum
1231 2526 1316 2585 inter

136 2629 244 2690 dentes
268 2636 427 2690 conaretur
450 2631 655 2707 permordere.
700 2630 745 2690 De
769 2632 826 2690 hac
841 2632 946 2691 arbore
961 2629 1064 2690 dicunt
1080 2644 1184 2688 omnes
1201 2624 1313 2685 Orien-

132 2733 207 2801 tales
232 2730 439 2801 concorditer,
471 2733 631 2793 Christiani
663 2732 795 2802 scilicet,
826 2730 1000 2792 Sarracensi
1023 2738 1053 2792 et
1076 2729 1198 2798 ludaei,
1228 2725 1314 2805 quod

132 2833 263 2895 sit'illus
288 2834 418 2913 speciei,
454 2833 540 2910 cujus
560 2833 628 2894 erat
651 2833 738 2895 arbor
759 2824 863 2896 illa'in
886 2835 1036 2914 paradiso,
1066 2833 1210 2895 scientiae
1238 2831 1314 2892 boni

133 2943 164 2997 et
186 2938 273 3008 mali,
304 2936 342 2995 de
366 2954 425 3014 qua
446 2937 601 3015 praecepit
624 2936 769 2998 Dominus
793 2941 898 3017 primis
920 2941 1030 2999 nostris
1052 2937 1242 3016 parentibus,
1272 2951 1314 2994 ne

135 3039 351 3100 manducarent
373 3039 410 3099 de
433 3039 530 3099 iructu
562 3038 644 3116 ejus,
677 3041 749 3102 alias
781 3050 877 3103 morte
907 3042 1103 3111 morirentur,
1138 3038 1248 3099 Genes.
1274 3035 1312 3100 11.

133 3142 194 3203 Sed
217 3142 327 3202 mulier
349 3140 466 3214 videns,
498 3143 579 3220 quod
606 3145 725 3205 bonum·
747 3153 830 3206 esset
858 3146 972 3224 lignum
1002 3148 1033 3202 et
1062 3142 1099 3202 ad
1124 3136 1315 3201 vescendum

133 3262 225 3305 suave
249 3251 281 3304 et
296 3244 522 3323 *pulchrum-ad
544 3244 723 3321 videndum,
751 3249 831 3321 tulit,
864 3246 994 3308 comedit
1024 3252 1054 3304 et
1076 3246 1140 3305 viro
1163 3230 1314 3320 praebuit,

135 3347 245 3408 Genes.
271 3345 318 3406 lll.
364 3348 401 3407 Et
424 3355 520 3408 totum
544 3365 640 3427 genus
662 3350 826 3411 humanum
848 3353 880 3412 in
904 3350 1125 3410 damnationem
1157 3345 1314 3416 demersit,

132 3467 270 3528 proquo
294 3449 430 3510 Christus
455 3468 507 3511 sua
532 3470 622 3513 cruce
646 3453 821 3514 satisfacere
845 3452 883 3512 de
913 3453 998 3512 coelo
1029 3448 1200 3518 descendit,
1229 3445 1313 3508 unde

133 3554 164 3612 in
187 3554 305 3629 signum
326 3549 590 3630 praevaricationis
612 3558 736 3616 retinuit
759 3562 833 3615 nutu
853 3556 909 3615 Dei
932 3560 1056 3632 pomum
1079 3570 1213 3612 morsum
1236 3551 1311 3612 den·

134 3656 210 3714 tium
234 3657 317 3714 etin
341 3657 458 3733 signum
482 3656 677 3718 redemtionis
701 3664 911 3737 repraesentat
933 3659 1050 3735 siguum
1074 3647 1181 3715 crucis.

222 3756 267 3815 De
289 3757 336 3816 his
360 3759 514 3820 arboribus
537 3761 639 3838 plures
662 3762 692 3820 in
714 3760 853 3840 Aegypto
876 3759 937 3821 vidi
960 3767 991 3819 et
1014 3760 1051 3820 de
1074 3760 1172 3836 pomis
1196 3754 1233 3818 ad
1260 3773 1311 3817 sa·

134 3860 287 3918 turitatem
312 3859 496 3922 manducavi.
542 3862 653 3922 Dicunt
676 3865 766 3924 etiam
788 3864 895 3941 aliqui,
917 3862 1007 3941 ¹quod
1039 3862 1161 3922 arbores
1184 3861 1227 3920 illi
1250 3860 1312 3921 sint

135 3962 231 4038 papiri
254 3969 285 4021 et
307 3960 388 4040 quod
411 3965 573 4041 antiquitus
597 3967 628 4024 in
651 3965 810 4026 desiccatis
834 3966 912 4026 loliis
936 3965 1002 4042 ejus
1024 3949 1230 4026 scribebantur
1245 3966 1310 4042 epi·

137 4063 248 4135 stolae;
273 4065 383 4127 habent
408 4067 488 4126 enim
509 4067 581 4129 folia
604 4085 674 4127 oum
696 4070 788 4128 rectis
805 4069 906 4138 lineis,
930 4069 1015 4145 quasi
1030 4068 1068 4129 ad
1082 4068 1309 4146 superscriben-

137 4163 209 4226 dum
231 4168 384 4230 ordinatis.
