2902 4710
734 129 800 200 238

179 310 210 370 in
232 306 406 378 Persidem,
429 311 461 367 et
482 306 565 384 ipsos
588 302 696 367 Persas
720 309 980 385 expugnaverunt,
1002 301 1197 384 subjicientes
1214 308 1282 387 regi
1302 322 1356 369 eo·

179 429 266 484 rum;
289 414 333 472 sic
356 411 491 489 aggressi
520 415 590 480 sunt
611 406 735 482 Medos,
765 408 898 482 Arabes,
932 414 962 469 et
993 425 1091 488 usque
1120 410 1156 489 in
1174 408 1294 488 Syriam
1325 417 1358 472 et

159 496 351 594 'Aegyptum
374 512 614 584 descenderunt,
646 518 755 573 cuncta
775 511 909 574 Orientis
940 529 1037 590 regna
1061 512 1118 574 sibi
1148 511 1356 590 subjecemnt.

179 617 299 680 Deinde
324 615 540 696 capadociam,
563 613 707 687 Pontum,
731 614 883 688 Ciliciam,
907 614 1065 677 Graeciam
1088 625 1120 678 et
1143 617 1356 683 Constantino·

180 722 275 802 polim
298 721 488 791 devicerunt,
513 720 645 781 extensis
667 719 776 799 palmis
798 735 895 797 usque
918 716 957 780 ad
972 717 1256 801 Germaniaeiines,
1276 725 1357 786 sicut

179 833 227 888 est
250 825 315 887 dies
339 824 438 886 hodie.
456 866 460 871 -
475 823 529 885 xDe·
552 823 600 884 his
623 820 731 882 ancis
763 819 837 882 dicit
867 821 961 882 irater
982 819 1112 885 lacobus
1141 823 1356 905 Bergamensis

178 933 209 991 in
232 937 342 1009 suppto
365 928 476 990 Chron.
500 927 560 988 sub·
579 933 717 1002 tempore
739 922 822 984 Pauli
846 941 942 1004 papae
964 927 1070 1005 primi:
1104 926 1214 1004 larci,
1245 931 1354 1011 inquit,

179 1034 352 1114 Scythicae⁶
376 1038 504 1111 gentes,
540 1036 575 1092 ut
607 1027 694 1090 divus
727 1025 926 1106 Hieronymus
959 1031 1079 1104 scribit,
1110 1031 1233 1096 luerunt
1266 1035 1354 1109 duae,

179 1155 254 1218 quas
280 1134 450 1198 Alexander
479 1132 608 1196 Macedo
639 1135 718 1195 iuter
747 1135 952 1214 hyperboreos
977 1141 1096 1197 montes
1127 1135 1235 1199 ferreis
1271 1139 1354 1201 clau·

179 1243 218 1303 sit
253 1239 415 1319 repagulis.
430 1236 515 1318 dli,
547 1243 581 1298 ut
602 1236 711 1314 ,Olbus
727 1237 985 1318 historiographus
1008 1237 1118 1312 tradit,
1136 1237 1221 1317 juxta
1242 1259 1355 1303 annum

177 1343 300 1405 Domini
323 1339 388 1407 758
412 1341 580 1402 Caucaseas
610 1346 713 1419 portus
745 1343 861 1418 egressi
887 1359 958 1402 cum
980 1340 1085 1404 Araris
1107 1345 1179 1418 viris
1200 1342 1354 1406 ferocissi-

177 1450 250 1521 mis,
273 1446 353 1509 bello
368 1444 472 1505 multis
493 1461 531 1505 ex
552 1449 679 1522 utraque
695 1450 780 1521 parte
803 1444 988 1518 interiectis,
1006 1443 1222 1520 conflixerunt,
1245 1449 1354 1510 exinde

178 1551 322 1623 Pontum,
346 1547 547 1628 Capadociam
588 1553 620 1608 et
650 1554 770 1607 caetera
793 1547 985 1609 devicerunt·
1003 1555 1034 1608 et
1061 1549 1151 1639 hodie
1184 1551 1371 1637 possident

178 1652 211 1715 ln
234 1654 375 1726 omnibus
396 1654 461 1713 istis
485 1651 572 1712 dictis
595 1667 658 1711 non
681 1656 728 1711 est
750 1667 858 1729 magna
881 1649 1056 1738 diversitas,
1079 1653 1138 1714 nisi
1167 1655 1200 1715 in
1229 1673 1353 1735 compa·

143 1742 146 1746 ⁵
178 1760 294 1820 ratione
323 1744 478 1818 annorum.
523 1754 601 1816 Nam
623 1754 655 1816 S.
687 1752 889 1833 Hieronymus
917 1757 949 1815 in
971 1756 1100 1833 epistola
1127 1755 1165 1817 ad
1187 1756 1354 1820 Flebiolam

177 1863 326 1941 virginem
348 1858 436 1930 dicit,
464 1876 519 1919 suo
551 1863 689 1936 tempore
711 1864 834 1935 gentas,
870 1875 945 1938 quas
965 1857 1136 1920 Alexander
1157 1857 1199 1921 Μ.
1227 1860 1354 1924 Caucasi

177 1965 301 2043 rupibus
323 1962 461 2033 inclusit,
494 1960 624 2022 claustra
646 1962 765 2039 rupisse
790 1967 821 2021 et
840 1966 939 2023 totum
962 1962 1123 2024 Orientem
1144 1964 1300 2038 turbasse,
1321 1969 1355 2028 in

178 2073 312 2139 tantum,
340 2073 374 2127 ut
406 2063 511 2126 iideles
532 2064 608 2125 locis
631 2065 743 2125 sanctis
767 2063 982 2143 transfugerint
1005 2064 1043 2126 ad
1066 2056 1280 2129 transmarinas
1302 2087 1353 2130 re·

178 2175 305 2252 giones..
337 2170 374 2231 lit
387 2168 520 2230 Flabiola
542 2169 641 2245 virgo,
665 2184 742 2246 quae
763 2167 891 2233 alioma
908 2169 1088 2245 migraverat
1102 2169 1353 2251 Hierosolymam,

177 2277 217 2338 ibi
239 2291 394 2347 mansura,
425 2271 480 2334 sed
509 2278 626 2333 terrore
654 2271 735 2332 illius
758 2272 857 2350 gentis
879 2258 1025 2351 percussa
1055 2277 1207 2337 remeavit*
1223 2275 1260 2337 ad
1282 2295 1353 2356 pro·

177 2383 251 2461 pria.
295 2379 355 2440 Alii
378 2376 498 2448 dicum,
520 2380 555 2437 ut
574 2375 765 2437 Hermannus
787 2375 819 2435 in
842 2374 1009 2448 chronicis,
1032 2376 1114 2454 quod
1135 2383 1276 2459 tempore
1291 2381 1352 2443 Hc·

176 2484 261 2546 raclii
281 2482 473 2561 imperatoris
497 2482 556 2542 sint
584 2481 689 2541 emissi
717 2478 809 2540 simili
832 2477 933 2539 modo.
960 2478 1056 2540 'Cum
1087 2482 1169 2543 enim
1194 2481 1353 2546 Heraclius

177 2588 265 2649 astris
297 2583 492 2666 inspiciendis
521 2583 636 2661 peritus
660 2581 801 2654 vidisset,
833 2600 922 2643 suum
944 2583 1106 2663 imperium
1129 2603 1146 2646 a
1165 2586 1354 2650 circumcisis

177 2689 410 2765 devastandum,
433 2689 590 2750 universos
612 2685 744 2746 ludaeos
765 2685 910 2764 baptizari
932 2686 1006 2748 iecit
1027 2694 1058 2749 et
1072 2687 1212 2750 uolentes
1228 2690 1350 2752 occidit.

60 2802 65 2811 ‘
176 2792 378 2872 Exsurgentcs
397 2798 498 2852 antem
513 2790 672 2850 Sarraceui
687 2795 719 2849 et
733 2787 877 2867 agareni,
900 2791 952 2870 qui
968 2796 1039 2852 sant
1053 2791 1092 2853 de
1109 2793 1353 2867 circumcisione,

178 2903 283 2956 contra
303 2893 492 2970 Heraclium,
521 2898 748 2972 prostravemnt
776 2891 816 2952 de
847 2893 914 2970 ejus
938 2896 1072 2956 exercitu
1102 2901 1134 2957 et
1159 2896 1254 2957 millia
1276 2915 1353 2977 pug-

177 3005 316 3076 natorum
354 3005 386 3059 et
416 3014 524 3058 eorum
552 2995 648 3074 spolia
680 2994 821 3056 Heraclio
854 2984 1048 3059 remiserunt
1065 2998 1097 3058 in
1126 2999 1352 3062 contumeliam.

177 3099 334 3162 Heraclius
358 3107 460 3162 autem
481 3105 584 3178 portas
608 3099 732 3179 Caspias
755 3101 888 3179 aperuit,
911 3117 986 3178 quas
1005 3100 1174 3163 Alexander
1196 3103 1353 3166 obstruse-

176 3211 224 3267 rat
256 3212 325 3267 antc
354 3203 437 3264 mille
460 3220 572 3276 annos,
604 3210 636 3264 et
657 3203 728 3265 inde
751 3203 935 3266 ludaeorum
958 3203 1006 3269 CL
1029 3205 1122 3268 millia
1144 3222 1217 3268 auro
1240 3213 1354 3269 armata

85 3346 106 3385 ,-
134 3358 137 3365 .
177 3307 279 3371 eduxit
310 3325 426 3387 eosque
449 3325 519 3368 curn
542 3308 605 3368 suis
628 3308 810 3368 exercitibus
833 3315 938 3369 contra
968 3308 1153 3379 Sarracenos
1176 3311 1274 3382 misit,
1296 3309 1354 3372 sed

94 3394 114 3433 ²³
127 3404 136 3411 ”
176 3413 208 3474 in
231 3417 338 3484 nocte,
361 3408 481 3490 quando
503 3426 592 3473 mane
615 3413 791 3490 congressio
812 3411 878 3483 ficri
899 3411 1017 3484 debuit,
1051 3412 1168 3492 gladius
1191 3413 1354 3476 dominic

116 3495 122 3520 ‘
177 3513 237 3575 duo
260 3515 355 3575 millia
377 3514 415 3576 da
439 3516 572 3576 exercitu
589 3513 722 3577 Heraclii
743 3515 905 3576 interiecit.
950 3514 1033 3596 lntcr
1055 3534 1133 3595 quae
1155 3518 1234 3596 mala
1254 3519 1353 3598 impc-

176 3625 261 3680 rator
282 3617 416 3680 febribus
440 3624 597 3697 correptus
620 3619 694 3680 obiit
708 3637 782 3698 prae
798 3621 934 3692 tristitia,
958 3625 989 3680 et
1012 3638 1050 3681 eo
1073 3626 1223 3699 tempore,
1235 3620 1353 3682 solutus

177 3728 225 3783 est
247 3722 386 3794 Satanas,
410 3729 441 3784 et
462 3707 676 3785 Hachometus
699 3721 885 3783 detestabilis
909 3730 1014 3794 natus,
1048 3730 1080 3785 et
1103 3725 1233 3786 ecclesia
1256 3742 1353 3805 usque

177 3826 209 3888 in
232 3826 292 3887 boc
314 3832 434 3904 tempus
455 3833 561 3888 vexata
584 3831 614 3886 et
630 3808 805 3898 immorata,
826 3845 898 3888 nam
912 3826 1041 3906 populus
1058 3844 1094 3890 ex
1110 3828 1245 3890 Caucaso
1260 3827 1354 3890 educ·

175 3934 226 3991 tus
249 3935 353 3990 contra
376 3927 539 3989 ecclesiam
561 3947 644 4008 arma
666 3932 788 4003 sumsit,
819 3931 899 3993 unde
921 3929 1124 4011 Hieronymus
1146 3933 1178 3993 in
1199 3931 1354 4018 epitaphio

175 4030 353 4111 Nepotiani,
377 4047 469 4103 ecce,
492 4033 606 4110 inquii,
630 4048 708 4094 anno
730 4037 894 4112 praeterito
923 4051 960 4096 ex
982 4033 1098 4096 ultimis
1122 4035 1249 4098 Caucasi
1271 4038 1355 4116 rupi·

176 4132 233 4198 bus
256 4136 385 4211 immissi
405 4135 438 4198 iu
459 4152 515 4200 nos
534 4153 593 4199 non
612 4135 677 4216 J'am
689 4135 836 4214 Arabiae,
857 4137 914 4202 sed
933 4139 1257 4220 septemtrionis-topi,
1270 4144 1356 4204 muta
