2874 4770
706 192 747 262 tt

140 383 224 430 mora
239 363 389 428 occidunt.
411 366 544 445 satrapis
559 383 631 446 ergo
646 368 748 429 missis
762 368 972 446 praesentibus
987 368 1018 432 iu
1033 387 1142 435 manae
1157 368 1328 437 Decembri

139 469 275 532 incidunt
296 462 428 532 'cultores
451 471 546 532 acutis
560 469 687 550 lapideis
703 470 751 532 vel
767 473 865 533 osseis
881 471 1043 534 cultellulis
1060 450 1203 557 stipites,
1228 463 1328 541 solum

139 573 341 652 insuperiori
360 573 412 634 vel
434 574 576 635 exteriori
599 574 727 644 cortice,
756 591 834 652 quae
864 576 1042 638 tenuissima
1071 584 1136 651 est,
1172 580 1208 642 'et
1231 583 1259 644 si
1282 583 1325 642 in·

140 676 214 737 cisio
237 684 299 743 nott
319 682 409 738 cauto
428 676 492 749 liat,
525 679 582 746 ita,
615 675 696 755 quod
731 675 886 737 cultellulo
918 677 1029 757 stipitis
1060 697 1176 760 corpus
1209 682 1326 745 nudum

139 787 291 858 tangatur,
315 782 559 845 mox.arbustum
582 780 744 850 exarescit3
778 797 836 840 uec
859 780 1022 859 quicquam
1044 783 1194 857 exstillat,
1230 786 1259 845 si
1281 787 1325 846 iu·

140 864 216 969 cl'aio
238 881 337 945 ferreo
358 881 408 946 rel
430 883 583 944 metallico
606 884 807 944 instrumento
830 880 895 954 liat,
930 883 1000 961 quia
1022 891 1184 948 contactus
1208 887 1325 950 metalli

140 987 246 1048 noxius
270 991 318 1047 eat
340 986 384 1047 illi
403 985 511 1048 arbori.
879 1038 885 1048 .

130 1081 134 1088 ’
226 1087 374 1152 incisione
397 1088 476 1152 iacta
498 1077 687 1168 ausp'endmt
709 1087 747 1150 ad
769 1105 869 1180 ramos
892 1089 1003 1150 incisos
1032 1091 1110 1153 vitra
1141 1108 1239 1171 parva
1268 1093 1325 1157 sub

139 1193 331 1276 vulneribus.
355 1211 372 1254 ε
395 1192 505 1272 quibua
515 1190 669 1272 pulchrae
691 1198 794 1254 rorant
807 1193 1004 1255 suavissimae
1018 1191 1194 1273 lachrymae
1209 1197 1243 1259 tn
1258 1200 1325 1278 ipsa

138 1297 215 1359 vitra
238 1304 269 1359 et
291 1297 436 1377 paulatim
458 1278 516 1377 (ἢ
537 1293 702 1356 stillicidias
717 1297 882 1375 recipiunt,
906 1297 1013 1378 quibus
1027 1298 1153 1378 repletis
1170 1302 1325 1366 accedunt
1396 1294 1404 1377 ’ζ

140 1407 278 1482 satrapae
310 1408 341 1462 et
373 1402 523 1481 liquorem
555 1400 585 1459 in
620 1414 728 1460 aureas
758 1399 872 1478 phialas
903 1399 1033 1464 fundunt
1055 1410 1087 1464 et
1107 1403 1168 1465 boc
1192 1406 1323 1486 singulis
1401 1394 1406 1461 ὲ

141 1502 247 1565 diebus
270 1503 384 1565 iaciunt
406 1521 462 1584 per
483 1520 621 1565 mensem
643 1502 744 1574 illum,
767 1504 799 1564 in
821 1521 882 1582 quo
905 1505 997 1566 tribus
1012 1506 1128 1568 vicibus
1144 1507 1325 1571 inciduntur
1403 1530 1406 1535 ’

141 1605 234 1688 cypri.
279 1607 317 1667 lit
331 1606 389 1667 hoc
404 1613 452 1668 est
466 1607 634 1669 balsamum
650 1607 780 1685 primum
795 1614 826 1668 et
841 1590 1100 1686 probatissimum,
1124 1609 1209 1689 quod
1229 1630 1323 1679 omne

103 1761 109 1768 .
139 1717 351 1791 praesentatur
380 1708 502 1773 domiuo
534 1709 683 1780 soldano,
713 1709 799 1787 cujus
829 1713 961 1790 ipsemet
991 1709 1184 1790 dispensator
1219 1721 1324 1777 estet

136 1804 192 1875 ¹cui
214 1813 277 1875 vult
300 1812 425 1891 praebet
448 1820 478 1874 et
501 1816 712 1875 communicat.
931 1814 933 1819 ’

228 1916 293 1979 lloc
315 1917 449 1979 balsamo
472 1920 517 1979 sic
540 1917 691 1979 destillato
725 1914 947 1995 consequenter
977 1920 1008 1979 iu
1039 1920 1181 1999 sequenti
1213 1937 1324 1985 meuse

142 2024 294 2101 accipiunt
315 2022 446 2083 cultores
469 2023 637 2084 arbustulas
661 2022 772 2082 incisas
796 2028 827 2082 et
848 2020 991 2083 radicitus
1014 2010 1150 2084 evellunt
1162 2028 1196 2084 et
1212 2040 1325 2104 magua
1393 2078 1396 2084 .

140 2129 170 2190 vi
194 2144 229 2188 ac
251 2126 352 2187 multis
376 2126 473 2188 modis
496 2125 594 2188 adbuc
624 2127 791 2188 balsamum
822 2124 985 2188 extrudunt
1006 2142 1061 2204 per
1083 2126 1186 2203 ignem
1210 2132 1243 2188 et
1268 2143 1325 2207 por

123 2247 297 2343 'pressuras
321 2231 375 2292 sub
399 2231 495 2310 prelo.
541 2229 602 2291 Sed
626 2237 656 2291 et
679 2229 856 2290 desemine
888 2230 1037 2308 liquorem
1067 2236 1199 2296 evocant
1231 2247 1323 2308 pres.-

138 2337 218 2399 su‘ris
242 2344 274 2398 et
304 2338 424 2397 actione
453 2337 542 2414 ignis.
587 2334 623 2394 Et
654 2333 723 2394 ideo
752 2334 918 2395 balsamum
939 2330 1000 2394 'est
1031 2331 1117 2394 valde
1148 2334 1322 2418 inaequale,

141 2443 255 2520 primo,
289 2441 359 2519 quia
380 2442 411 2500 in
434 2440 480 2500 bis
503 2438 710 2520 pressionibus
735 2444 766 2498 et
788 2420 993 2498 exustionibus
1017 2435 1162 2496 distillant
1183 2435 1323 2514 liquores

142 2544 207 2616 alii,
240 2544 369 2622 longeo
397 2549 503 2624 natura
532 2543 673 2614 balsami,
706 2543 826 2602 etiamsi
858 2541 985 2602 odorem
1016 2535 1206 2620 participent
1228 2575 1232 2581 .
1254 2539 1324 2617 lloc

145 2648 245 2708 solum
268 2653 316 2707 est
329 2645 498 2708 balsamum
513 2647 772 2725 probatissimum,
796 2644 877 2723 quod
890 2663 999 2724 purum
1015 2644 1051 2706 de
1068 2660 1188 2705 carnem
1205 2640 1324 2703 domini

83 2770 86 2776 ·
143 2749 266 2810 Soldani
288 2747 427 2810 venditur
449 2756 480 2809 et
502 2764 569 2807 roro
592 2749 649 2808 nisi
673 2748 901 2828 sophisticatum
923 2749 1073 2810 invenitur
1095 2747 1178 2809 alias.

230 2851 275 2911 De
297 2851 355 2911 hoo
377 2846 510 2911 balsamo
533 2856 660 2929 quatuor
681 2853 898 2931 potentissimis
921 2853 1041 2931 regibus
1064 2853 1127 2913 suis
1146 2832 1323 2912 ¹convicinis
1380 2919 1383 2924 ,

143 2956 287 3017 encaenia
310 2955 495 3026 transmittit,
530 2953 647 3015 scilicet
668 2954 778 3033 Magno
802 2954 896 3016 Cbam
919 2953 957 3015 de
980 2953 1111 3032 Catbeji,
1135 2951 1322 3032 Presbytero

142 3055 270 3119 Johauni
293 3055 334 3141 de
353 3055 451 3130 ludia,
482 3056 600 3119 llanssa
630 3056 968 3121 dominoTartarorum
1003 3065 1033 3118 et
1064 3055 1189 3138 Magno.
1207 3047 1322 3131 Tur'co,

143 3162 317 3240 imperatori
338 3157 519 3232 Tureorum,
542 3167 574 3221 et
596 3163 622 3222 si
645 3179 737 3242 quem
760 3163 850 3242 alium
865 3165 1034 3241 prinoipem
1049 3161 1207 3240 magnifice
1222 3161 1321 3224 hono·

143 3281 211 3326 rare
233 3264 312 3335 vult,
345 3265 436 3325 mittit
460 3267 488 3324 ei
511 3271 663 3343 tamquam
686 3269 849 3346 pretiosius
881 3283 968 3337 auro,
1003 3271 1126 3344 argento
1156 3271 1187 3326 et
1218 3266 1321 3344 lapide
1405 3277 1407 3287 ·

143 3367 182 3430 de
205 3370 339 3448 pretioso
361 3367 413 3428 illo
436 3366 623 3429 nobilissimo
658 3369 792 3448 liquore,
826 3371 905 3431 sicut
936 3369 1063 3448 legimus
1097 3364 1128 3428 in
1159 3367 1320 3442 chronicis,

144 3471 226 3551 quod
248 3471 414 3544 Soldanus‚
438 3470 563 3533 audiens
585 3471 696 3535 lamam
711 3473 854 3535 Friderioi
877 3474 982 3551 primi,
1004 3470 1212 3550 Imperatoris,
1236 3473 1322 3533 misit

144 3577 201 3637 sibi
222 3592 274 3637 vas
297 3592 439 3647 aureum,
471 3575 708 3655 smaragdinum,
736 3577 870 3638 balsamo
893 3574 1030 3654 plenum,
1063 3573 1143 3653 quod
1166 3575 1320 3653 accipiens

144 3680 308 3759 imperator
341 3697 410 3739 cunr
444 3678 608 3758 plurimum
641 3698 749 3740 munus
784 3682 983 3758 appretlasset
1016 3685 1047 3738 et
1080 3680 1205 3740 miratus
1238 3681 1320 3741 vasis

145 3783 397 3862 pulchritudinem
420 3783 548 3844 multum
569 3782 722 3843 laudasset
744 3801 778 3843 ac
795 3781 917 3845 Soldani
939 3783 1146 3845 liberalitatem
1162 3766 1319 3844 commen·

146 3885 261 3958 dasset,
285 3879 451 3964 subjunxit:
476 3904 560 3958 cum,
582 3888 695 3965 inquit,
719 3888 777 3946 sim
792 3886 894 3948 mundi
911 3886 1064 3959 dominus,
1087 3884 1253 3947 non'decet
1268 3904 1320 3949 me

144 3989 302 4070 possidere
332 3995 448 4050 tantum
476 3988 650 4049 thesaurum
677 3989 791 4063 solum,
819 3990 949 4052 dividam
972 4008 1044 4069 ergo
1069 4009 1138 4052 cum
1162 3986 1236 4051 aliis.
1282 3989 1322 4062 llt

143 4093 204 4154 lroo
228 4093 308 4155 dicto
330 4109 382 4156 vas
406 4111 475 4153 cum
497 4094 612 4170 impetu
635 4090 763 4171 projecit
784 4093 814 4152 in
837 4099 949 4154 terram
972 4101 1002 4159 et
1017 4096 1047 4154 in
1062 4092 1155 4154 multa
1171 4077 1322 4173 confregit

142 4194 238 4258 frusta
261 4203 292 4258 et
314 4197 544 4258 circumstantes
567 4193 605 4257 ad
628 4193 829 4276 colligendum
853 4195 983 4273 effusum
998 4203 1029 4259 et
1044 4214 1099 4309 per
1113 4196 1321 4276 pavimentum
