2902 4710
687 159 752 228 217

131 335 210 396 tibus
234 332 312 396 lucis
335 335 417 411 adeo*
434 336 562 415 pulcher
584 343 674 415 atque
696 337 879 399 admirabilis
902 357 936 399 se
960 337 1145 399 intuentibus
1169 337 1311 415 aperitur,

132 445 167 500 nt
188 445 308 499 mentes
342 439 538 501 admiratione
574 447 765 511 consternat,
804 444 854 519 qui
887 461 955 502 curn
985 448 1016 501 et
1046 439 1231 501 assuefactos
1256 458 1317 500 non
1432 481 1444 491 ,

134 544 244 614 satiet,
278 561 333 621 per
362 543 544 604 descensum
575 547 697 604 unicum
728 550 758 603 et
786 551 946 623 angustum
976 553 1065 623 atque
1089 562 1229 622 asperum
1253 541 1312 603 MD

133 664 281 725 passuum
302 648 383 707 inter
405 664 547 708 amoenas
571 647 692 707 umbras
723 653 754 707 et
776 630 871 725 opaca
895 648 1038 710 silvarum
1060 649 1130 709 rivis
1154 648 1223 708 hinc
1245 647 1316 708 inde

135 748 289 828 quoddam
322 757 441 828 agreste
475 751 659 811 sonantibus.
705 748 761 811 Ast
790 752 840 811 nbi
870 753 900 810 in
930 752 1020 812 finem
1051 751 1232 812 descensum
1257 757 1315 823 est,

135 870 247 932 specus
271 859 395 931 apparet
424 853 515 925 alter,
548 872 655 914 uerum
685 854 893 932 cymbalorum
924 873 1016 914 sonus
1045 861 1139 914 terret
1170 854 1316 914 adeuntes

135 958 276 1034 ingressu
300 959 415 1035 primo,
449 964 480 1017 et
503 957 686 1036 aliquamdiu
717 957 891 1035 spectabilis
920 957 1073 1017 incedenti
1096 958 1128 1017 lit
1150 958 1316 1028 obscurior,

136 1067 167 1121 et
196 1060 330 1137 ingentis
363 1040 458 1120 amois
490 1076 524 1118 se
562 1059 733 1120 extollentis
756 1060 838 1120 frons
863 1062 1022 1139 aspicitur,
1060 1062 1111 1138 qui
1144 1060 1194 1119 ubi
1225 1077 1317 1137 parvo

137 1182 228 1239 cursu
259 1165 421 1225 marimum
460 1151 676 1224 demonstravit
705 1165 869 1242 impeturn,
908 1163 1046 1224 conditur
1079 1166 1156 1223 intra
1186 1164 1317 1240 spatium

136 1267 279 1328 horribile
303 1275 334 1328 et
356 1270 543 1348 incognitum
566 1273 801 1346 angustumque,
835 1267 911 1328 adeo
934 1274 968 1327 ut
990 1285 1007 1329 a
1030 1266 1086 1327 diis
1110 1266 1237 1326 habitari
1265 1281 1316 1324 ve·

134 1377 219 1457 ⁸teres
259 1371 426 1432 credidere.
471 1370 557 1430 Alius
596 1369 716 1430 demum
753 1390 864 1450 specus
895 1378 957 1442 est,
996 1388 1085 1448 quem
1119 1368 1318 1447 Thyphonem

138 1481 268 1546 vocant,
304 1482 431 1553 angusto
466 1492 519 1534 ore
550 1491 673 1553 pressus
707 1481 739 1534 et
771 1474 892 1535 assidua
922 1480 1012 1535 nocte
1044 1472 1197 1543 suffusus,
1233 1489 1317 1540 eum„-

139 1595 198 1654 que
232 1577 520 1657 dicunt'Typhonis
552 1567 646 1636 luisse
678 1577 775 1637 cubile
809 1579 953 1655 gigantis,
988 1578 1039 1654 qui
1068 1577 1192 1637 fratrem
1218 1573 1316 1652 Apim,

141 1683 281 1752 maritum
304 1680 410 1752 isidis,
434 1681 555 1741 laniavit
578 1679 766 1739 membratim
790 1687 821 1740 et
843 1679 909 1742 Jovi
932 1679 1047 1742 bellum
1068 1680 1177 1741 intulit.

225 1782 319 1864 lgitnr
341 1786 371 1844 in
396 1785 503 1845 aulone
521 1781 625 1843 Cilicio
648 1781 818 1842 laborantes
841 1801 895 1860 per
919 1789 1013 1853 totam
1030 1790 1154 1845 noctem
1176 1789 1317 1844 conatum

141 1886 178 1947 ad
200 1894 319 1967 partem
342 1889 494 1948 sinistram
516 1886 658 1957 fecimus,
682 1891 716 1944 ut
737 1885 766 1944 in
792 1885 924 1964 Cyprum
948 1887 1167 1965 navigaremus,
1191 1894 1222 1947 et
1244 1887 1316 1949 satis

138 1991 252 2052 bonum
273 1993 397 2058 ventum
420 1990 578 2051 habuimus
604 2006 659 2068 per
681 1992 835 2067 angustias
859 1989 992 2052 Ciliciae.

158 2099 172 2175 J
226 2094 283 2154 Dic
305 2096 434 2173 septima
457 2094 578 2153 lucente
602 2092 729 2154 vidimus
752 2093 893 2172 Cyprum,
918 2101 948 2155 et
970 2095 1046 2155 ultra
1069 2091 1191 2154 modum
1215 2095 1317 2156 laetati

141 2215 256 2270 sumus,
273 2199 342 2277 quia
358 2199 389 2256 in
405 2197 507 2256 multis
524 2197 678 2256 mensibus
693 2215 752 2257 non
769 2196 897 2258 vidimus
910 2198 1147 2258 Christianorum
1163 2200 1318 2276 regionem

141 2301 270 2379 aliquam
286 2299 499 2380 usquemodo.
529 2299 738 2360 Processimus
756 2318 828 2378 ergo
846 2307 949 2361 contra
964 2301 1103 2372 insulam,
1127 2307 1157 2361 et
1176 2308 1316 2378 gyrantes

138 2402 290 2482 Paphum,
313 2411 434 2482 portum
458 2404 548 2482 Cypri
563 2406 812 2476 vetustissimum,
836 2407 965 2482 ingressi
984 2424 1089 2466 sumus
1114 2412 1145 2466 et
1172 2405 1317 2466 anchoras

140 2505 285 2584 ejecimus
317 2508 575 2585 stabilivimusque
600 2525 691 2568 naves
724 2516 754 2569 et
785 2511 957 2570 neccssaria
991 2508 1031 2569 ibi
1066 2511 1316 2586 comparavimus.

140 2609 202 2671 Sed
226 2617 256 2670 ct
279 2610 424 2672 ecclesias
442 2612 553 2672 Christi
576 2610 672 2670 adhue
695 2613 736 2673 ibi
759 2619 874 2672 stantes
898 2614 1024 2691 ingressi
1048 2630 1168 2682 snmus,
1193 2619 1223 2671 et
1246 2610 1317 2672 ado-

139 2719 205 2774 rato
228 2709 359 2774 Domino
397 2731 433 2775 ac
461 2717 642 2775 necessariis
667 2717 847 2794 comparatis
882 2717 913 2776 in
935 2717 1032 2776 barcis
1056 2718 1188 2794 regressi
1211 2733 1315 2777 sumus

42 2836 58 2876 ·.
138 2819 170 2878 in
194 2819 348 2896 galeam.¹
391 2884 394 2888 ,
428 2875 456 2902 ,ἱ

494 3081 609 3153 Insula
636 3081 780 3170 insignis
810 3031 955 3174 Cyprus.

146 3291 149 3295 ·
206 3261 365 3344 ¹(l'219a)
382 3265 497 3345 Cypms
510 3267 902 3330 insulannncdescribcnda
914 3270 1006 3331 venit.
1029 3268 1113 3329 Hanc
1128 3269 1316 3347 rapuilmare

140 3366 253 3446 Syriae,
269 3369 318 3426 cui
333 3369 404 3429 olim
420 3364 529 3448 dicitur
540 3369 645 3445 juncta
661 3371 766 3441 fuisse,
790 3377 821 3431 et
835 3374 990 3451 proprium
1007 3371 1108 3432 effecit
1124 3388 1260 3449 regnum,
1282 3376 1317 3432 ut

138 3477 223 3550 patet
240 3469 327 3531 Parte
342 3470 365 3531 l.
390 3471 440 3532 iol.
459 3468 541 3533 7813.
572 3474 655 3534 llaec
678 3473 777 3534 insula
802 3474 952 3552 quondam
976 3473 1132 3535 dicebatur
1147 3474 1276 3546 Cethim,
1299 3492 1316 3534 a

140 3574 271 3654 quodam
294 3575 412 3636 Cethim
433 3575 528 3646 dicto,
546 3583 659 3655 nepote
675 3576 792 3654 Japhet‚
816 3575 875 3636 filio
890 3577 991 3647 Noae,
1014 3575 1182 3637 secundum
1194 3575 1315 3641 Isidem.

139 3678 201 3740 Sed
223 3669 412 3740 et'Cerasim
435 3679 509 3739 olim
532 3678 610 3740 dicta
634 3674 695 3748 cst,
720 3679 829 3740 deinde
850 3677 970 3756 Apelia,
992 3685 1032 3746 ¹ct
1055 3679 1203 3758 posthoc
1225 3678 1315 3740 Ama-

138 3765 227 3843 thusa
250 3788 281 3843 et
302 3781 437 3854 Macara,
470 3782 594 3860 Cripton
618 3788 649 3842 et
673 3782 805 3853 Culmia3
840 3800 920 3842 nunc
944 3788 1044 3842 autem
1068 3782 1183 3861 Cyprus
1207 3782 1316 3868 dicitur

139 3887 275 3964 aprima
299 3885 365 3963 ejus
389 3888 526 3964 civitate,
550 3901 627 3962 quae
651 3883 787 3963 Paphum
811 3886 1002 3956 nominatur,
1024 3891 1059 3945 ut
1081 3884 1203 3962 patebit.
1233 3885 1316 3948 Haec
1362 3951 1365 3955 ,

138 3991 222 4067 regio
245 3989 281 4049 ab
306 3992 423 4050 oriente
447 3989 576 4066 cingitur
598 3989 674 4048 mari
698 3988 839 4065 Syriaco,
865 3988 945 4066 quod
967 3984 1117 4048 blesicum
1139 3989 1239 4048 sinum
1262 4008 1314 4051 vo-

138 4099 226 4165 cant3
250 4094 286 4153 eh
303 4093 462 4155 occidente
478 4091 750 4168 mariPampbilico
773 4090 1032 4170 siveCarpalico3
1056 4107 1074 4151 a
1096 4094 1314 4170 septemtrione

138 4194 248 4256 antone
263 4195 375 4266 Cilicem
400 4194 558 4256 ameridie
580 4194 686 4274 Syriae
709 4200 740 4256 et
762 4193 922 4256 Phoenicis
945 4195 1064 4274 pelago.
1095 4196 1102 4227 ²
