2902 4710
746 129 811 200 338

192 310 228 371 ad
252 310 338 389 quus
370 309 479 371 clivum
507 326 562 388 pro
584 313 669 387 parte
701 307 870 387 dependet,
904 313 936 367 et
960 307 1144 369 mirabilibus
1167 307 1289 370 fossatis
1310 327 1370 388 per

191 424 292 498 petras
316 421 346 476 et
369 432 461 493 rupes
485 415 596 474 scissas
630 418 677 472 est
699 415 830 483 munita,
864 418 895 472 et
923 413 1029 490 spissis
1061 412 1192 491 altisque
1219 414 1313 474 muris
1337 419 1369 473 et

190 521 322 583 turribus
346 524 393 578 cst
414 517 531 578 vallata.
577 515 621 576 Ab
646 524 728 577 extra
751 523 799 577 est
821 514 1013 587 suburbium,
1039 522 1069 575 et
1093 514 1131 576 ad
1152 524 1271 594 partem
1294 516 1367 577 sub·

189 627 266 688 urbii
300 623 336 687 ad
359 624 470 684 clivum
492 622 603 681 montis
626 627 698 681 sunt
726 621 838 681 multae
861 619 1061 681 domunculae
1092 637 1200 698 parvae
1224 626 1255 681 et
1277 628 1368 698 tugu-

189 730 263 792 riola
293 734 381 807 stupa
414 734 445 786 et
477 725 600 785 calamis
637 730 668 784 et
700 726 861 785 sarmentis
888 723 985 785 tactae
1021 730 1052 784 et
1084 723 1148 786 luto
1181 732 1368 803 compactae,

188 841 219 896 et
242 839 290 894 est
312 831 398 910 quasi
419 828 785 906 villula,-inhabitautque
808 828 892 888 illam
906 828 1005 906 Zigari
1028 828 1084 900 illi,
1108 830 1160 905 qui
1181 821 1238 907 per
1261 828 1368 890 orbem

188 942 349 1016 vagantur,
382 933 420 994 de
444 933 552 1012 quibus
576 950 666 1012 supra
689 931 752 992 Pol.
775 927 819 996 80
850 929 964 993 dictum
994 910 1050 993 est.
1094 932 1132 994 Et
1154 950 1244 994 omne
1266 931 1368 993 lorum

189 1058 350 1120 equorum,
374 1055 550 1118 porcorum,
580 1042 612 1096 ct
633 1035 780 1114 quidquid
795 1035 1024 1097 'tumultuosum
1051 1042 1112 1107 est,
1136 1038 1234 1114 agitur
1259 1026 1291 1097 in
1313 1037 1367 1097 illo

186 1147 254 1207 loco
278 1151 360 1206 extra
382 1143 507 1214 urbem,
542 1147 573 1201 et
595 1141 626 1200 in
648 1139 722 1200 urbe
755 1147 803 1201 est
826 1141 967 1219 quieset
988 1148 1060 1219 pai,
1091 1146 1130 1201 et.
1144 1142 1366 1219 negotiationes

186 1251 308 1329 quietae
330 1249 360 1307 iu
384 1264 419 1306 ca
442 1250 616 1306 tractantur.
661 1241 694 1304 ln
726 1260 762 1303 ea
792 1244 866 1311 urbe
889 1250 937 1305 est
959 1244 1049 1306 sedes
1078 1246 1275 1324 episcopalis,
1308 1243 1366 1305 bu·

186 1354 266 1414 milis
290 1351 437 1422 ecclesia,
472 1351 566 1410 miser
588 1349 703 1420 clerus,
736 1347 898 1409 distractus
921 1348 1061 1428 populus.
1105 1347 1147 1410 lla
1169 1349 1240 1409 urbs
1264 1355 1312 1409 est
1334 1349 1366 1408 in

187 1476 279 1518 comu
302 1453 434 1532 Achajac
458 1453 530 1524 sita,
563 1469 640 1530 quas
670 1453 742 1513 olim
764 1450 863 1530 Argea
894 1451 1067 1525 dicebatur,
1102 1459 1133 1513 et
1162 1453 1232 1514 inde
1256 1450 1366 1514 Graeci

185 1558 288 1638 Argivi
311 1558 383 1620 dicti
404 1563 475 1618 sunt
503 1562 533 1616 et
555 1557 716 1634 imperium
739 1555 884 1617 Graeciae
907 1555 1002 1616 multo
1025 1562 1162 1636 tempore
1189 1563 1364 1621 tenuerunt.

185 1662 232 1725 Ab
255 1680 291 1725 ea
314 1662 388 1732 urbe
411 1641 512 1740 potest
533 1661 571 1719 iri
592 1659 688 1739 pedes
711 1678 766 1739 per
787 1656 996 1722 Macedoniam
1019 1670 1116 1739 usque
1149 1661 1181 1720 in
1202 1657 1366 1721 Thraciam

193 1775 224 1829 et
240 1765 532 1842 Constantinopolim
557 1769 660 1823 contre
683 1754 865 1841 a'quilonem,
889 1770 993 1824 contra
1008 1764 1168 1824 meridiem
1184 1770 1284 1824 autem
1307 1782 1365 1842 per

186 1871 297 1931 fretum
319 1866 507 1929 Adriaticum
534 1868 565 1926 in
595 1866 745 1939 Siciliam,
779 1885 856 1946 quae
885 1869 1046 1946 antiquiori
1076 1867 1223 1929 vocabulo
1253 1866 1365 1929 dicitur

185 1969 354 2045 Trinacria,
379 1971 458 2032 lacili
481 1972 669 2048 navigatione
694 1989 764 2031 cum
785 1978 877 2034 vento
900 1990 1048 2051 prospero
1072 1971 1238 2033 devenitur.

272 2109 442 2182 Trinacria,
476 2126 552 2189 quae
584 2116 615 2170 et
643 2110 764 2181 Sicilia,
795 2117 842 2171 est
869 2111 968 2171 insula
997 2126 1120 2189 magna,
1154 2117 1184 2170 et
1206 2108 1362 2170 Trinacria

184 2217 264 2279 dicta
286 2215 454 2277 secundum
476 2213 602 2286 lsidem,
627 2217 713 2294 quasi
735 2213 901 2293 triquadra,
931 2217 1000 2294 quia
1023 2217 1053 2274 in
1078 2221 1139 2275 tres
1163 2212 1292 2292 quadras
1315 2213 1361 2274 di·

183 2323 255 2383 visa.
302 2319 358 2381 Vel
382 2317 490 2379 dicitur
512 2316 665 2380 Trinacria
689 2327 812 2398 propter
843 2321 899 2380 tria
923 2326 1006 2391 a‘cra,
1042 2320 1062 2378 i.
1088 2338 1115 2380 e.
1146 2319 1362 2397 promontoria,

183 2425 301 2485 scilicet
322 2423 505 2493 Pachiuum,
534 2421 674 2484 Pelorum
706 2430 736 2483 et
758 2421 925 2502 Lilybeum.
950 2420 1091 2481 Pelorum
1122 2423 1363 2502 promontorium

183 2530 307 2607 respicit
332 2526 369 2589 ad
392 2526 581 2605 aquilonem,
604 2528 648 2586 sic
672 2527 857 2587 nominatum
881 2543 897 2586 a
920 2524 1030 2598 Peion,
1055 2529 1253 2606 gubernatore
1277 2524 1360 2586 llan-

182 2632 287 2694 nibalis
310 2630 352 2691 ibi
373 2631 504 2709 sepulto.
549 2629 713 2695 Pachiuum
736 2620 808 2691 vero
833 2628 871 2690 ad
895 2636 1029 2712 austrum
1053 2610 1183 2709 spectat,
1218 2631 1254 2691 ab
1280 2630 1360 2696 adris

182 2732 381 2795 crassitudine
405 2726 529 2793 dictum.
563 2730 721 2811 Lilybeum
746 2740 847 2794 autem
870 2731 1071 2793 occidentem
1084 2733 1252 2819 respiciens
1276 2750 1293 2792 a
1316 2734 1359 2792 ci-

180 2843 270 2901 vitate
304 2836 442 2914 ejusdem
472 2837 601 2900 nominis
635 2839 665 2897 in
696 2855 733 2897 eo
767 2844 939 2898 constructa
973 2839 1018 2897 sic
1051 2835 1169 2899 dicitur.
1215 2835 1360 2897 Pelorum

180 2941 321 3027 Poennio·
348 2943 442 3002 monti
469 2941 542 3000 olim
560 2939 700 3017 junctum
722 2940 792 3013 fuit,
826 2948 857 3002 et
878 2948 951 3002 tunc
981 2960 1042 3007 uon
1066 2950 1130 3003 erat
1152 2943 1268 3014 insula,
1302 2941 1360 3004 scd

179 3045 281 3107 ltaliae
304 3065 391 3125 pars,
415 3052 513 3106 terrac
536 3051 620 3105 motu
644 3049 745 3105 autem
767 3045 880 3106 lactum
905 3053 966 3118 est,
990 3045 1072 3124 quod
1088 3063 1170 3106 mare
1185 3047 1358 3119 intervenit,

180 3157 211 3211 et
233 3149 418 3211 Trinacriam
441 3148 476 3208 ab
499 3146 583 3235 ltalia
606 3147 721 3221 divisit,
753 3152 861 3227 exiguo
886 3150 1008 3229 quidem
1031 3149 1123 3222 freto,
1150 3148 1205 3210 sed
1228 3149 1359 3211 multum

180 3255 321 3335 aestuosb
351 3260 382 3314 et
404 3270 569 3331 numquam
594 3254 706 3347 quieto.
738 3252 904 3314 Pachiuum
928 3261 1029 3315 autem
1052 3254 1176 3332 respicit
1200 3251 1357 3330 Achejam.
1418 3308 1426 3319 ,

263 3392 388 3472 Antiqui
419 3393 578 3466 dicebant,
611 3393 692 3472 quod
722 3395 805 3473 gigas
836 3393 994 3483 Typhon,
1012 3393 1089 3460 lilius
1121 3393 1250 3465 Titanis,
1286 3411 1359 3454 cum

179 3506 374 3576 provocasset
397 3498 504 3559 lovem
526 3500 556 3559 in
580 3505 752 3570 certamen,
787 3501 881 3558 iratus
904 3496 1022 3575 Jupiter
1045 3515 1115 3557 cum
1137 3497 1261 3557 fulmine
1284 3514 1357 3576 pro-

181 3603 285 3661 stravit
308 3608 339 3661 ct
362 3600 398 3662 ad
430 3600 495 3678 ejus
519 3602 748 3681 opprimendam
775 3582 946 3681 superbiam
974 3605 1092 3684 corpori
1116 3600 1181 3680 ejus
1207 3602 1358 3681 superim-

178 3706 279 3782 posuit
302 3702 487 3764 Trinacriam
509 3712 658 3784 perpetuo
681 3704 868 3785 portandam.

264 3839 298 3901 ln
321 3859 357 3900 ea
380 3842 478 3903 insula
502 3851 571 3916 sunt
594 3851 713 3904 montes
736 3847 890 3924 perpetuis
914 3845 1061 3906 incendiis
1081 3845 1280 3917 flammantes,
1304 3850 1358 3925 qui

176 3949 243 4006 sine
266 3947 488 4007 intermissione
512 3954 545 4008 ut
567 3947 705 4009 lomaces
729 3949 835 4010 ardent
869 3956 901 4010 et
921 3949 1037 4028 lapides
1072 3958 1195 4011 exustos
1219 3949 1356 4027 ejiciunt.

176 4049 218 4110 lbi
242 4056 289 4110 est
311 4047 424 4120 Aetna,
457 4068 544 4112 mons
573 4052 789 4115 celeberrimus
818 4057 847 4114 in
879 4054 980 4116 medio
1011 4055 1144 4127 insulae,
1178 4056 1209 4116 in
1241 4056 1357 4117 vertice

176 4154 290 4217 habena
312 4153 389 4216 duos
411 4156 524 4229 hiatus,
558 4175 613 4236 per
636 4175 712 4236 quos
735 4157 816 4237 globi
846 4156 1037 4220 llammaruur
1059 4157 1246 4230 ascendunt,
1279 4177 1357 4239 quos
