2874 4770
682 150 745 220 168

124 335 231 412 Egeta,
252 333 286 392 iu
306 349 341 392 sc
362 333 459 410 ipsam
482 333 626 392 atrociter
647 329 800 402 desaevit,
823 329 945 391 ululans
969 328 1049 390 sicut
1076 329 1160 402 bos,
1186 339 1221 392 et
1245 333 1316 395 den·

124 439 205 498 tim
219 454 254 496 se
268 437 393 505 misr»,
409 443 500 513 caput
515 443 618 494 utrae
630 442 663 494 et
676 435 842 514 parietibus
854 434 985 502 illidens,
1008 439 1039 491 et
1063 451 1102 493 se
1119 433 1161 494 de
1179 454 1314 507 scamno

123 544 156 602 ἰ
177 559 239 619 quo
260 542 350 619 ligata
366 540 435 610 luit,
458 538 633 616 trequenter
657 540 689 597 iu
714 547 804 616 capnt
820 537 1020 617 praecipitem
1043 535 1135 596 dedit
1158 546 1195 598 et
1219 541 1312 601 modis

125 646 266 704 omibus
288 645 345 704 sibi
366 646 460 703 ritam
482 650 663 719 extorquere
686 644 844 719 quaesivit.
879 640 997 702 Deirade
1020 652 1132 704 eontra
1155 643 1312 704 dominam

123 749 285 808 insurrexit
311 749 513 825 pessimisque
535 746 635 805 rerbis
649 755 652 758 ’
668 763 737 804 eam
759 743 969 804 dehonestavit
994 754 1027 806 et
1048 750 1084 807 iu
1107 751 1220 827 ipsum
1243 767 1309 808 con·

125 851 224 912 sulem
247 850 445 910 contumelias
466 848 554 910 ralde
577 855 683 926 turpes
698 847 859 907 manifeste
881 848 960 907 tulit
1004 848 1037 908 ln
1060 858 1189 913 tantum
1213 859 1310 913 autem

124 957 168 1014 ira
191 952 363 1014 demmtata
384 953 459 1024 luit,
491 959 524 1011 nt
552 951 653 1011 Deum
679 951 902 1028 blasphemaret
932 958 964 1009 et
985 951 1230 1017 blachometum
1261 959 1309 1017 be-

125 1057 296 1129 nesteret,
334 1075 431 1135 seque
461 1055 500 1116 ad
530 1057 621 1115 ritum
648 1052 835 1115 Machometi
864 1056 1058 1132 migraturam
1092 1062 1309 1137 proclamaret,

124 1161 206 1242 qood
222 1168 254 1221 et
267 1161 409 1232 lecisset,
433 1162 460 1220 si
482 1160 622 1220 omuibus
645 1161 789 1220 membris
803 1177 865 1218 non
879 1159 970 1234 ligata
991 1159 1120 1234 luisset,
1146 1172 1181 1224 et
1205 1166 1309 1225 ultimo

124 1274 281 1343 tamquam
301 1272 422 1324 mortua
444 1263 547 1323 multis
571 1263 656 1322 boris
682 1261 794 1338 jacuit,
828 1279 987 1339 quousque
1016 1269 1121 1343 passio
1146 1265 1207 1347 (b)
1246 1269 1308 1344 ejus

125 1372 260 1448 mitigata
287 1367 354 1428 luit
397 1367 445 1428 aa
472 1360 572 1427 tantas
601 1369 683 1426 enim
710 1368 850 1426 miserias
877 1367 969 1425 bomo
998 1368 1142 1430 venditus
1176 1372 1307 1442 devenit,

124 1482 160 1534 ut
191 1474 292 1534 rirere
318 1471 441 1532 taedeat
472 1477 504 1531 et
534 1488 616 1529 mors
647 1469 788 1529 omuibus
817 1467 914 1556 modis
940 1478 1114 1546 quaeratur.
1160 1473 1307 1554 Magnum

125 1595 198 1656 ergo
221 1579 465 1655 compassionem
482 1573 642 1633 habuimus
664 1575 696 1632 in
718 1573 776 1632 hoc
798 1571 912 1632 lontico
927 1571 1126 1637 Tartarorum
1147 1596 1224 1638 cum
1246 1598 1305 1639 em·

124 1684 199 1743 titiis
221 1681 282 1741 dlis
305 1681 436 1740 miseris.
481 1675 654 1737 Creduntur
674 1683 795 1756 praeter
814 1675 880 1752 jam
901 1678 1072 1738 nominatos
1094 1677 1236 1743 lonticos
1259 1682 1306 1743 ad-

124 1785 184 1845 huc
206 1784 311 1862 plures
333 1797 420 1852 esse,
441 1782 473 1840 iu
496 1781 606 1858 quibus
627 1798 689 1840 non
710 1778 833 1839 immas

307 2026 359 2099 De
384 2026 464 2100 loco
491 2029 605 2118 turpi,
642 2030 678 2100 in
706 2049 810 2121 quem
837 2049 922 2102 casu
948 2032 1118 2105 venimus.

212 2213 446 2292 Consequenter
475 2213 680 2293 procedentes
713 2213 751 2276 ad
772 2214 876 2277 locum
899 2216 1051 2295 quendam
1074 2222 1224 2283 venimus
1245 2225 1308 2286 ubi-

125 2339 186 2400 que
207 2321 462 2399 ignominiosum,
495 2336 587 2397 quem
611 2319 693 2379 salva
724 2320 883 2381 honestate
904 2338 963 2381 nec
986 2324 1144 2383 nominare
1169 2344 1308 2405 possum,

123 2426 179 2487 sed
211 2424 319 2503 injuria
351 2432 381 2485 et
414 2413 751 2485 contumelianominis
784 2425 893 2486 Christi
924 2428 968 2484 et‘
988 2424 1101 2487 derisio
1134 2431 1308 2493 catholicae

123 2529 194 2590 fidei
226 2537 258 2590 ct
291 2528 486 2608 opprobrium
517 2527 652 2588 fidelium
686 2533 766 2607 cogit
789 2547 838 2589 me
862 2528 900 2588 de
923 2530 982 2588 hoc
1005 2529 1086 2588 clare
1108 2530 1214 2610 loqui,
1241 2555 1309 2596 cum

124 2633 312 2713 indulgentia
334 2640 436 2693 tamen
460 2640 492 2692 et
514 2634 563 2710 pia
585 2633 753 2710 legentium
774 2635 1031 2711 interpretatione.
1076 2633 1240 2709 Venimus,
1264 2642 1308 2699 in·

125 2755 231 2816 quam,
265 2753 320 2814 per
351 2736 505 2813 publicum
537 2736 665 2796 civitatis
694 2737 795 2795 vicum
816 2735 986 2809 inlocum,
1015 2739 1066 2799 ubi
1096 2747 1168 2800 ante
1192 2747 1307 2804 ostium

123 2840 234 2902 domus
265 2836 411 2898 sedebant
439 2836 583 2896 mulieres
616 2836 730 2895 multae
761 2834 918 2914 pulchrae,
950 2841 987 2900 ad
1020 2861 1142 2903 omnem
1176 2847 1305 2926 impuri·

123 2949 218 3004 tatem
232 2948 371 3012 ornatae,
395 2946 427 3001 et
442 2947 527 3001 erant
541 2925 596 3018 pro
613 2939 715 3000 dolor!
743 2939 929 3002 Christianae
952 2964 1078 3018 omnes,
1101 2956 1204 3009 scorta
1230 2950 1304 3011 deli-

125 3046 293 3115 catissima,
322 3044 501 3123 prostitutae
533 3061 589 3121 per
611 3044 864 3105 sceleratissimos
890 3046 1075 3110 Christianos
1098 3050 1244 3125 lenones,
1276 3056 1305 3114 in

122 3148 276 3229 publicum
300 3147 453 3225 expositae
470 3147 618 3219 omnihus,
642 3146 774 3221 Judaeis‚
793 3149 1003 3224 Samaritanis,
1030 3153 1215 3228 Sarracenis,
1239 3155 1305 3218 Ma-

124 3251 286 3322 maluccis,
315 3248 448 3311 Tartaris
464 3256 494 3310 et
509 3252 757 3329 impudicissimis
779 3254 963 3318 Christianis.
1007 3258 1099 3318 Erant
1122 3267 1224 3320 autem
1249 3264 1305 3322 mi·

123 3356 207 3417 selae
229 3357 306 3414 istae
330 3354 367 3416 de
392 3355 631 3417 Christianorum
655 3360 761 3429 terris,
785 3356 932 3435 quaedam
955 3358 992 3419 de
1015 3360 1154 3434 Francia,
1186 3363 1304 3442 aliquae

123 3458 162 3521 de
184 3457 340 3537 Hispania,
364 3459 402 3521 de
426 3461 574 3533 Calabria,
598 3461 636 3522 de
658 3461 758 3533 ltalia,
789 3463 907 3540 aliquae
931 3470 1032 3523 autem
1055 3472 1085 3524 et
1112 3484 1183 3543 pars
1207 3469 1305 3546 major

124 3570 209 3624 erant
232 3564 406 3637 Catalonae,
432 3567 552 3645 aliquae
572 3564 755 3636 lanuenses,
779 3565 952 3639 Paduanae,
984 3565 1165 3630 Terrisanae
1189 3579 1220 3631 et
1242 3572 1302 3634 Ve-

124 3669 281 3739 netianac,
312 3667 390 3730 llliae
413 3689 474 3729 non
496 3670 620 3732 dubium
643 3672 790 3731 bonorum
814 3670 985 3759 hominum,
1009 3672 1153 3733 seductae
1176 3693 1232 3753 per
1256 3679 1302 3737 in·

123 3777 307 3849 temperatas
331 3770 539 3853 (passiones‘l)
563 3782 594 3836 et
616 3793 713 3854 usque
745 3777 774 3833 in
797 3774 900 3835 fauces
925 3774 1123 3836 damnationis
1147 3778 1301 3842 inductae.

123 3873 168 3935 llo
191 3876 271 3935 euim
294 3877 376 3953 ipso,
401 3894 461 3954 qno
486 3880 690 3939 comiseentur
708 3877 894 3951 infidelibus,
918 3886 987 3939 sunt
1011 3884 1301 3956 excommunicatae,

123 3997 178 4058 per
202 3996 266 4039 can.
291 3973 343 4050 28,
366 3976 396 4042 9.
424 3977 451 4042 l.
477 3984 591 4059 siquis
615 3989 674 4043 etc.
719 3983 792 4043 ldeo
816 3982 851 4045 ad
877 3984 1114 4063 praecavendam
1139 3985 1223 4046 illam
1253 3989 1300 4048 in-

124 4079 319 4143 nodatlonem
343 4089 373 4143 el
398 4102 557 4145 excessum
592 4093 653 4145 tam
677 4086 855 4166 depravatae
879 4089 1075 4148 conmirionis
1099 4093 1246 4149 statutum
1268 4093 1301 4151 in

124 4186 258 4266 parllbus
281 4185 416 4249 bdelium
439 4185 502 4260 est,
533 4193 566 4250 ut
588 4187 694 4252 ludaei
716 4193 802 4270 signa
823 4192 983 4253 manifesta
1005 4199 1142 4272 portent,
1170 4212 1208 4255 ne
1232 4213 1300 4257 me·
