2874 4770
735 112 802 235 ooo

179 349 327 430 capellam
357 349 459 409 curiae
483 348 668 427 portavimus
699 361 769 405 cnm
790 342 914 422 psalmis
945 341 983 403 ad
1015 341 1162 403 funeralia
1192 345 1362 414 consuetis,

181 455 330 533 aspirante
354 458 455 512 autem
479 450 527 511 die
550 452 657 510 missas
673 450 788 526 aliquas
804 452 965 525 praesente
983 465 1110 524 corpore
1127 446 1361 508 celebravimus.

180 556 273 619 Porro
307 556 371 616 sole
405 560 471 614 orto
503 555 755 630 interrogavimus
788 551 945 611 dominum
980 550 1160 621 Consulem,
1194 557 1363 629 patronum

181 661 305 731 domus,
336 658 464 719 deloco
488 655 660 734 sepulturae
691 653 783 715 etde
807 652 916 724 modo,
952 651 989 712 de
1013 653 1113 713 oliicio
1135 653 1274 714 funeris?
1309 657 1363 731 qui

182 765 255 827 divit
276 765 379 833 nobis,
404 760 485 839 qnod
508 759 581 819 nihil
604 774 763 837 possemus
788 774 878 834 agere
902 773 971 816 cum
994 763 1098 816 nostro
1122 755 1277 827 defuncto,
1301 758 1363 816 nisi

182 868 221 930 de
235 868 365 936 licentia,
390 882 541 924 consensu
558 868 590 923 et
601 860 689 938 jussu
712 857 858 940 praefecti
881 860 961 919 urbis
985 857 1183 920 etdmiraldi.
1218 859 1363 921 Misimus

183 989 255 1048 ergo
279 967 434 1029 consulem
457 966 494 1026 ad
518 965 686 1044 praefatos,
719 966 771 1043 qui
793 961 894 1023 audito
925 980 996 1022 casu
1027 969 1058 1022 et
1080 966 1208 1040 pecunia
1235 971 1364 1042 recepta

182 1075 336 1136 licentiam
352 1066 520 1147 sepeliendi
536 1067 714 1128 defunctum
728 1071 865 1126 nostmm
882 1062 974 1136 dedit,
990 1072 1021 1125 et
1037 1072 1165 1142 quatuor
1176 1066 1363 1127 Sarracenos

187 1147 364 1259 portatores
388 1173 502 1233 iunen‘s
525 1172 611 1231 nobis
641 1171 804 1238 miserunt,
834 1175 865 1226 et
888 1167 1005 1245 aliquos
1029 1175 1159 1228 armatos
1183 1169 1363 1230 defensores

185 1287 289 1342 contra
320 1282 515 1338 occurrentes
547 1290 690 1351 paganos.
743 1272 889 1332 Convenit
923 1279 1025 1332 autem
1057 1272 1218 1333 multitudo
1253 1291 1365 1353 magna

185 1385 424 1446 Christianorum
440 1376 656 1438 catholicorum
671 1382 702 1436 et
716 1375 988 1446 schismaticorum,
1014 1394 1089 1454 quos
1105 1378 1257 1436 sustinere
1272 1396 1365 1455 opor·

184 1488 266 1549 tebat
289 1485 326 1546 ad
349 1478 581 1560 obsequendum
603 1485 722 1538 mortuo
746 1484 777 1538 et
803 1479 960 1555 exsequias
984 1479 1208 1539 celebrandum.
1252 1479 1289 1539 Et
1313 1499 1365 1549 ve·

184 1589 325 1650 nerabilis
347 1589 408 1657 vir,
442 1584 580 1643 dominus
603 1580 814 1652 Bernhardus,
847 1599 926 1641 nnnc
957 1581 1088 1643 decanus
1110 1579 1366 1660 Moguntinensis‚

186 1694 260 1754 emit
281 1709 336 1769 pro
359 1688 495 1766 quolibet
518 1689 677 1765 peregrino
711 1703 849 1757 cereum,
885 1692 916 1746 et
939 1686 1013 1745 alios
1047 1703 1152 1761 cereos
1176 1668 1303 1766 magnos
1328 1687 1366 1747 de

187 1814 257 1859 cera
298 1792 364 1854 alba
398 1793 433 1853 ad
470 1790 759 1869 circumponendum
797 1788 919 1850 feretro.
979 1790 1111 1867 Singulis
1146 1808 1218 1869 ergo
1253 1792 1367 1868 paratis

188 1902 385 1959 accesserunt
406 1895 517 1955 milites
541 1896 712 1972 peregrini,
733 1900 765 1954 ut
787 1899 944 1971 portarent
961 1893 1106 1954 feretrum
1130 1893 1168 1954 ad
1190 1894 1295 1955 locum
1319 1913 1367 1957 se·

187 2001 340 2082 pulturae,
364 1997 420 2059 sed
446 2000 621 2070 Sarraceni,
653 1999 738 2058 missi
761 1997 975 2093 alpraelecto,
1000 2005 1194 2059 accurrerunt
1217 1998 1367 2069 dicentes,

189 2105 248 2166 hoc
273 2120 341 2163 esse
366 2103 456 2163 olhcii
479 2108 511 2162 et
528 2101 605 2178 juris
626 2104 687 2173 sui,
712 2099 742 2160 et'
765 2119 782 2162 a
804 2103 971 2180 peregrinis
986 2102 1118 2161 tulerunt
1134 2101 1282 2162 teretrum
1297 2121 1368 2163 cum

190 2224 332 2287 corpore,
356 2206 437 2284 quod
461 2205 533 2267 dum
556 2223 645 2284 aegre
668 2205 803 2276 ierimus,
826 2205 897 2283 quia
919 2203 1118 2265 libentissime
1140 2223 1275 2284 per-nos
1297 2224 1367 2285 por-

187 2319 357 2383 cessemus,
392 2317 423 2372 et
447 2312 544 2372 invite
571 2309 658 2371 valde
683 2315 835 2370 mortuum
863 2313 1002 2368 nostrum
1033 2311 1157 2387 paganis
1183 2310 1369 2389 portandum

189 2417 411 2488 commisimus,
435 2415 507 2479 dixit
520 2413 607 2474 nobis
625 2411 752 2483 Consul,
777 2410 857 2489 quod
872 2412 898 2471 sl
913 2429 969 2471 nos
984 2413 1042 2490 ips'i
1059 2420 1248 2491 portaremus
1267 2413 1368 2488 funus,

188 2520 352 2599 numbuam
390 2504 460 2580 cnm
495 2535 570 2600 pace
602 2533 762 2596 possemus
791 2513 828 2575 ad
856 2515 958 2575 locum
988 2513 1177 2593 sepultu'rae·
1194 2521 1367 2595 pervenire,

190 2621 287 2704 (lbet
298 2618 341 2700 a)
356 2623 429 2699 quia
440 2619 569 2697 juvenes
586 2625 780 2680 accurrerent
797 2624 827 2677 et
843 2625 1013 2697 portatores
1037 2637 1107 2679 cum
1122 2620 1236 2681 feretro
1260 2621 1370 2683 distra-

189 2728 298 2788 herent
328 2723 376 2788 vel
399 2742 469 2784 cum
491 2722 640 2801 lapidibus
664 2741 719 2782 nos
744 2728 895 2783 vexarent.
934 2723 971 2782 Et
993 2722 1039 2782 his
1065 2722 1173 2784 auditis
1198 2723 1370 2785 dimisimus

190 2833 234 2892 eis
257 2846 384 2907 corpus,
407 2828 635 2906 processionem
659 2834 761 2886 autem
784 2829 825 2887 ita
848 2825 1067 2898 ordinavimus,
1091 2827 1172 2905 quod
1192 2847 1248 2888 nos
1266 2829 1371 2890 clerici

96 2920 99 2927 ’
154 2922 158 2933 ’
190 2931 330 2993 catholici
352 2931 486 2989 incensis
509 2928 643 2989 candelis
675 2937 744 2990 ante
767 2931 913 2991 feretrum
936 2932 1160 3011 processimus,
1192 2931 1241 2991 alii
1266 2934 1370 2994 clerici

190 3034 375 3096 schismatici
390 3051 460 3093 curn
476 3033 681 3097 saecularibus
697 3044 766 3113 post
780 3036 936 3104 feretrum,
960 3041 990 3092 et
1006 3035 1163 3095 Sarraceni
1179 3042 1372 3113 protectores

191 3138 229 3201 ad
250 3138 346 3197 latera
368 3137 460 3197 ibant.
505 3137 657 3198 Exivimus
682 3157 753 3217 ergo
777 3140 815 3199 de
839 3139 921 3198 curia
953 3155 1007 3216 per
1029 3138 1153 3217 longum
1174 3141 1276 3200 vicum
1300 3159 1371 3202 curn

192 3241 312 3303 silentio
336 3246 367 3301 et
390 3240 463 3301 lletu
487 3249 617 3303 orantes.
663 3241 752 3303 Multi
775 3248 876 3303 autem
899 3243 1057 3302 Sarraceni
1082 3248 1278 3304 accurrerunt
1308 3244 1371 3304 cla·

159 3358 165 3374 ·
191 3350 308 3408 mantes
325 3352 355 3406 et
372 3344 553 3418 deridentes,
577 3348 771 3407 nihilominus
796 3352 826 3405 et
849 3348 1041 3406 ammirantes
1066 3349 1199 3424 quietem
1223 3353 1255 3406 et
1277 3347 1372 3408 silen-

191 3451 267 3511 tium
288 3455 443 3520 nostrum,
477 3452 546 3528 quia
574 3453 632 3529 ipsi
664 3469 736 3510 suos
766 3457 901 3510 mortuos
932 3468 1002 3509 curn
1024 3449 1159 3510 horribili
1182 3449 1315 3510 lamento
1342 3460 1375 3513 et

193 3553 373 3615 clamoribus
397 3553 434 3613 ad
458 3554 617 3632 sepulchra
632 3559 768 3632 portant,
792 3554 871 3613 sicut
894 3571 985 3633 saepe
1001 3552 1071 3614 vidi.
1103 3553 1196 3614 Porro
1219 3572 1277 3633 ego
1301 3573 1376 3616 cum

193 3658 259 3718 aliis
282 3656 466 3716 antecedens
490 3658 578 3719 habui
594 3658 728 3719 libellum
744 3664 813 3717 ante
831 3672 895 3726 me,
920 3655 957 3715 de
974 3674 1033 3733 quo
1049 3658 1166 3734 vigilias
1182 3665 1376 3720 mortuorum

193 3761 270 3839 legi,
301 3757 422 3836 quidam
453 3766 553 3820 autern
579 3761 764 3835 sarracenus
788 3760 826 3820 ad
849 3778 899 3820 me
923 3762 1067 3830 accessit,
1092 3768 1245 3839 tamqnam
1267 3763 1376 3825 videre

194 3862 299 3925 volens
323 3864 502 3940 scripturam
526 3864 630 3936 libelli,
655 3871 686 3924 et
710 3865 810 3924 dimisi
833 3880 903 3922 eum
930 3864 1081 3940 inspicere
1106 3867 1284 3926 continuans
1306 3870 1375 3929 sine

197 3982 277 4036 cura,
300 3965 381 4044 quod
402 3967 585 4045 inceperam,
609 3969 676 4046 ipse
701 3974 802 4028 autem
826 3986 859 4027 os
883 3967 1007 4046 plenum
1030 3976 1118 4047 sputo
1141 3968 1265 4041 habens,
1290 3973 1376 4049 quod

197 4085 266 4129 cum
290 4066 433 4129 industria
450 4077 699 4148 congregaverat,
723 4088 793 4129 cum
810 4072 924 4151 impetu
946 4071 984 4130 ad
999 4089 1048 4131 me
1064 4089 1228 4136 conversus
1243 4073 1377 4153 projecit

198 4176 337 4252 sputum,
360 4170 486 4234 sufflans
507 4172 539 4230 in
560 4170 670 4233 faciem
692 4190 817 4248 meam,
840 4176 887 4236 ita
897 4174 979 4254 quod
1001 4174 1132 4239 foedavit
1154 4177 1259 4238 oculos
1282 4183 1316 4238 et
1339 4198 1376 4242 os
