2874 4770
681 151 748 227 bii

125 336 281 397 familiaris
304 334 403 396 iaetus
424 334 569 413 coguovit
590 331 793 402 criminaliter,
817 347 893 410 quos
913 330 1024 403 votuit,
1047 337 1080 392 ot
1104 329 1214 393 eodem
1229 339 1306 394 tem·

127 455 201 518 pore
216 435 311 498 xviri
326 436 500 516 gravidavit.
539 435 571 495 Si
592 437 634 496 ita
656 437 694 496 sit
717 436 837 505 neseio,
863 452 920 496 nee
942 434 1070 497 multum
1093 434 1225 506 adverti3
1247 436 1307 497 boe

127 549 229 603 tamen
254 542 396 618 cogitavi,
418 540 500 600 buno
521 540 650 600 aiterum
672 537 815 617 Priapum
836 537 950 610 fuisse,
972 555 1064 616 quem
1087 538 1231 600 infestum
1246 539 1306 600 Ve-

128 645 252 706 stalibus
275 644 440 720 virginibus
469 641 564 704 fuisse
595 643 709 720 antiqui
740 640 904 712 tradidere,
942 648 973 703 et
995 643 1177 712 conabatur,
1215 646 1307 705 etiam

128 753 226 829 ipsam
241 748 368 810 Vestam
390 754 557 828 perpetuae
586 747 764 825 virginitatis
793 751 863 807 voto
885 747 1078 807 constrictam
1101 763 1307 826 eorrumpere,

129 854 198 933 quia
221 850 330 914 Ovidio
353 857 431 912 teste

280 968 399 1022 Nitimur
416 969 446 1020 in
465 969 575 1021 vetitum
594 983 700 1036 semper
718 967 893 1037 cupimusque
914 974 1032 1035 uegeta,

127 1093 266 1172 Virgines
290 1108 363 1169 ergo
386 1097 418 1153 et
441 1092 604 1164 moniales,
639 1092 781 1172 eoquod
810 1094 945 1154 cautiore
977 1102 1136 1157 serventur
1161 1092 1306 1165 custodis,

126 1182 276 1257 libidinosi
304 1196 479 1275 appetivere
501 1193 667 1256 noenum.
712 1194 825 1256 Similis
847 1196 897 1257 bie
919 1197 976 1258 iuit
1004 1202 1157 1277 stuprator
1183 1196 1306 1256 saerile-

126 1315 182 1379 gus
203 1297 285 1370 iovi,
318 1298 358 1360 de
389 1316 449 1377 quo
481 1297 585 1359 dieunt
614 1305 738 1377 poetae,
771 1298 854 1378 quod
886 1300 1087 1362 nobilissimas
1121 1299 1202 1361 Solis
1230 1299 1306 1360 filias

127 1403 256 1484 pedibus
288 1405 353 1463 suis
381 1405 560 1482 supposuit;
595 1410 627 1463 et
648 1405 707 1464 iste
730 1403 857 1474 Christi,
889 1406 954 1465 veri
982 1403 1064 1466 Solis
1086 1404 1177 1474 blias,
1211 1402 1306 1467 debo-

127 1507 267 1568 nestavit
311 1506 365 1565 Est
386 1508 478 1566 etiam
504 1507 563 1565 ista
584 1506 684 1566 belina
709 1510 824 1568 marina
846 1509 978 1584 piscator
1002 1511 1077 1580 iste,
1108 1525 1200 1586 qoam
1224 1506 1305 1587 Nep·

128 1618 236 1681 tunus,
260 1608 337 1670 deus
359 1612 466 1679 maris,
490 1616 594 1670 eontra
615 1609 739 1688 Trojsm
761 1613 859 1683 misit,
882 1613 992 1691 quium
1014 1610 1122 1691 sparto
1144 1611 1304 1682 consuluit,

130 1711 213 1794 quod
245 1729 353 1773 onnes
380 1713 499 1773 nobiiea
526 1716 658 1792 virgines
687 1716 806 1777 belluae
828 1715 1035 1787 traderentur,
1068 1734 1147 1796 quae
1180 1715 1304 1777 eusdem

131 1818 304 1889 devoravit,
331 1812 397 1877 'nee
419 1820 572 1880 civitatem
595 1823 729 1881 vesuvit.
775 1820 887 1882 Verum
909 1824 986 1883 istae
1009 1819 1155 1882 moniales
1177 1819 1306 1882 muitum

130 1921 254 1982 inerunt
275 1920 439 1982 dissimiles
461 1921 538 1993 illis,
561 1921 732 2001 dequibus
754 1924 883 1986 babetur
903 1923 936 1985 P.
960 1923 982 1986 Ι.
1010 1924 1072 1986 ΡοΙ,
1096 1921 1161 1987 tao
1183 1921 1217 1983 ii.

215 2023 262 2086 Ab
284 2025 343 2085 boe
365 2028 548 2087 monasterio
575 2027 778 2105 navigavimus
808 2034 1033 2109 consequenter
1065 2046 1122 2108 per
1141 2027 1306 2089 carentum

129 2137 161 2190 et
183 2127 221 2189 ed
244 2131 337 2190 maris
359 2129 451 2191 tinem
472 2132 665 2209 pervenimus
688 2132 726 2192 ad
748 2132 832 2193 littus
857 2130 999 2213 liutgeri
1045 2131 1090 2193 De
1112 2133 1181 2193 navi
1203 2137 1306 2193 autem

130 2234 252 2296 aseendi
276 2252 370 2314 super
391 2233 516 2297 limbum
537 2238 600 2296 sire
621 2238 786 2317 marginem
808 2239 901 2298 maris
924 2251 1149 2315 munerumque
1169 2233 1207 2295 ad
1223 2250 1307 2297 more

131 2339 231 2398 Deum
251 2337 392 2398 benedixi
422 2346 452 2399 et
480 2343 558 2400 mari
579 2340 705 2401 salefeei
736 2359 806 2402 eum
832 2341 926 2402 muln
956 2337 1144 2418 ioeunditete
1175 2354 1230 2418 pro
1258 2354 1306 2409 eo,

132 2442 214 2521 quod
237 2442 304 2502 Deo
326 2449 502 2522 protegente
525 2451 556 2505 et
579 2447 670 2505 maris
689 2444 830 2506 fluetibus
851 2446 1022 2525 imperante
1042 2443 1176 2521 integer,
1211 2441 1304 2511 *¹in

132 2552 165 2605 et
186 2562 278 2605 sanos
300 2548 382 2606 erasi
403 2564 459 2625 per
480 2554 562 2608 tanta
583 2547 651 2625 ejus
673 2548 818 2627 pericula.
863 2545 973 2627 Optavi
1002 2552 1104 2605 tamen
1128 2558 1210 2605 mne
1233 2560 1304 2621 pro·

132 2648 216 2710 tendi
238 2666 335 2726 usque
358 2649 396 2710 nd
417 2670 520 2712 muros
542 2653 674 2712 civitatis
696 2650 865 2722 Utinensis,
888 2652 958 2731 quia
977 2648 1041 2727 iam
1063 2647 1213 2709 maritima
1236 2664 1306 2727 pro·

132 2753 263 2813 ieetioue
286 2761 425 2815 assuetus
456 2762 632 2817 terrestrem
655 2756 878 2833 quodammodo
909 2754 1102 2817 abominabar
1133 2757 1165 2813 et
1194 2768 1308 2831 equum

132 2857 298 2920 ascendere
321 2860 416 2937 magis
437 2859 633 2922 formidabam
659 2838 713 2938 (b)
737 2879 828 2939 quam
851 2877 969 2923 narem
1013 2857 1142 2939 Propter
1161 2854 1307 2919 benebeia

131 2980 206 3041 ergo
229 2962 302 3022 mibi
325 2962 391 3023 Deo
409 2962 537 3040 jubente
559 2982 578 3024 a
600 2967 675 3026 mari
696 2968 840 3045 praestita
868 2965 942 3027 libet
968 2964 1141 3045 meipsum
1162 2978 1218 3043 per
1240 2957 1308 3037 ejus

133 3067 284 3145 generalia
303 3067 452 3129 benebeiu
473 3070 679 3147 eireumagere
701 3070 871 3150 paulutum,
905 3076 1066 3148 mnam
1095 3068 1133 3129 ab
1160 3084 1199 3128 eo
1221 3082 1308 3125 reee-

133 3170 218 3240 dam,
250 3189 311 3230 uon
342 3172 423 3232 enim
453 3190 583 3244 oensem
614 3190 664 3233 me
685 3191 777 3253 parra
806 3174 884 3237 bona
907 3192 924 3237 a
947 3175 1022 3237 marri
1044 3172 1217 3253 aeoep'ssee,
1252 3167 1308 3229 ted

133 3276 234 3354 plura,
258 3292 349 3353 quam
372 3278 575 3353 evagatorium
596 3282 694 3340 toturn
716 3280 877 3342 eontinest

463 3576 514 3648 lte
540 3578 645 3649 maris
672 3575 980 3649 commendatione.

222 3777 300 3839 Sunt
321 3779 378 3838 tria
400 3781 494 3839 maria
515 3781 573 3843 sibi
596 3779 756 3841 manifeste
779 3778 988 3850 oabaereotia,
1024 3778 1142 3839 settim
1167 3792 1311 3846 umus,

133 3880 248 3942 Pontus
271 3882 403 3943 Euxinus
426 3890 457 3944 et
478 3883 745 3945 mediterraneum.
791 3883 857 3945 Aba
871 3884 983 3954 amru,
1013 3888 1046 3943 ut
1068 3899 1151 3943 tuere
1176 3880 1312 3943 mamm

135 4003 206 4045 euru
227 3985 337 4047 tinibus
351 3986 417 4045 suis
429 3988 557 4049 Arabim
572 3995 604 4049 et
619 3986 758 4058 imum,
780 3995 814 4049 et
835 4006 920 4051 omre
942 3990 1065 4053 rubrum
1086 3993 1119 4045 et
1140 3984 1311 4061 symm

135 4092 202 4150 sive
226 4088 382 4167 Caspium,
410 4089 539 4153 effluunt
567 4089 691 4169 quiden
717 4108 754 4153 er
776 4110 892 4155 mua
922 4110 984 4155 orm
1005 4090 1220 4171 reponemus·
1241 4104 1311 4164 attr-

136 4193 264 4272 gitibus,
287 4192 405 4257 scilieet
426 4194 479 4257 ubi
499 4190 628 4257 effluant
648 4192 697 4257 sei
716 4195 769 4257 oui
789 4196 868 4259 aaut
887 4192 1024 4259 tatus
