<?xml version="1.0" encoding="UTF-8"?>
<!DOCTYPE html PUBLIC "-//W3C//DTD XHTML 1.0 Transitional//EN"
    "http://www.w3.org/TR/xhtml1/DTD/xhtml1-transitional.dtd">
<html xmlns="http://www.w3.org/1999/xhtml" xml:lang="en" lang="en">
 <head>
  <title>
</title>
<meta http-equiv="Content-Type" content="text/html;charset=utf-8" />
  <meta name='ocr-system' content='tesseract 3.04.00' />
  <meta name='ocr-capabilities' content='ocr_page ocr_carea ocr_par ocr_line ocrx_word'/>
</head>
<body>
  <div class='ocr_page' id='page_1' title='image "./fratrisfelicisf00fabrgoog_0299.png"; bbox 0 0 2874 4770; ppageno 0'>
   <div class='ocr_carea' id='block_1_1' title="bbox 81 297 1436 2374">
    <p class='ocr_par' dir='ltr' id='par_1_1' title="bbox 160 297 1349 818">
     <span class='ocr_line' id='line_1_1' title="bbox 162 297 1349 410; baseline -0.006 -19"><span class='ocrx_word' id='word_1_1' title='bbox 162 347 218 410; x_wconf 88' lang='lat' dir='ltr'><strong>por</strong></span> <span class='ocrx_word' id='word_1_2' title='bbox 238 330 344 391; x_wconf 91' lang='lat' dir='ltr'><strong>horam</strong></span> <span class='ocrx_word' id='word_1_3' title='bbox 367 320 417 391; x_wconf 83' lang='lat' dir='ltr'><strong>vel</strong></span> <span class='ocrx_word' id='word_1_4' title='bbox 440 326 515 388; x_wconf 87' lang='lat' dir='ltr'><strong>duas</strong></span> <span class='ocrx_word' id='word_1_5' title='bbox 538 326 651 388; x_wconf 91' lang='lat' dir='ltr'><strong>morati·</strong></span> <span class='ocrx_word' id='word_1_6' title='bbox 670 325 702 385; x_wconf 90' lang='lat' dir='ltr'><strong>in</strong></span> <span class='ocrx_word' id='word_1_7' title='bbox 727 322 853 384; x_wconf 88' lang='lat' dir='ltr'><strong>castello</strong></span> <span class='ocrx_word' id='word_1_8' title='bbox 867 321 1048 394; x_wconf 77' lang='lat' dir='ltr'><strong>fuissemus,</strong></span> <span class='ocrx_word' id='word_1_9' title='bbox 1072 297 1291 384; x_wconf 78' lang='lat' dir='ltr'><strong>descendimus</strong></span> <span class='ocrx_word' id='word_1_10' title='bbox 1314 330 1349 384; x_wconf 89' lang='lat' dir='ltr'><strong>et</strong></span> 
     </span>
     <span class='ocr_line' id='line_1_2' title="bbox 161 425 1347 511; baseline -0.005 -17"><span class='ocrx_word' id='word_1_11' title='bbox 161 434 311 511; x_wconf 86' lang='lat' dir='ltr'><strong>reliquum</strong></span> <span class='ocrx_word' id='word_1_12' title='bbox 333 439 453 509; x_wconf 89' lang='lat' dir='ltr'><strong>tempus</strong></span> <span class='ocrx_word' id='word_1_13' title='bbox 479 448 574 508; x_wconf 88' lang='lat' dir='ltr'><strong>usque</strong></span> <span class='ocrx_word' id='word_1_14' title='bbox 597 431 702 490; x_wconf 92' lang='lat' dir='ltr'><strong>horam</strong></span> <span class='ocrx_word' id='word_1_15' title='bbox 724 428 927 506; x_wconf 82' lang='lat' dir='ltr'><strong>vespertinam</strong></span> <span class='ocrx_word' id='word_1_16' title='bbox 948 425 1033 502; x_wconf 81' lang='lat' dir='ltr'><strong>juxta</strong></span> <span class='ocrx_word' id='word_1_17' title='bbox 1064 425 1192 497; x_wconf 90' lang='lat' dir='ltr'><strong>iontem,</strong></span> <span class='ocrx_word' id='word_1_18' title='bbox 1226 429 1281 506; x_wconf 89' lang='lat' dir='ltr'><strong>qui</strong></span> <span class='ocrx_word' id='word_1_19' title='bbox 1305 427 1347 488; x_wconf 92' lang='lat' dir='ltr'><strong>de</strong></span> 
     </span>
     <span class='ocr_line' id='line_1_3' title="bbox 162 530 1345 614; baseline -0.007 -16"><span class='ocrx_word' id='word_1_20' title='bbox 162 534 315 614; x_wconf 80' lang='lat' dir='ltr'><strong>crepidine</strong></span> <span class='ocrx_word' id='word_1_21' title='bbox 339 536 450 596; x_wconf 88' lang='lat' dir='ltr'><strong>montis</strong></span> <span class='ocrx_word' id='word_1_22' title='bbox 464 534 597 605; x_wconf 81' lang='lat' dir='ltr'><strong>ebullit,</strong></span> <span class='ocrx_word' id='word_1_23' title='bbox 621 531 797 594; x_wconf 76' lang='lat' dir='ltr'><strong>deduximus</strong></span> <span class='ocrx_word' id='word_1_24' title='bbox 821 537 851 591; x_wconf 93' lang='lat' dir='ltr'><strong>et</strong></span> <span class='ocrx_word' id='word_1_25' title='bbox 875 531 1056 592; x_wconf 80' lang='lat' dir='ltr'><strong>mirabamur</strong></span> <span class='ocrx_word' id='word_1_26' title='bbox 1076 530 1114 591; x_wconf 93' lang='lat' dir='ltr'><strong>de</strong></span> <span class='ocrx_word' id='word_1_27' title='bbox 1138 548 1233 608; x_wconf 90' lang='lat' dir='ltr'><strong>aquae</strong></span> <span class='ocrx_word' id='word_1_28' title='bbox 1259 531 1345 591; x_wconf 88' lang='lat' dir='ltr'><strong>illius</strong></span> 
     </span>
     <span class='ocr_line' id='line_1_4' title="bbox 161 628 1345 723; baseline -0.006 -22"><span class='ocrx_word' id='word_1_29' title='bbox 161 638 335 723; x_wconf 80' lang='lat' dir='ltr'><strong>dulcedine,</strong></span> <span class='ocrx_word' id='word_1_30' title='bbox 371 657 441 699; x_wconf 90' lang='lat' dir='ltr'><strong>cum</strong></span> <span class='ocrx_word' id='word_1_31' title='bbox 471 628 574 699; x_wconf 86' lang='lat' dir='ltr'><strong>tamen</strong></span> <span class='ocrx_word' id='word_1_32' title='bbox 604 634 704 699; x_wconf 87' lang='lat' dir='ltr'><strong>insula</strong></span> <span class='ocrx_word' id='word_1_33' title='bbox 724 642 787 696; x_wconf 88' lang='lat' dir='ltr'><strong>tota</strong></span> <span class='ocrx_word' id='word_1_34' title='bbox 808 636 839 694; x_wconf 91' lang='lat' dir='ltr'><strong>in</strong></span> <span class='ocrx_word' id='word_1_35' title='bbox 863 637 949 712; x_wconf 89' lang='lat' dir='ltr'><strong>aquis</strong></span> <span class='ocrx_word' id='word_1_36' title='bbox 972 637 1081 695; x_wconf 90' lang='lat' dir='ltr'><strong>amaris</strong></span> <span class='ocrx_word' id='word_1_37' title='bbox 1103 636 1142 694; x_wconf 92' lang='lat' dir='ltr'><strong>sit</strong></span> <span class='ocrx_word' id='word_1_38' title='bbox 1165 635 1345 694; x_wconf 89' lang='lat' dir='ltr'><strong>constituta.</strong></span> 
     </span>
     <span class='ocr_line' id='line_1_5' title="bbox 160 737 1227 818; baseline -0.007 -14"><span class='ocrx_word' id='word_1_39' title='bbox 160 741 233 804; x_wconf 83' lang='lat' dir='ltr'><strong>Post</strong></span> <span class='ocrx_word' id='word_1_40' title='bbox 256 743 329 803; x_wconf 89' lang='lat' dir='ltr'><strong>solis</strong></span> <span class='ocrx_word' id='word_1_41' title='bbox 354 741 587 805; x_wconf 85' lang='lat' dir='ltr'><strong>declinationem</strong></span> <span class='ocrx_word' id='word_1_42' title='bbox 611 741 767 818; x_wconf 83' lang='lat' dir='ltr'><strong>remigavit</strong></span> <span class='ocrx_word' id='word_1_43' title='bbox 790 738 915 817; x_wconf 85' lang='lat' dir='ltr'><strong>quilibet</strong></span> <span class='ocrx_word' id='word_1_44' title='bbox 936 741 967 798; x_wconf 93' lang='lat' dir='ltr'><strong>in</strong></span> <span class='ocrx_word' id='word_1_45' title='bbox 981 737 1108 815; x_wconf 53' lang='lat' dir='ltr'><strong>‘galeam</strong></span> <span class='ocrx_word' id='word_1_46' title='bbox 1131 755 1227 798; x_wconf 88' lang='lat' dir='ltr'><strong>suam.</strong></span> 
     </span>
    </p>

    <p class='ocr_par' dir='ltr' id='par_1_2' title="bbox 81 840 1436 2374">
     <span class='ocr_line' id='line_1_6' title="bbox 248 840 1348 923; baseline -0.005 -15"><span class='ocrx_word' id='word_1_47' title='bbox 248 847 304 908; x_wconf 89' lang='lat' dir='ltr'><strong>Die</strong></span> <span class='ocrx_word' id='word_1_48' title='bbox 324 844 414 916; x_wconf 72' lang='lat' dir='ltr'>XXI„</span> <span class='ocrx_word' id='word_1_49' title='bbox 437 863 514 923; x_wconf 90' lang='lat' dir='ltr'><strong>quae</strong></span> <span class='ocrx_word' id='word_1_50' title='bbox 544 850 594 904; x_wconf 90' lang='lat' dir='ltr'><strong>est</strong></span> <span class='ocrx_word' id='word_1_51' title='bbox 615 840 1002 922; x_wconf 83' lang='lat' dir='ltr'><strong>praesentationis&#39;lllariae</strong></span> <span class='ocrx_word' id='word_1_52' title='bbox 1014 841 1154 921; x_wconf 84' lang='lat' dir='ltr'><strong>Virginis,</strong></span> <span class='ocrx_word' id='word_1_53' title='bbox 1178 849 1348 921; x_wconf 90' lang='lat' dir='ltr'><strong>antequam</strong></span> 
     </span>
     <span class='ocr_line' id='line_1_7' title="bbox 159 941 1349 1026; baseline -0.003 -14"><span class='ocrx_word' id='word_1_54' title='bbox 159 951 367 1020; x_wconf 85' lang='lat' dir='ltr'><strong>illucesceret,</strong></span> <span class='ocrx_word' id='word_1_55' title='bbox 391 949 506 1009; x_wconf 90' lang='lat' dir='ltr'><strong>clamor</strong></span> <span class='ocrx_word' id='word_1_56' title='bbox 528 943 637 1026; x_wconf 83' lang='lat' dir='ltr'><strong>ingens</strong></span> <span class='ocrx_word' id='word_1_57' title='bbox 660 944 817 1023; x_wconf 85' lang='lat' dir='ltr'><strong>cujusdam</strong></span> <span class='ocrx_word' id='word_1_58' title='bbox 832 941 1062 1023; x_wconf 83' lang='lat' dir='ltr'><strong>lamentabiliter</strong></span> <span class='ocrx_word' id='word_1_59' title='bbox 1076 945 1176 1017; x_wconf 81' lang='lat' dir='ltr'><strong>flentis</strong></span> <span class='ocrx_word' id='word_1_60' title='bbox 1191 947 1221 1005; x_wconf 94' lang='lat' dir='ltr'><strong>in</strong></span> <span class='ocrx_word' id='word_1_61' title='bbox 1237 953 1349 1008; x_wconf 89' lang='lat' dir='ltr'><strong>nostra</strong></span> 
     </span>
     <span class='ocr_line' id='line_1_8' title="bbox 161 1024 1348 1131; baseline -0.003 -16"><span class='ocrx_word' id='word_1_62' title='bbox 161 1053 337 1115; x_wconf 86' lang='lat' dir='ltr'><strong>audiebatur</strong></span> <span class='ocrx_word' id='word_1_63' title='bbox 359 1052 461 1130; x_wconf 80' lang='lat' dir='ltr'><strong>galea,</strong></span> <span class='ocrx_word' id='word_1_64' title='bbox 494 1057 620 1129; x_wconf 92' lang='lat' dir='ltr'><strong>cratque</strong></span> <span class='ocrx_word' id='word_1_65' title='bbox 643 1049 776 1131; x_wconf 88' lang='lat' dir='ltr'><strong>ululatus</strong></span> <span class='ocrx_word' id='word_1_66' title='bbox 805 1024 858 1110; x_wconf 75' lang='lat' dir='ltr'><strong>ill‘e&#39;</strong></span> <span class='ocrx_word' id='word_1_67' title='bbox 888 1049 941 1110; x_wconf 90' lang='lat' dir='ltr'><strong>filii</strong></span> <span class='ocrx_word' id='word_1_68' title='bbox 963 1049 1075 1109; x_wconf 89' lang='lat' dir='ltr'><strong>domini</strong></span> <span class='ocrx_word' id='word_1_69' title='bbox 1104 1050 1253 1120; x_wconf 76' lang='lat' dir='ltr'><strong>consulis,</strong></span> <span class='ocrx_word' id='word_1_70' title='bbox 1289 1054 1348 1129; x_wconf 86' lang='lat' dir='ltr'><strong>qui</strong></span> 
     </span>
     <span class='ocr_line' id='line_1_9' title="bbox 161 1152 1346 1220; baseline -0.003 -2"><span class='ocrx_word' id='word_1_71' title='bbox 161 1158 279 1220; x_wconf 86' lang='lat' dir='ltr'><strong>seilicet</strong></span> <span class='ocrx_word' id='word_1_72' title='bbox 302 1156 408 1217; x_wconf 91' lang='lat' dir='ltr'><strong>consul</strong></span> <span class='ocrx_word' id='word_1_73' title='bbox 438 1162 527 1215; x_wconf 91' lang='lat' dir='ltr'><strong>nocte</strong></span> <span class='ocrx_word' id='word_1_74' title='bbox 551 1154 656 1215; x_wconf 91' lang='lat' dir='ltr'><strong>eadem</strong></span> <span class='ocrx_word' id='word_1_75' title='bbox 688 1155 847 1217; x_wconf 90' lang='lat' dir='ltr'><strong>universae</strong></span> <span class='ocrx_word' id='word_1_76' title='bbox 882 1155 981 1214; x_wconf 92' lang='lat' dir='ltr'><strong>carnis</strong></span> <span class='ocrx_word' id='word_1_77' title='bbox 1015 1152 1148 1213; x_wconf 88' lang='lat' dir='ltr'><strong>debitum</strong></span> <span class='ocrx_word' id='word_1_78' title='bbox 1180 1155 1346 1215; x_wconf 81' lang='lat' dir='ltr'><strong>exsolvens</strong></span> 
     </span>
     <span class='ocr_line' id='line_1_10' title="bbox 160 1255 1347 1343; baseline -0.004 -19"><span class='ocrx_word' id='word_1_79' title='bbox 160 1261 243 1324; x_wconf 89' lang='lat' dir='ltr'><strong>diem</strong></span> <span class='ocrx_word' id='word_1_80' title='bbox 267 1261 417 1321; x_wconf 82' lang='lat' dir='ltr'><strong>clauserat</strong></span> <span class='ocrx_word' id='word_1_81' title='bbox 440 1266 617 1320; x_wconf 78' lang='lat' dir='ltr'><strong>extremum.</strong></span> <span class='ocrx_word' id='word_1_82' title='bbox 648 1256 735 1318; x_wconf 85' lang='lat' dir='ltr'><strong>Hunc</strong></span> <span class='ocrx_word' id='word_1_83' title='bbox 757 1275 817 1317; x_wconf 91' lang='lat' dir='ltr'><strong>non</strong></span> <span class='ocrx_word' id='word_1_84' title='bbox 842 1257 941 1316; x_wconf 87' lang='lat' dir='ltr'><strong>solum</strong></span> <span class='ocrx_word' id='word_1_85' title='bbox 962 1256 1051 1343; x_wconf 82' lang='lat' dir='ltr'><strong>lilius,</strong></span> <span class='ocrx_word' id='word_1_86' title='bbox 1073 1255 1127 1316; x_wconf 92' lang='lat' dir='ltr'><strong>sed</strong></span> <span class='ocrx_word' id='word_1_87' title='bbox 1151 1258 1263 1328; x_wconf 91' lang='lat' dir='ltr'><strong>cuncti,</strong></span> <span class='ocrx_word' id='word_1_88' title='bbox 1288 1260 1347 1336; x_wconf 87' lang='lat' dir='ltr'><strong>qui</strong></span> 
     </span>
     <span class='ocr_line' id='line_1_11' title="bbox 163 1351 1346 1441; baseline -0.005 -14"><span class='ocrx_word' id='word_1_89' title='bbox 163 1368 260 1429; x_wconf 89' lang='lat' dir='ltr'><strong>virum</strong></span> <span class='ocrx_word' id='word_1_90' title='bbox 283 1369 448 1435; x_wconf 91' lang='lat' dir='ltr'><strong>noverant,</strong></span> <span class='ocrx_word' id='word_1_91' title='bbox 462 1360 662 1441; x_wconf 84' lang='lat' dir='ltr'><strong>plangebant.</strong></span> <span class='ocrx_word' id='word_1_92' title='bbox 693 1361 750 1421; x_wconf 88' lang='lat' dir='ltr'><strong>Die</strong></span> <span class='ocrx_word' id='word_1_93' title='bbox 773 1360 853 1420; x_wconf 89' lang='lat' dir='ltr'><strong>lacto</strong></span> <span class='ocrx_word' id='word_1_94' title='bbox 873 1359 966 1438; x_wconf 82' lang='lat' dir='ltr'><strong>jussit</strong></span> <span class='ocrx_word' id='word_1_95' title='bbox 987 1351 1065 1421; x_wconf 83' lang='lat' dir='ltr'><strong>tilius</strong></span> <span class='ocrx_word' id='word_1_96' title='bbox 1088 1359 1232 1421; x_wconf 80' lang='lat' dir='ltr'><strong>defuncti.</strong></span> <span class='ocrx_word' id='word_1_97' title='bbox 1246 1363 1346 1439; x_wconf 88' lang='lat' dir='ltr'><strong>patris</strong></span> 
     </span>
     <span class='ocr_line' id='line_1_12' title="bbox 162 1462 1345 1548; baseline -0.002 -19"><span class='ocrx_word' id='word_1_98' title='bbox 162 1486 271 1548; x_wconf 87' lang='lat' dir='ltr'><strong>corpus</strong></span> <span class='ocrx_word' id='word_1_99' title='bbox 293 1469 324 1528; x_wconf 94' lang='lat' dir='ltr'><strong>in</strong></span> <span class='ocrx_word' id='word_1_100' title='bbox 345 1475 458 1528; x_wconf 88' lang='lat' dir='ltr'><strong>terram</strong></span> <span class='ocrx_word' id='word_1_101' title='bbox 480 1466 622 1528; x_wconf 89' lang='lat' dir='ltr'><strong>eductum</strong></span> <span class='ocrx_word' id='word_1_102' title='bbox 645 1468 718 1545; x_wconf 90' lang='lat' dir='ltr'><strong>poni</strong></span> <span class='ocrx_word' id='word_1_103' title='bbox 747 1467 778 1526; x_wconf 92' lang='lat' dir='ltr'><strong>in</strong></span> <span class='ocrx_word' id='word_1_104' title='bbox 794 1462 964 1546; x_wconf 86' lang='lat' dir='ltr'><strong>capellam,</strong></span> <span class='ocrx_word' id='word_1_105' title='bbox 998 1483 1074 1544; x_wconf 87' lang='lat' dir='ltr'><strong>quae</strong></span> <span class='ocrx_word' id='word_1_106' title='bbox 1105 1466 1146 1526; x_wconf 94' lang='lat' dir='ltr'><strong>ibi</strong></span> <span class='ocrx_word' id='word_1_107' title='bbox 1174 1468 1204 1525; x_wconf 91' lang='lat' dir='ltr'><strong>in</strong></span> <span class='ocrx_word' id='word_1_108' title='bbox 1227 1465 1345 1527; x_wconf 73' lang='lat' dir='ltr'><strong>&#39;littore</strong></span> 
     </span>
     <span class='ocr_line' id='line_1_13' title="bbox 161 1567 1345 1650; baseline -0.003 -17"><span class='ocrx_word' id='word_1_109' title='bbox 161 1579 241 1644; x_wconf 88' lang='lat' dir='ltr'><strong>erat,</strong></span> <span class='ocrx_word' id='word_1_110' title='bbox 265 1589 358 1650; x_wconf 91' lang='lat' dir='ltr'><strong>super</strong></span> <span class='ocrx_word' id='word_1_111' title='bbox 381 1569 462 1649; x_wconf 92' lang='lat' dir='ltr'><strong>quod</strong></span> <span class='ocrx_word' id='word_1_112' title='bbox 484 1568 546 1630; x_wconf 93' lang='lat' dir='ltr'><strong>illic</strong></span> <span class='ocrx_word' id='word_1_113' title='bbox 569 1571 701 1649; x_wconf 89' lang='lat' dir='ltr'><strong>positum</strong></span> <span class='ocrx_word' id='word_1_114' title='bbox 726 1570 844 1634; x_wconf 83' lang='lat' dir='ltr'><strong>irruens</strong></span> <span class='ocrx_word' id='word_1_115' title='bbox 867 1570 1022 1648; x_wconf 88' lang='lat' dir='ltr'><strong>planctum</strong></span> <span class='ocrx_word' id='word_1_116' title='bbox 1037 1586 1179 1647; x_wconf 82' lang='lat' dir='ltr'><strong>magnum</strong></span> <span class='ocrx_word' id='word_1_117' title='bbox 1200 1567 1285 1641; x_wconf 86' lang='lat' dir='ltr'><strong>iecit,</strong></span> <span class='ocrx_word' id='word_1_118' title='bbox 1312 1576 1345 1630; x_wconf 91' lang='lat' dir='ltr'><strong>et</strong></span> 
     </span>
     <span class='ocr_line' id='line_1_14' title="bbox 81 1671 1344 1754; baseline -0.002 -17"><span class='ocrx_word' id='word_1_119' title='bbox 81 1680 84 1685; x_wconf 83' lang='grc'><strong>’</strong></span> <span class='ocrx_word' id='word_1_120' title='bbox 161 1693 266 1736; x_wconf 89' lang='lat' dir='ltr'><strong>omnes</strong></span> <span class='ocrx_word' id='word_1_121' title='bbox 289 1673 441 1754; x_wconf 85' lang='lat' dir='ltr'><strong>galearum</strong></span> <span class='ocrx_word' id='word_1_122' title='bbox 464 1675 582 1752; x_wconf 89' lang='lat' dir='ltr'><strong>patroni</strong></span> <span class='ocrx_word' id='word_1_123' title='bbox 606 1679 636 1733; x_wconf 92' lang='lat' dir='ltr'><strong>et</strong></span> <span class='ocrx_word' id='word_1_124' title='bbox 659 1672 774 1733; x_wconf 92' lang='lat' dir='ltr'><strong>domini</strong></span> <span class='ocrx_word' id='word_1_125' title='bbox 797 1690 867 1732; x_wconf 88' lang='lat' dir='ltr'><strong>eum</strong></span> <span class='ocrx_word' id='word_1_126' title='bbox 891 1691 927 1733; x_wconf 91' lang='lat' dir='ltr'><strong>eo</strong></span> <span class='ocrx_word' id='word_1_127' title='bbox 949 1674 981 1733; x_wconf 91' lang='lat' dir='ltr'><strong>in</strong></span> <span class='ocrx_word' id='word_1_128' title='bbox 1003 1672 1087 1733; x_wconf 88' lang='lat' dir='ltr'><strong>luctu</strong></span> <span class='ocrx_word' id='word_1_129' title='bbox 1110 1679 1205 1739; x_wconf 87' lang='lat' dir='ltr'><strong>eraut.</strong></span> <span class='ocrx_word' id='word_1_130' title='bbox 1243 1671 1344 1735; x_wconf 88' lang='lat' dir='ltr'><strong>Missa</strong></span> 
     </span>
     <span class='ocr_line' id='line_1_15' title="bbox 160 1776 1342 1863; baseline -0.001 -24"><span class='ocrx_word' id='word_1_131' title='bbox 160 1784 262 1863; x_wconf 82' lang='lat' dir='ltr'><strong>autem</strong></span> <span class='ocrx_word' id='word_1_132' title='bbox 284 1777 362 1839; x_wconf 91' lang='lat' dir='ltr'><strong>dicta</strong></span> <span class='ocrx_word' id='word_1_133' title='bbox 385 1780 422 1838; x_wconf 88' lang='lat' dir='ltr'><strong>iu</strong></span> <span class='ocrx_word' id='word_1_134' title='bbox 439 1776 554 1855; x_wconf 89' lang='lat' dir='ltr'><strong>capella</strong></span> <span class='ocrx_word' id='word_1_135' title='bbox 577 1776 713 1861; x_wconf 84' lang='lat' dir='ltr'><strong>avulsum</strong></span> <span class='ocrx_word' id='word_1_136' title='bbox 736 1776 830 1836; x_wconf 83' lang='lat' dir='ltr'><strong>filiurn</strong></span> <span class='ocrx_word' id='word_1_137' title='bbox 859 1794 1025 1855; x_wconf 89' lang='lat' dir='ltr'><strong>acorpore</strong></span> <span class='ocrx_word' id='word_1_138' title='bbox 1053 1779 1084 1837; x_wconf 93' lang='lat' dir='ltr'><strong>in</strong></span> <span class='ocrx_word' id='word_1_139' title='bbox 1108 1778 1226 1855; x_wconf 82' lang='lat' dir='ltr'><strong>galcam</strong></span> <span class='ocrx_word' id='word_1_140' title='bbox 1248 1777 1342 1839; x_wconf 90' lang='lat' dir='ltr'><strong>redu·</strong></span> 
     </span>
     <span class='ocr_line' id='line_1_16' title="bbox 160 1879 1343 1967; baseline 0.002 -25"><span class='ocrx_word' id='word_1_141' title='bbox 160 1888 287 1952; x_wconf 84' lang='lat' dir='ltr'><strong>xerunt,</strong></span> <span class='ocrx_word' id='word_1_142' title='bbox 312 1898 423 1960; x_wconf 89' lang='lat' dir='ltr'><strong>corpus</strong></span> <span class='ocrx_word' id='word_1_143' title='bbox 438 1897 510 1941; x_wconf 91' lang='lat' dir='ltr'><strong>vero</strong></span> <span class='ocrx_word' id='word_1_144' title='bbox 526 1879 637 1967; x_wconf 87' lang='lat' dir='ltr'><strong>medici</strong></span> <span class='ocrx_word' id='word_1_145' title='bbox 660 1887 691 1940; x_wconf 88' lang='lat' dir='ltr'><strong>et</strong></span> <span class='ocrx_word' id='word_1_146' title='bbox 703 1880 927 1942; x_wconf 90' lang='lat' dir='ltr'><strong>barbitonsores</strong></span> <span class='ocrx_word' id='word_1_147' title='bbox 942 1899 1034 1960; x_wconf 88' lang='lat' dir='ltr'><strong>super</strong></span> <span class='ocrx_word' id='word_1_148' title='bbox 1048 1882 1180 1942; x_wconf 90' lang='lat' dir='ltr'><strong>tabulam</strong></span> <span class='ocrx_word' id='word_1_149' title='bbox 1195 1884 1343 1961; x_wconf 88' lang='lat' dir='ltr'><strong>supinum</strong></span> 
     </span>
     <span class='ocr_line' id='line_1_17' title="bbox 160 1984 1436 2065; baseline 0.002 -21"><span class='ocrx_word' id='word_1_150' title='bbox 160 1991 327 2065; x_wconf 91' lang='lat' dir='ltr'><strong>posuerunt</strong></span> <span class='ocrx_word' id='word_1_151' title='bbox 356 1985 502 2045; x_wconf 91' lang='lat' dir='ltr'><strong>novacula</strong></span> <span class='ocrx_word' id='word_1_152' title='bbox 534 1992 672 2046; x_wconf 88' lang='lat' dir='ltr'><strong>ventrem</strong></span> <span class='ocrx_word' id='word_1_153' title='bbox 703 1984 877 2061; x_wconf 84' lang='lat' dir='ltr'><strong>scindentes</strong></span> <span class='ocrx_word' id='word_1_154' title='bbox 901 1984 1087 2062; x_wconf 90' lang='lat' dir='ltr'><strong>ajuncturis</strong></span> <span class='ocrx_word' id='word_1_155' title='bbox 1111 1991 1264 2045; x_wconf 90' lang='lat' dir='ltr'><strong>costarum</strong></span> <span class='ocrx_word' id='word_1_156' title='bbox 1289 2004 1342 2046; x_wconf 89' lang='lat' dir='ltr'><strong>us·</strong></span> <span class='ocrx_word' id='word_1_157' title='bbox 1432 1996 1436 2055; x_wconf 79' lang='grc' dir='ltr'><em>ξ</em></span> 
     </span>
     <span class='ocr_line' id='line_1_18' title="bbox 161 2068 1435 2168; baseline 0.002 -20"><span class='ocrx_word' id='word_1_158' title='bbox 161 2104 219 2166; x_wconf 88' lang='lat' dir='ltr'><strong>que</strong></span> <span class='ocrx_word' id='word_1_159' title='bbox 244 2087 282 2148; x_wconf 91' lang='lat' dir='ltr'><strong>ad</strong></span> <span class='ocrx_word' id='word_1_160' title='bbox 305 2068 461 2166; x_wconf 84' lang='lat' dir='ltr'><strong>genitalia,</strong></span> <span class='ocrx_word' id='word_1_161' title='bbox 497 2086 655 2166; x_wconf 86' lang='lat' dir='ltr'><strong>ejicientes</strong></span> <span class='ocrx_word' id='word_1_162' title='bbox 684 2092 783 2150; x_wconf 89' lang='lat' dir='ltr'><strong>omnia</strong></span> <span class='ocrx_word' id='word_1_163' title='bbox 804 2092 947 2159; x_wconf 86' lang='lat' dir='ltr'><strong>intestina</strong></span> <span class='ocrx_word' id='word_1_164' title='bbox 974 2079 1008 2149; x_wconf 51' lang='lat' dir='ltr'><strong>in¹</strong></span> <span class='ocrx_word' id='word_1_165' title='bbox 1028 2091 1171 2168; x_wconf 85' lang='lat' dir='ltr'><strong>angulum</strong></span> <span class='ocrx_word' id='word_1_166' title='bbox 1202 2090 1342 2168; x_wconf 84' lang='lat' dir='ltr'><strong>capellae</strong></span> <span class='ocrx_word' id='word_1_167' title='bbox 1432 2074 1435 2107; x_wconf 68' lang='lat'><em>⁶</em></span> 
     </span>
     <span class='ocr_line' id='line_1_19' title="bbox 160 2184 1342 2271; baseline 0.003 -20"><span class='ocrx_word' id='word_1_168' title='bbox 160 2188 335 2270; x_wconf 73' lang='lat' dir='ltr'><strong>sepelienda</strong></span> <span class='ocrx_word' id='word_1_169' title='bbox 356 2189 546 2264; x_wconf 88' lang='lat' dir='ltr'><strong>locaverunt,</strong></span> <span class='ocrx_word' id='word_1_170' title='bbox 581 2193 682 2270; x_wconf 91' lang='lat' dir='ltr'><strong>ipsum</strong></span> <span class='ocrx_word' id='word_1_171' title='bbox 704 2210 776 2255; x_wconf 91' lang='lat' dir='ltr'><strong>vero</strong></span> <span class='ocrx_word' id='word_1_172' title='bbox 808 2211 919 2271; x_wconf 93' lang='lat' dir='ltr'><strong>corpus</strong></span> <span class='ocrx_word' id='word_1_173' title='bbox 949 2184 1026 2270; x_wconf 81' lang='lat' dir='ltr'><strong>aqua</strong></span> <span class='ocrx_word' id='word_1_174' title='bbox 1055 2195 1169 2254; x_wconf 89' lang='lat' dir='ltr'><strong>marina</strong></span> <span class='ocrx_word' id='word_1_175' title='bbox 1191 2194 1342 2266; x_wconf 89' lang='lat' dir='ltr'><strong>laverunt,</strong></span> 
     </span>
     <span class='ocr_line' id='line_1_20' title="bbox 161 2278 1343 2374; baseline 0.003 -18"><span class='ocrx_word' id='word_1_176' title='bbox 161 2313 283 2356; x_wconf 88' lang='lat' dir='ltr'><strong>omnem</strong></span> <span class='ocrx_word' id='word_1_177' title='bbox 306 2298 482 2374; x_wconf 84' lang='lat' dir='ltr'><strong>sanguinem</strong></span> <span class='ocrx_word' id='word_1_178' title='bbox 505 2297 587 2356; x_wconf 88' lang='lat' dir='ltr'><strong>intus</strong></span> <span class='ocrx_word' id='word_1_179' title='bbox 611 2302 643 2356; x_wconf 88' lang='lat' dir='ltr'><strong>et</strong></span> <span class='ocrx_word' id='word_1_180' title='bbox 665 2302 748 2357; x_wconf 82' lang='lat' dir='ltr'><strong>extra</strong></span> <span class='ocrx_word' id='word_1_181' title='bbox 771 2303 970 2358; x_wconf 76' lang='lat' dir='ltr'><strong>emerserunt.</strong></span> <span class='ocrx_word' id='word_1_182' title='bbox 1002 2296 1145 2369; x_wconf 85' lang='lat' dir='ltr'><strong>Quamvis</strong></span> <span class='ocrx_word' id='word_1_183' title='bbox 1169 2278 1272 2358; x_wconf 85' lang='lat' dir='ltr'><strong>autem</strong></span> <span class='ocrx_word' id='word_1_184' title='bbox 1295 2300 1343 2361; x_wconf 92' lang='lat' dir='ltr'><strong>vir</strong></span> 
     </span>
    </p>
   </div>
   <div class='ocr_carea' id='block_1_2' title="bbox 159 2399 1437 2480">
    <p class='ocr_par' dir='ltr' id='par_1_3' title="bbox 159 2399 1437 2480">
     <span class='ocr_line' id='line_1_21' title="bbox 159 2399 1437 2480; baseline 0.002 -21"><span class='ocrx_word' id='word_1_185' title='bbox 159 2399 211 2460; x_wconf 91' lang='lat' dir='ltr'><strong>ille</strong></span> <span class='ocrx_word' id='word_1_186' title='bbox 234 2400 414 2460; x_wconf 85' lang='lat' dir='ltr'><strong>macilentus</strong></span> <span class='ocrx_word' id='word_1_187' title='bbox 438 2406 521 2459; x_wconf 91' lang='lat' dir='ltr'><strong>esset</strong></span> <span class='ocrx_word' id='word_1_188' title='bbox 544 2401 579 2461; x_wconf 87' lang='lat' dir='ltr'><strong>ab</strong></span> <span class='ocrx_word' id='word_1_189' title='bbox 603 2404 694 2471; x_wconf 84' lang='lat' dir='ltr'><strong>extra,</strong></span> <span class='ocrx_word' id='word_1_190' title='bbox 727 2406 828 2461; x_wconf 90' lang='lat' dir='ltr'><strong>tamen</strong></span> <span class='ocrx_word' id='word_1_191' title='bbox 850 2403 992 2461; x_wconf 90' lang='lat' dir='ltr'><strong>intestina</strong></span> <span class='ocrx_word' id='word_1_192' title='bbox 1014 2407 1045 2461; x_wconf 91' lang='lat' dir='ltr'><strong>et</strong></span> <span class='ocrx_word' id='word_1_193' title='bbox 1067 2401 1117 2460; x_wconf 90' lang='lat' dir='ltr'><strong>ilia</strong></span> <span class='ocrx_word' id='word_1_194' title='bbox 1140 2402 1342 2479; x_wconf 83' lang='lat' dir='ltr'><strong>pinguissima</strong></span> <span class='ocrx_word' id='word_1_195' title='bbox 1436 2419 1437 2480; x_wconf 50' lang='grc' dir='ltr'>ξ</span> 
     </span>
    </p>
   </div>
   <div class='ocr_carea' id='block_1_3' title="bbox 161 2489 1437 2792">
    <p class='ocr_par' dir='ltr' id='par_1_4' title="bbox 161 2489 1437 2792">
     <span class='ocr_line' id='line_1_22' title="bbox 162 2489 1437 2594; baseline 0.003 -32"><span class='ocrx_word' id='word_1_196' title='bbox 162 2510 263 2575; x_wconf 88' lang='lat' dir='ltr'><strong>erant,</strong></span> <span class='ocrx_word' id='word_1_197' title='bbox 298 2509 329 2564; x_wconf 91' lang='lat' dir='ltr'><strong>et</strong></span> <span class='ocrx_word' id='word_1_198' title='bbox 351 2509 579 2594; x_wconf 85' lang='lat' dir='ltr'><strong>totumcorpus</strong></span> <span class='ocrx_word' id='word_1_199' title='bbox 604 2506 639 2564; x_wconf 91' lang='lat' dir='ltr'><strong>ab</strong></span> <span class='ocrx_word' id='word_1_200' title='bbox 663 2507 744 2565; x_wconf 91' lang='lat' dir='ltr'><strong>intus</strong></span> <span class='ocrx_word' id='word_1_201' title='bbox 768 2512 832 2566; x_wconf 92' lang='lat' dir='ltr'><strong>erat</strong></span> <span class='ocrx_word' id='word_1_202' title='bbox 854 2503 1038 2586; x_wconf 84' lang='lat' dir='ltr'><strong>pinguedine</strong></span> <span class='ocrx_word' id='word_1_203' title='bbox 1060 2507 1220 2576; x_wconf 88' lang='lat' dir='ltr'><strong>vestitum,</strong></span> <span class='ocrx_word' id='word_1_204' title='bbox 1255 2522 1292 2566; x_wconf 91' lang='lat' dir='ltr'><strong>ac</strong></span> <span class='ocrx_word' id='word_1_205' title='bbox 1316 2507 1342 2566; x_wconf 91' lang='lat' dir='ltr'><strong>si</strong></span> <span class='ocrx_word' id='word_1_206' title='bbox 1436 2489 1437 2526; x_wconf 66' lang='lat'>³</span> 
     </span>
     <span class='ocr_line' id='line_1_23' title="bbox 161 2606 1341 2686; baseline 0.001 -18"><span class='ocrx_word' id='word_1_207' title='bbox 161 2614 245 2668; x_wconf 85' lang='lat' dir='ltr'><strong>esset</strong></span> <span class='ocrx_word' id='word_1_208' title='bbox 266 2606 467 2686; x_wconf 91' lang='lat' dir='ltr'><strong>pulcherrima</strong></span> <span class='ocrx_word' id='word_1_209' title='bbox 499 2625 568 2668; x_wconf 90' lang='lat' dir='ltr'><strong>cera</strong></span> <span class='ocrx_word' id='word_1_210' title='bbox 603 2606 776 2668; x_wconf 91' lang='lat' dir='ltr'><strong>obductum.</strong></span> <span class='ocrx_word' id='word_1_211' title='bbox 822 2607 864 2668; x_wconf 86' lang='lat' dir='ltr'><strong>Eo</strong></span> <span class='ocrx_word' id='word_1_212' title='bbox 888 2615 989 2668; x_wconf 88' lang='lat' dir='ltr'><strong>autem</strong></span> <span class='ocrx_word' id='word_1_213' title='bbox 1022 2615 1195 2668; x_wconf 83' lang='lat' dir='ltr'><strong>exenterato</strong></span> <span class='ocrx_word' id='word_1_214' title='bbox 1224 2614 1254 2669; x_wconf 90' lang='lat' dir='ltr'><strong>et</strong></span> <span class='ocrx_word' id='word_1_215' title='bbox 1278 2608 1341 2669; x_wconf 91' lang='lat' dir='ltr'><strong>loto</strong></span> 
     </span>
     <span class='ocr_line' id='line_1_24' title="bbox 163 2709 1341 2792; baseline 0.004 -22"><span class='ocrx_word' id='word_1_216' title='bbox 163 2709 342 2789; x_wconf 88' lang='lat' dir='ltr'><strong>quibusdam</strong></span> <span class='ocrx_word' id='word_1_217' title='bbox 373 2711 589 2771; x_wconf 86' lang='lat' dir='ltr'><strong>conservativis</strong></span> <span class='ocrx_word' id='word_1_218' title='bbox 622 2713 784 2789; x_wconf 87' lang='lat' dir='ltr'><strong>unguentis</strong></span> <span class='ocrx_word' id='word_1_219' title='bbox 817 2715 917 2791; x_wconf 89' lang='lat' dir='ltr'><strong>ipsum</strong></span> <span class='ocrx_word' id='word_1_220' title='bbox 937 2715 1126 2773; x_wconf 79' lang='lat' dir='ltr'><strong>¹inunxerunt</strong></span> <span class='ocrx_word' id='word_1_221' title='bbox 1152 2719 1189 2787; x_wconf 61' lang='lat' dir='ltr'><strong>vet</strong></span> <span class='ocrx_word' id='word_1_222' title='bbox 1213 2715 1341 2792; x_wconf 88' lang='lat' dir='ltr'><strong>copioso</strong></span> 
     </span>
    </p>
   </div>
   <div class='ocr_carea' id='block_1_4' title="bbox 162 2813 1341 2899">
    <p class='ocr_par' dir='ltr' id='par_1_5' title="bbox 162 2813 1437 2902">
     <span class='ocr_line' id='line_1_25' title="bbox 162 2813 1341 2899; baseline 0.008 -27"><span class='ocrx_word' id='word_1_223' title='bbox 162 2813 225 2872; x_wconf 91' lang='lat' dir='ltr'><strong>sale</strong></span> <span class='ocrx_word' id='word_1_224' title='bbox 242 2813 347 2873; x_wconf 57' lang='lat' dir='ltr'><strong>&#39;iniusso</strong></span> <span class='ocrx_word' id='word_1_225' title='bbox 373 2814 454 2873; x_wconf 91' lang='lat' dir='ltr'><strong>sicco</strong></span> <span class='ocrx_word' id='word_1_226' title='bbox 477 2816 620 2874; x_wconf 89' lang='lat' dir='ltr'><strong>stramine</strong></span> <span class='ocrx_word' id='word_1_227' title='bbox 644 2816 757 2875; x_wconf 89' lang='lat' dir='ltr'><strong>ventris</strong></span> <span class='ocrx_word' id='word_1_228' title='bbox 781 2818 981 2883; x_wconf 88' lang='lat' dir='ltr'><strong>vaccuitatem</strong></span> <span class='ocrx_word' id='word_1_229' title='bbox 1004 2817 1199 2897; x_wconf 90' lang='lat' dir='ltr'><strong>repleverunt</strong></span> <span class='ocrx_word' id='word_1_230' title='bbox 1223 2824 1268 2899; x_wconf 15' lang='lat' dir='ltr'><strong>et*</strong></span> <span class='ocrx_word' id='word_1_231' title='bbox 1284 2838 1341 2881; x_wconf 91' lang='lat' dir='ltr'><strong>acu</strong></span> 
     </span>
    </p>
   </div>
   <div class='ocr_carea' id='block_1_5' title="bbox 159 2917 1343 4258">
    <p class='ocr_par' dir='ltr' id='par_1_6' title="bbox 159 2917 1342 4028">
     <span class='ocr_line' id='line_1_26' title="bbox 161 2917 1341 3004; baseline 0.01 -28"><span class='ocrx_word' id='word_1_232' title='bbox 161 2917 309 2976; x_wconf 89' lang='lat' dir='ltr'><strong>cissuram</strong></span> <span class='ocrx_word' id='word_1_233' title='bbox 333 2925 505 2978; x_wconf 92' lang='lat' dir='ltr'><strong>resuerunt.</strong></span> <span class='ocrx_word' id='word_1_234' title='bbox 549 2917 583 2978; x_wconf 92' lang='lat' dir='ltr'><strong>ln</strong></span> <span class='ocrx_word' id='word_1_235' title='bbox 617 2919 727 2981; x_wconf 83' lang='lat' dir='ltr'><strong>oeulos</strong></span> <span class='ocrx_word' id='word_1_236' title='bbox 746 2927 848 2980; x_wconf 89' lang='lat' dir='ltr'><strong>autem</strong></span> <span class='ocrx_word' id='word_1_237' title='bbox 880 2919 945 2998; x_wconf 83' lang='lat' dir='ltr'><strong>ejus</strong></span> <span class='ocrx_word' id='word_1_238' title='bbox 968 2922 1138 2983; x_wconf 91' lang='lat' dir='ltr'><strong>bombicem</strong></span> <span class='ocrx_word' id='word_1_239' title='bbox 1161 2935 1341 3004; x_wconf 90' lang='lat' dir='ltr'><strong>posuerunt,</strong></span> 
     </span>
     <span class='ocr_line' id='line_1_27' title="bbox 161 3010 1342 3105; baseline 0.011 -26"><span class='ocrx_word' id='word_1_240' title='bbox 161 3020 301 3080; x_wconf 90' lang='lat' dir='ltr'><strong>similiter</strong></span> <span class='ocrx_word' id='word_1_241' title='bbox 323 3027 353 3079; x_wconf 92' lang='lat' dir='ltr'><strong>et</strong></span> <span class='ocrx_word' id='word_1_242' title='bbox 377 3039 465 3082; x_wconf 89' lang='lat' dir='ltr'><strong>aures</strong></span> <span class='ocrx_word' id='word_1_243' title='bbox 488 3025 626 3085; x_wconf 87' lang='lat' dir='ltr'><strong>bombice</strong></span> <span class='ocrx_word' id='word_1_244' title='bbox 651 3017 870 3105; x_wconf 82' lang='lat' dir='ltr'><strong>obstruxerunt.</strong></span> <span class='ocrx_word' id='word_1_245' title='bbox 917 3029 1063 3090; x_wconf 81' lang='lat' dir='ltr'><strong>Fecerant</strong></span> <span class='ocrx_word' id='word_1_246' title='bbox 1091 3010 1182 3093; x_wconf 87' lang='lat' dir='ltr'><strong>etiam</strong></span> <span class='ocrx_word' id='word_1_247' title='bbox 1204 3031 1342 3094; x_wconf 92' lang='lat' dir='ltr'><strong>loculum</strong></span> 
     </span>
     <span class='ocr_line' id='line_1_28' title="bbox 161 3126 1340 3215; baseline 0.014 -33"><span class='ocrx_word' id='word_1_248' title='bbox 161 3141 197 3183; x_wconf 86' lang='lat' dir='ltr'><strong>er</strong></span> <span class='ocrx_word' id='word_1_249' title='bbox 221 3126 372 3189; x_wconf 89' lang='lat' dir='ltr'><strong>asseribus</strong></span> <span class='ocrx_word' id='word_1_250' title='bbox 403 3133 433 3185; x_wconf 92' lang='lat' dir='ltr'><strong>et</strong></span> <span class='ocrx_word' id='word_1_251' title='bbox 455 3129 554 3206; x_wconf 90' lang='lat' dir='ltr'><strong>ipsum</strong></span> <span class='ocrx_word' id='word_1_252' title='bbox 578 3130 658 3189; x_wconf 90' lang='lat' dir='ltr'><strong>intus</strong></span> <span class='ocrx_word' id='word_1_253' title='bbox 692 3136 722 3190; x_wconf 94' lang='lat' dir='ltr'><strong>et</strong></span> <span class='ocrx_word' id='word_1_254' title='bbox 746 3137 828 3191; x_wconf 85' lang='lat' dir='ltr'><strong>extra</strong></span> <span class='ocrx_word' id='word_1_255' title='bbox 851 3130 964 3193; x_wconf 77' lang='lat' dir='ltr'><strong>lervida&#39;</strong></span> <span class='ocrx_word' id='word_1_256' title='bbox 987 3134 1055 3211; x_wconf 89' lang='lat' dir='ltr'><strong>pice</strong></span> <span class='ocrx_word' id='word_1_257' title='bbox 1077 3136 1210 3215; x_wconf 88' lang='lat' dir='ltr'><strong>undique</strong></span> <span class='ocrx_word' id='word_1_258' title='bbox 1235 3137 1340 3215; x_wconf 87' lang='lat' dir='ltr'><strong>periu-</strong></span> 
     </span>
     <span class='ocr_line' id='line_1_29' title="bbox 159 3227 1341 3314; baseline 0.014 -28"><span class='ocrx_word' id='word_1_259' title='bbox 159 3227 284 3299; x_wconf 91' lang='lat' dir='ltr'><strong>deruut,</strong></span> <span class='ocrx_word' id='word_1_260' title='bbox 318 3233 379 3307; x_wconf 86' lang='lat' dir='ltr'><strong>quo</strong></span> <span class='ocrx_word' id='word_1_261' title='bbox 401 3239 526 3308; x_wconf 90' lang='lat' dir='ltr'><strong>peracto</strong></span> <span class='ocrx_word' id='word_1_262' title='bbox 551 3231 850 3310; x_wconf 89' lang='lat' dir='ltr'><strong>corpusinvolutum</strong></span> <span class='ocrx_word' id='word_1_263' title='bbox 873 3237 1082 3314; x_wconf 90' lang='lat' dir='ltr'><strong>imposuerunt</strong></span> <span class='ocrx_word' id='word_1_264' title='bbox 1111 3247 1143 3300; x_wconf 89' lang='lat' dir='ltr'><strong>et</strong></span> <span class='ocrx_word' id='word_1_265' title='bbox 1164 3240 1341 3303; x_wconf 89' lang='lat' dir='ltr'><strong>firmissime</strong></span> 
     </span>
     <span class='ocr_line' id='line_1_30' title="bbox 163 3317 1341 3423; baseline 0.014 -35"><span class='ocrx_word' id='word_1_266' title='bbox 163 3330 254 3391; x_wconf 86' lang='lat' dir='ltr'><strong>clavis</strong></span> <span class='ocrx_word' id='word_1_267' title='bbox 278 3328 489 3394; x_wconf 72' lang='lat' dir='ltr'><strong>obstruierunt</strong></span> <span class='ocrx_word' id='word_1_268' title='bbox 512 3337 596 3395; x_wconf 91' lang='lat' dir='ltr'><strong>rimis</strong></span> <span class='ocrx_word' id='word_1_269' title='bbox 620 3337 720 3413; x_wconf 88' lang='lat' dir='ltr'><strong>picem</strong></span> <span class='ocrx_word' id='word_1_270' title='bbox 742 3317 953 3408; x_wconf 74' lang='lat' dir='ltr'><strong>infundentes,</strong></span> <span class='ocrx_word' id='word_1_271' title='bbox 984 3341 1024 3399; x_wconf 91' lang='lat' dir='ltr'><strong>ita</strong></span> <span class='ocrx_word' id='word_1_272' title='bbox 1048 3341 1129 3417; x_wconf 88' lang='lat' dir='ltr'><strong>quod</strong></span> <span class='ocrx_word' id='word_1_273' title='bbox 1162 3359 1220 3402; x_wconf 91' lang='lat' dir='ltr'><strong>nec</strong></span> <span class='ocrx_word' id='word_1_274' title='bbox 1243 3346 1341 3423; x_wconf 90' lang='lat' dir='ltr'><strong>spira-</strong></span> 
     </span>
     <span class='ocr_line' id='line_1_31' title="bbox 161 3436 1341 3523; baseline 0.009 -26"><span class='ocrx_word' id='word_1_275' title='bbox 161 3436 263 3497; x_wconf 91' lang='lat' dir='ltr'><strong>culum</strong></span> <span class='ocrx_word' id='word_1_276' title='bbox 286 3437 407 3515; x_wconf 88' lang='lat' dir='ltr'><strong>aliquod</strong></span> <span class='ocrx_word' id='word_1_277' title='bbox 430 3456 593 3518; x_wconf 88' lang='lat' dir='ltr'><strong>evaporare</strong></span> <span class='ocrx_word' id='word_1_278' title='bbox 616 3446 743 3519; x_wconf 88' lang='lat' dir='ltr'><strong>poterat.</strong></span> <span class='ocrx_word' id='word_1_279' title='bbox 788 3440 824 3500; x_wconf 89' lang='lat' dir='ltr'><strong>Et</strong></span> <span class='ocrx_word' id='word_1_280' title='bbox 847 3442 892 3501; x_wconf 92' lang='lat' dir='ltr'><strong>his</strong></span> <span class='ocrx_word' id='word_1_281' title='bbox 921 3438 1008 3503; x_wconf 87' lang='lat' dir='ltr'><strong>iaot&#39;is</strong></span> <span class='ocrx_word' id='word_1_282' title='bbox 1031 3445 1172 3506; x_wconf 90' lang='lat' dir='ltr'><strong>intestina</strong></span> <span class='ocrx_word' id='word_1_283' title='bbox 1195 3447 1341 3523; x_wconf 83' lang='lat' dir='ltr'><strong>sepelivi·</strong></span> 
     </span>
     <span class='ocr_line' id='line_1_32' title="bbox 163 3526 1342 3624; baseline 0.013 -28"><span class='ocrx_word' id='word_1_284' title='bbox 163 3555 232 3597; x_wconf 90' lang='lat' dir='ltr'><strong>mus</strong></span> <span class='ocrx_word' id='word_1_285' title='bbox 255 3540 285 3599; x_wconf 93' lang='lat' dir='ltr'><strong>in</strong></span> <span class='ocrx_word' id='word_1_286' title='bbox 309 3540 440 3618; x_wconf 87' lang='lat' dir='ltr'><strong>capella,</strong></span> <span class='ocrx_word' id='word_1_287' title='bbox 463 3543 596 3604; x_wconf 91' lang='lat' dir='ltr'><strong>loculum</strong></span> <span class='ocrx_word' id='word_1_288' title='bbox 618 3526 690 3605; x_wconf 90' lang='lat' dir='ltr'><strong>vero</strong></span> <span class='ocrx_word' id='word_1_289' title='bbox 714 3563 783 3609; x_wconf 92' lang='lat' dir='ltr'><strong>cum</strong></span> <span class='ocrx_word' id='word_1_290' title='bbox 800 3556 928 3624; x_wconf 89' lang='lat' dir='ltr'><strong>corpore</strong></span> <span class='ocrx_word' id='word_1_291' title='bbox 943 3545 1126 3608; x_wconf 79' lang='lat' dir='ltr'><strong>reduxerunt</strong></span> <span class='ocrx_word' id='word_1_292' title='bbox 1147 3550 1177 3609; x_wconf 90' lang='lat' dir='ltr'><strong>in</strong></span> <span class='ocrx_word' id='word_1_293' title='bbox 1201 3555 1342 3612; x_wconf 85' lang='lat' dir='ltr'><strong>nostram</strong></span> 
     </span>
     <span class='ocr_line' id='line_1_33' title="bbox 162 3640 1341 3729; baseline 0.017 -32"><span class='ocrx_word' id='word_1_294' title='bbox 162 3640 287 3718; x_wconf 80' lang='lat' dir='ltr'><strong>galeam,</strong></span> <span class='ocrx_word' id='word_1_295' title='bbox 311 3648 341 3700; x_wconf 89' lang='lat' dir='ltr'><strong>et</strong></span> <span class='ocrx_word' id='word_1_296' title='bbox 363 3644 393 3703; x_wconf 91' lang='lat' dir='ltr'><strong>in</strong></span> <span class='ocrx_word' id='word_1_297' title='bbox 418 3649 517 3707; x_wconf 91' lang='lat' dir='ltr'><strong>carina</strong></span> <span class='ocrx_word' id='word_1_298' title='bbox 540 3649 595 3709; x_wconf 90' lang='lat' dir='ltr'><strong>sub</strong></span> <span class='ocrx_word' id='word_1_299' title='bbox 618 3650 722 3710; x_wconf 92' lang='lat' dir='ltr'><strong>sabulo</strong></span> <span class='ocrx_word' id='word_1_300' title='bbox 745 3667 839 3729; x_wconf 88' lang='lat' dir='ltr'><strong>prope</strong></span> <span class='ocrx_word' id='word_1_301' title='bbox 863 3654 1013 3712; x_wconf 88' lang='lat' dir='ltr'><strong>sentinam</strong></span> <span class='ocrx_word' id='word_1_302' title='bbox 1034 3652 1264 3725; x_wconf 83' lang='lat' dir='ltr'><strong>absconderunt,</strong></span> <span class='ocrx_word' id='word_1_303' title='bbox 1290 3673 1341 3716; x_wconf 90' lang='lat' dir='ltr'><strong>re-</strong></span> 
     </span>
     <span class='ocr_line' id='line_1_34' title="bbox 160 3748 1341 3838; baseline 0.018 -36"><span class='ocrx_word' id='word_1_304' title='bbox 160 3748 309 3821; x_wconf 90' lang='lat' dir='ltr'><strong>ponentes</strong></span> <span class='ocrx_word' id='word_1_305' title='bbox 333 3761 453 3808; x_wconf 91' lang='lat' dir='ltr'><strong>arenam</strong></span> <span class='ocrx_word' id='word_1_306' title='bbox 484 3756 514 3810; x_wconf 92' lang='lat' dir='ltr'><strong>et</strong></span> <span class='ocrx_word' id='word_1_307' title='bbox 537 3764 642 3813; x_wconf 86' lang='lat' dir='ltr'><strong>saccos</strong></span> <span class='ocrx_word' id='word_1_308' title='bbox 666 3755 836 3832; x_wconf 88' lang='lat' dir='ltr'><strong>specierum</strong></span> <span class='ocrx_word' id='word_1_309' title='bbox 859 3763 902 3816; x_wconf 85' lang='lat' dir='ltr'><strong>&#39;et</strong></span> <span class='ocrx_word' id='word_1_310' title='bbox 924 3755 996 3826; x_wconf 90' lang='lat' dir='ltr'><strong>alia,</strong></span> <span class='ocrx_word' id='word_1_311' title='bbox 1026 3772 1102 3833; x_wconf 89' lang='lat' dir='ltr'><strong>quae</strong></span> <span class='ocrx_word' id='word_1_312' title='bbox 1125 3760 1209 3836; x_wconf 86' lang='lat' dir='ltr'><strong>prius</strong></span> <span class='ocrx_word' id='word_1_313' title='bbox 1231 3760 1271 3820; x_wconf 92' lang='lat' dir='ltr'><strong>ibi</strong></span> <span class='ocrx_word' id='word_1_314' title='bbox 1292 3760 1341 3838; x_wconf 75' lang='lat' dir='ltr'><strong>Ja-</strong></span> 
     </span>
     <span class='ocr_line' id='line_1_35' title="bbox 162 3845 1342 3940; baseline 0.016 -34"><span class='ocrx_word' id='word_1_315' title='bbox 162 3851 295 3915; x_wconf 90' lang='lat' dir='ltr'><strong>cuerant,</strong></span> <span class='ocrx_word' id='word_1_316' title='bbox 318 3849 359 3907; x_wconf 90' lang='lat' dir='ltr'><strong>ita</strong></span> <span class='ocrx_word' id='word_1_317' title='bbox 381 3851 463 3928; x_wconf 87' lang='lat' dir='ltr'><strong>quod</strong></span> <span class='ocrx_word' id='word_1_318' title='bbox 485 3871 575 3915; x_wconf 88' lang='lat' dir='ltr'><strong>nemo</strong></span> <span class='ocrx_word' id='word_1_319' title='bbox 598 3862 717 3936; x_wconf 89' lang='lat' dir='ltr'><strong>poterat</strong></span> <span class='ocrx_word' id='word_1_320' title='bbox 737 3860 825 3932; x_wconf 90' lang='lat' dir='ltr'><strong>scire,</strong></span> <span class='ocrx_word' id='word_1_321' title='bbox 848 3862 899 3922; x_wconf 93' lang='lat' dir='ltr'><strong>ubi</strong></span> <span class='ocrx_word' id='word_1_322' title='bbox 922 3845 1031 3940; x_wconf 78' lang='lat' dir='ltr'><strong>corpus</strong></span> <span class='ocrx_word' id='word_1_323' title='bbox 1050 3860 1180 3938; x_wconf 88' lang='lat' dir='ltr'><strong>jaceret,</strong></span> <span class='ocrx_word' id='word_1_324' title='bbox 1203 3863 1262 3922; x_wconf 86' lang='lat' dir='ltr'><strong>nisi</strong></span> <span class='ocrx_word' id='word_1_325' title='bbox 1287 3866 1342 3938; x_wconf 92' lang='lat' dir='ltr'><strong>illi,</strong></span> 
     </span>
     <span class='ocr_line' id='line_1_36' title="bbox 162 3949 585 4028; baseline 0.021 -20"><span class='ocrx_word' id='word_1_326' title='bbox 162 3949 214 4026; x_wconf 90' lang='lat' dir='ltr'><strong>qui</strong></span> <span class='ocrx_word' id='word_1_327' title='bbox 234 3949 334 4028; x_wconf 91' lang='lat' dir='ltr'><strong>ipsum</strong></span> <span class='ocrx_word' id='word_1_328' title='bbox 357 3953 585 4018; x_wconf 87' lang='lat' dir='ltr'><strong>absconderant.</strong></span> 
     </span>
    </p>

    <p class='ocr_par' dir='ltr' id='par_1_7' title="bbox 163 4053 1343 4258">
     <span class='ocr_line' id='line_1_37' title="bbox 249 4053 1343 4152; baseline 0.026 -39"><span class='ocrx_word' id='word_1_329' title='bbox 249 4053 342 4114; x_wconf 88' lang='lat' dir='ltr'><strong>llunc</strong></span> <span class='ocrx_word' id='word_1_330' title='bbox 359 4059 456 4118; x_wconf 90' lang='lat' dir='ltr'><strong>virum</strong></span> <span class='ocrx_word' id='word_1_331' title='bbox 480 4065 549 4118; x_wconf 88' lang='lat' dir='ltr'><strong>ante</strong></span> <span class='ocrx_word' id='word_1_332' title='bbox 573 4080 686 4140; x_wconf 91' lang='lat' dir='ltr'><strong>paucos</strong></span> <span class='ocrx_word' id='word_1_333' title='bbox 717 4065 781 4127; x_wconf 82' lang='lat' dir='ltr'><strong>dies</strong></span> <span class='ocrx_word' id='word_1_334' title='bbox 803 4067 932 4131; x_wconf 91' lang='lat' dir='ltr'><strong>vidimus</strong></span> <span class='ocrx_word' id='word_1_335' title='bbox 958 4069 1035 4131; x_wconf 80' lang='lat' dir='ltr'><strong>(loiri</strong></span> <span class='ocrx_word' id='word_1_336' title='bbox 1058 4073 1089 4132; x_wconf 91' lang='lat' dir='ltr'><strong>in</strong></span> <span class='ocrx_word' id='word_1_337' title='bbox 1111 4089 1218 4152; x_wconf 86' lang='lat' dir='ltr'><strong>magua</strong></span> <span class='ocrx_word' id='word_1_338' title='bbox 1241 4075 1343 4152; x_wconf 84' lang='lat' dir='ltr'><strong>gloria</strong></span> 
     </span>
     <span class='ocr_line' id='line_1_38' title="bbox 163 4154 1341 4258; baseline 0.026 -43"><span class='ocrx_word' id='word_1_339' title='bbox 163 4160 195 4216; x_wconf 90' lang='lat' dir='ltr'><strong>et</strong></span> <span class='ocrx_word' id='word_1_340' title='bbox 215 4154 430 4233; x_wconf 79' lang='lat' dir='ltr'><strong>Alexandriae,</strong></span> <span class='ocrx_word' id='word_1_341' title='bbox 453 4161 533 4222; x_wconf 91' lang='lat' dir='ltr'><strong>sicut</strong></span> <span class='ocrx_word' id='word_1_342' title='bbox 554 4171 638 4249; x_wconf 87' lang='lat' dir='ltr'><strong>patet</strong></span> <span class='ocrx_word' id='word_1_343' title='bbox 659 4186 750 4249; x_wconf 87' lang='lat' dir='ltr'><strong>supra</strong></span> <span class='ocrx_word' id='word_1_344' title='bbox 771 4169 834 4231; x_wconf 78' lang='lat' dir='ltr'><strong>vol.</strong></span> <span class='ocrx_word' id='word_1_345' title='bbox 850 4167 937 4249; x_wconf 70' lang='lat'><strong>851».</strong></span> <span class='ocrx_word' id='word_1_346' title='bbox 971 4171 1086 4238; x_wconf 86' lang='lat' dir='ltr'><strong>Omnes</strong></span> <span class='ocrx_word' id='word_1_347' title='bbox 1109 4178 1221 4258; x_wconf 87' lang='lat' dir='ltr'><strong>quippo</strong></span> <span class='ocrx_word' id='word_1_348' title='bbox 1244 4185 1341 4245; x_wconf 91' lang='lat' dir='ltr'><strong>mori·</strong></span> 
     </span>
    </p>
   </div>
   <div class='ocr_carea' id='block_1_6' title="bbox 0 0 1442 4770">
    <p class='ocr_par' dir='ltr' id='par_1_8' title="bbox 0 0 1442 4770">
     <span class='ocr_line' id='line_1_39' title="bbox 0 0 1442 4770; baseline 0 1"><span class='ocrx_word' id='word_1_349' title='bbox 0 0 1442 4770; x_wconf 95' lang='lat' dir='ltr'><strong> </strong></span> 
     </span>
    </p>
   </div>
  </div>
 </body>
</html>
