2902 4710
725 134 790 204 260

167 322 313 390 vertimus
336 335 392 378 nos
416 314 451 376 ab
473 311 574 375 Africa
596 315 627 373 in
649 309 753 373 Asiam
783 318 813 372 et
834 309 976 372 Rhodum
1010 307 1189 388 appulimus.
1229 309 1350 383 Quanta

170 432 271 487 antem
294 422 336 483 ibi
358 420 448 481 inerit
471 419 612 496 violentia
636 425 666 478 et
689 420 813 497 agonia,
837 416 932 478 oculis
956 415 1166 494 perspeximus
1190 431 1259 475 cum
1282 421 1348 481 stu-

168 551 243 614 pore
275 537 306 590 et
338 527 545 588 ammiratione
577 530 608 584 et
631 542 691 585 non
716 525 781 583 sine
815 523 930 600 piarum
954 516 1346 592 lachrimammeiiusione,

168 637 341 700 Invenimus
373 633 453 692 enim
482 647 537 708 per
565 630 724 689 circuitum
758 627 838 687 urbis
868 625 966 686 totu'm
990 640 1136 702 *campum
1158 623 1348 687 delassatum

168 739 370 805 subterraneis
392 733 570 796 habitaculis
594 740 625 792 et
648 731 832 801 diverticulis
868 729 1034 809 repletum,
1051 755 1053 757 ·
1071 734 1102 789 et
1124 726 1347 790 miraebuma·

55 883 60 892 ι
168 864 224 910 nae
253 843 417 905 industriae
445 837 601 917 ibi—opera
634 835 771 897 vidimus.
812 819 878 894 Sed
903 839 934 894 et
956 850 1081 912 corpora
1104 832 1234 895 bumana
1256 832 1345 895 inbu-

168 957 245 1012 mata
268 947 309 1008 ibi
332 943 426 1005 multa
448 941 534 1004 vaide
558 942 737 1012 invenimus,
762 945 793 1008 et
816 956 957 1017 campum
975 937 1108 997 humano
1132 938 1346 1029 sanguine-in-

167 1055 282 1116 iectum
317 1056 347 1111 et
379 1048 473 1108 mulla
495 1047 630 1107 membra
660 1046 793 1106 abscissa
825 1041 1113 1123 dispersa-vidimus
1136 1043 1169 1101 in
1189 1041 1291 1102 littore
1315 1046 1347 1102 et

142 1187 146 1197 ·
167 1160 196 1219 in
219 1164 300 1216 terra
323 1159 354 1213 et
378 1151 504 1215 multam
530 1151 705 1228 congeriem
728 1147 968 1227 sepulchrorum;
992 1139 1242 1208 nam'obsidionis
1265 1139 1344 1206 tem÷

165 1279 239 1341 pore
255 1257 439 1326 ceciderunt,
463 1260 496 1315 nt
520 1253 637 1323 dicitur3
660 1270 770 1313 novem
788 1251 879 1312 millia
895 1250 1078 1322 Turcorum,
1103 1258 1133 1310 et
1156 1249 1248 1310 millia
1259 1246 1345 1310 XXV

166 1365 339 1428 vulneratos
363 1366 393 1420 et
416 1357 568 1418 mutilatos
593 1355 789 1419 abduxerunt.
812 1355 949 1439 Vidimus
973 1356 1064 1452 etiam
1086 1353 1276 1442 deturpatam
1299 1352 1344 1414 ia·

165 1471 244 1530 ciem
266 1465 487 1545 pulcherrimae
512 1462 657 1531 civitatis,
677 1463 717 1521 ita
741 1466 773 1520 ut
795 1462 904 1540 prioris
927 1461 1008 1520 urbis
1023 1456 1116 1537 iacies
1132 1460 1251 1542 penitus
1274 1474 1345 1535 per·

165 1573 225 1635 dita
250 1589 318 1632 esse
340 1567 494 1637 videatur,
510 1568 595 1627 'muri
619 1568 699 1626 enim
723 1568 904 1626 crassissimi
928 1571 959 1626 et
979 1571 1079 1626 turres
1103 1556 1249 1642 altlssimi,
1272 1578 1347 1642 pro-⁴

164 1673 331 1757 pugnacula
360 1678 392 1733 et
415 1671 604 1731 dominorum
638 1651 747 1748 palatia
771 1676 924 1748 tamquam
948 1671 1087 1748 gigantea
1103 1667 1249 1730 cadavera
1263 1677 1342 1750 pro-

165 1790 255 1844 strata
285 1779 434 1857 jacebant.
480 1776 545 1836 Nec
568 1775 827 1853 miromrinjeota
858 1778 938 1835 enim
963 1774 1064 1854 (134
1074 1768 1122 1852 a)
1145 1774 1266 1835 luerunt
1288 1790 1344 1851 per

164 1885 281 1946 Tarcos
304 1885 361 1943 tria
384 1882 475 1942 millia
499 1883 663 1959 quingenta
685 1898 754 1942 sarra
777 1880 1007 1967 bombardarnm
1033 1879 1207 1959 sphaerica,
1232 1877 1343 1956 quibus

166 1988 293 2051 vidimus
318 2002 497 2065 conspersas
520 1985 649 2063 plateas,
672 1985 728 2046 sed
751 1991 781 2045 et
804 2003 896 2063 super
918 2002 1021 2045 muros
1045 1989 1076 2044 et
1097 1975 1128 2044 in
1151 1983 1274 2044 lossatis
1295 1979 1342 2043 in-

164 2065 251 2171 genia
274 2091 449 2152 bellant-ium
472 2088 617 2149 mirabilia
640 2091 859 2168 perspeximus.
1282 2080 1312 2148 ’.

249 2193 341 2275 Porro
364 2195 412 2255 ibi‘
427 2195 557 2255 victores
578 2194 763 2265 laetissimos
782 2195 967 2266 invenimus,
992 2192 1162 2265 laborantes
1184 2195 1217 2254 in
1240 2195 1342 2283 ruina·

163 2317 230 2360 rum
263 2299 431 2359 remotione
466 2291 497 2358 et
530 2317 686 2365 murorum
720 2317 755 2360 ac
785 2300 913 2360 turrium
945 2315 1090 2359 novarum
1126 2301 1341 2372 exstructione,
1404 2280 1407 2284 ’

100 2459 110 2475 ,
163 2404 260 2483 primo
283 2410 384 2463 tamen
400 2389 500 2463 turres
515 2402 771 2476 molendinarum,
796 2421 872 2482 quos
897 2395 1002 2493 omnes
1019 2403 1195 2480 dejecerant
1211 2403 1343 2482 inimici,

161 2509 279 2587 erigere
302 2506 476 2585 satagebant
500 2528 555 2588 pro
579 2510 745 2588 quotidiani
768 2512 854 2589 panis
878 2491 967 2583 usu„¹
989 2508 1022 2569 ln
1038 2509 1095 2570 illa
1118 2510 1245 2571 civitatis
1268 2528 1340 2589 pur·

161 2615 280 2694 gatione
300 2620 331 2673 et
353 2613 596 2676 reaedificatione
612 2615 741 2676 vidimus
753 2614 879 2687 Turc‘os,
904 2614 1102 2694 compedibus
1127 2612 1340 2676 ferreis-vinc-

160 2725 223 2790 tos,
244 2724 364 2797 portare
381 2735 450 2778 sara
466 2716 503 2777 ad
520 2719 612 2789 muri,
637 2736 728 2796 quem
743 2718 967 2792 destruxerant,
991 2719 1256 2790 reformationem„
1277 2719 1341 2780 Sed

160 2828 191 2882 et
214 2822 422 2881 sanctissimus
446 2840 500 2899 pro
524 2830 596 2881 tunc
620 2838 706 2900 papa,
729 2822 830 2905 Sirtns
846 2822 905 2895 tv,
929 2824 1076 2884 sollicitus
1099 2838 1221 2883 manum
1241 2841 1338 2905 appo-

159 2927 219 2985 suit
242 2924 279 2985 ad
301 2925 380 2984 illius
404 2925 486 2984 urbis
513 2920 785 2985 reaedificationem
809 2932 839 2986 et
862 2945 916 3005 per
932 2926 1237 2989 mundummnximis
1256 2929 1338 2992 datis

159 3027 375 3105 indulgentiis
385 3035 510 3088 cunctos
544 3029 649 3089 fideles
682 3030 719 3090 ad
751 3030 810 3090 boc
831 3030 965 3106 induxit.
1010 3032 1046 3093 Et
1078 3036 1146 3111 quia
1168 3034 1288 3096 Judaei
1306 3043 1340 3097 et

160 3132 282 3205 Graeci,
307 3136 357 3212 qui
375 3136 456 3194 intra
479 3136 585 3194 urbem
610 3141 747 3224 tempore
770 3136 933 3227 obsidionis
957 3139 1070 3199 inventi
1093 3138 1240 3210 inerant,
1262 3138 1338 3200 lide·

159 3237 272 3297 lissime
300 3238 508 3299 laboraverant
542 3255 637 3317 seque
670 3239 812 3304 audacius
847 3241 884 3302 ad
907 3222 1011 3303 mortis
1035 3243 1169 3321 pericula
1192 3240 1339 3304 dederant

157 3358 213 3419 per
235 3324 316 3401 urbis
340 3341 564 3432 defensionem,
588 3341 712 3403 indulsit
735 3343 818 3405 idem
841 3362 934 3426 papa,
962 3351 996 3406 ut
983 3344 1131 3406 tJudaeis
1154 3364 1231 3407 nova
1255 3346 1336 3407 aedi-

157 3442 297 3504 ficaretur
312 3461 476 3524 synagoga,
501 3444 687 3524 dispensans
701 3445 871 3524 imjuribus
896 3456 931 3508 et,
948 3450 1064 3528 legibus
1086 3449 1145 3519 boc
1167 3450 1336 3511 vetantibus
1440 3498 1447 3505 .

158 3548 212 3606 sub
236 3565 333 3625 poena
356 3546 380 3607 L
403 3549 561 3621 librarum,
597 3557 630 3611 ut
653 3551 794 3630 patere.-
818 3555 855 3613 ti
874 3553 934 3613 inii.
960 3552 1046 3614 etC
1071 3552 1186 3615 ludaei
1201 3554 1247 3614 de
1263 3555 1336 3616 civi-

157 3655 219 3710 tate
243 3657 302 3710 etc.
340 3637 385 3712 De
409 3649 531 3713 ludaeis
555 3660 584 3714 et
608 3655 777 3716 ibidemC.
803 3656 963 3719 consuluit.
968 3657 1069 3739 lpsis
1093 3665 1124 3718 et
1139 3656 1262 3719 Graecis
1286 3660 1335 3718 se‘·

157 3751 288 3812 cundum
312 3769 417 3815 eorum
439 3758 531 3817 ritum
550 3756 655 3835 jussit
664 3758 729 3820 fleri
753 3760 923 3825 ecclesiam

244 3856 321 3916 Com
344 3875 419 3936 ergo
441 3861 544 3923 civitas
564 3861 628 3938 jam
651 3859 844 3925 reaedificata
865 3872 974 3939 staret,
997 3865 1117 3927 occulto
1141 3867 1198 3948 Dei
1217 3865 1334 3945 judicio

59 3987 63 3992 ·
127 3998 129 4002 »
157 3958 236 4019 aliud
249 3939 431 4023 turbativnm
447 3963 571 4025 Rhodiis
587 3964 712 4038 accidit,
734 3969 897 4047 improvise
914 3972 1073 4033 enimtota
1089 3971 1186 4032 insula
1201 3978 1334 4033 tremere

156 4064 257 4139 coepit
279 4069 310 4124 et
332 4071 415 4126 tanto
431 4073 515 4127 motu
545 4068 727 4146 agitabatur,
751 4079 916 4146 atturres,
940 4091 1014 4157 quas
1032 4072 1123 4146 Turci
1139 4076 1333 4155 reliquerant,

158 4162 371 4244 dejicerentur,
388 4176 419 4231 et
433 4171 520 4243 muri,
535 4170 643 4250 quibus
660 4190 731 4252 prae
748 4177 946 4265 crassitudine
957 4176 1070 4240 nocere
1086 4197 1147 4241 non
1162 4187 1333 4262 potuerant,
