2902 4710
711 167 776 237 820

156 348 237 417 nosi,
260 345 297 405 de
320 357 427 421 spuma
451 344 541 403 maris
564 345 772 423 compaginata
795 344 950 421 generati;
976 342 1055 403 unde
1079 341 1189 406 dicitur
1210 363 1334 423 pumex,

156 450 241 527 quasi
264 456 405 526 spumea,
429 451 460 507 et
483 452 530 506 est
551 446 628 506 bene
652 446 805 518 mirabile,
837 445 917 524 quod
941 463 1048 525 spuma
1070 448 1189 525 gracilis
1211 451 1253 510 ita
1276 468 1334 529 po·

156 559 216 614 test
239 550 386 620 indurari,
420 557 452 610 ut
475 548 581 628 lapidis
605 549 747 610 duritiam
769 549 935 627 praeierat,
970 554 1017 610 est
1047 552 1128 609 enim
1156 552 1197 611 ibi
1227 570 1334 632 margo

154 659 262 719 littoris
286 673 363 716 unns
379 655 496 730 integer
518 658 641 730 pumex,
666 654 745 712 sicut
768 651 887 730 grandis
903 658 1006 730 petra,
1029 659 1059 712 et
1081 670 1137 730 per
1159 655 1260 714 omnia
1285 662 1336 718 est

154 764 231 823 sicut
246 776 355 839 rupes,
379 756 499 827 demto,
523 754 605 834 quod
621 762 667 817 est
689 755 781 826 levis,
798 773 990 827 cavernosus,
1014 756 1098 835 aquis
1114 765 1331 836 supernatans;

152 865 241 926 habet
265 846 355 924 etiam
377 861 614 940 refrigerativam
644 867 797 930 naturam,
834 858 936 931 unde,
967 860 1086 937 quando
1118 862 1148 921 in
1183 881 1235 924 vas
1269 866 1334 926 vini

154 958 316 1030 aestuantis
339 967 475 1044 ponitur,
509 970 610 1024 cessat
634 963 779 1025 ebullitio.
826 962 926 1022 Sumsi
950 980 1007 1040 ego
1030 965 1210 1042 pumicellos
1232 968 1264 1027 in
1288 969 1331 1028 si·

151 1093 222 1136 num
245 1089 347 1132 meum
375 1074 406 1129 et
428 1085 524 1145 usque
547 1065 666 1127 Ulmam
698 1083 818 1129 mecum
842 1064 926 1137 duxi,
959 1065 996 1125 ad
1018 1065 1243 1156 frigerationem
1267 1070 1330 1131 cal·

152 1193 315 1238 caneorum
337 1170 368 1233 in
391 1171 512 1242 balneo,
536 1176 567 1230 et
589 1169 702 1248 pedum
724 1169 847 1230 lotione.
891 1168 983 1230 Erant
1005 1175 1107 1231 autern
1122 1174 1260 1251 pumices
1284 1172 1332 1234 illi

152 1283 242 1361 grisei
266 1279 390 1348 coloris,
412 1278 442 1336 in
467 1275 615 1355 aliquibus
638 1274 714 1335 locis
737 1276 827 1336 maris
850 1276 1044 1354 reperiuntur
1059 1275 1134 1347 albi,
1160 1294 1236 1354 quos
1259 1277 1328 1338 vul·

150 1386 261 1463 gariter
283 1387 390 1445 vocant
410 1380 501 1452 Bima,
526 1380 633 1457 quibus
657 1386 781 1440 utuntur
795 1381 958 1458 scriptores
983 1378 1020 1440 ad
1041 1380 1226 1457 planandum
1254 1399 1326 1458 per·

150 1504 325 1566 gamenum;
350 1483 508 1563 aliquando
531 1489 602 1543 sunt
625 1485 717 1562 nigri,
742 1482 908 1544 secundum
922 1484 1097 1561 qualitatem
1120 1485 1262 1561 regionis.
1293 1482 1329 1544 ln

150 1592 286 1653 cavernis
309 1574 437 1669 pumicis
467 1589 634 1668 reperimus
666 1588 769 1662 dulces
793 1605 902 1667 aquas,
936 1606 1014 1666 quae
1044 1595 1147 1649 tamen
1177 1587 1215 1648 de
1250 1591 1329 1650 mari

148 1695 277 1774 injectae
301 1694 437 1765 inerant,
461 1699 492 1753 et
514 1692 627 1770 frigore
651 1694 779 1772 pumicis
804 1692 969 1754 amaritudo
994 1694 1091 1754 ablata
1113 1676 1246 1752 iuerat⁴

157 1817 161 1825 ·
235 1797 352 1859 Deinde
387 1797 425 1859 de
458 1797 606 1877 lapidibus
630 1801 786 1877 pumicum
807 1802 838 1859 in
861 1817 983 1861 arenam
1006 1784 1096 1860 maris
1131 1796 1326 1872 ascendimus

148 1907 179 1965 et
200 1903 241 1963 ibi
263 1901 429 1962 mirabilem
454 1903 618 1980 practicam
632 1901 775 1972 vidimus,
799 1920 870 1963 nam
893 1903 984 1981 aliqui
1007 1902 1143 1981 galeatae
1166 1900 1270 1962 foveas
1291 1903 1325 1961 in

148 2022 239 2067 arena
261 2004 580 2082 iaciebantligonibus
605 2007 690 2084 quasi
709 2004 795 2082 juxta
810 2007 902 2066 maris
926 2024 1018 2084 aquas
1042 2008 1089 2067 vix
1102 1995 1230 2065 =duobus
1251 2021 1324 2082 pas·

147 2107 417 2186 sibusapelago;
442 2106 578 2167 damari
612 2115 712 2169 autern
745 2107 915 2169 destillabat
948 2110 978 2168 in
1001 2109 1103 2170 foveas
1137 2126 1192 2187 per
1215 2125 1325 2189 arenas

146 2226 242 2290 aqua,
279 2218 309 2272 et
331 2211 490 2305 perillam
512 2211 737 2273 instillationem
761 2211 943 2292 purgabatur
966 2230 1042 2291 aqua
1072 2230 1089 2273 a
1112 2211 1261 2281 salsedine
1292 2217 1326 2273 et

144 2315 283 2393 potabilis
307 2313 508 2387 efficiebatur,
543 2314 581 2375 de
614 2333 673 2395 qua
695 2315 861 2407 hauserunt
889 2321 920 2378 et
942 2334 1013 2378 vasa
1035 2316 1200 2395 implebant
1229 2321 1261 2376 et
1291 2317 1324 2375 in

143 2418 244 2497 galeas
267 2417 425 2480 ducebant.
796 2502 797 2505 Ἴ

229 2525 306 2588 Sunt
329 2531 359 2586 et
382 2527 430 2586 alii
454 2526 553 2587 tontes
585 2525 736 2587 ininsula
770 2525 807 2588 de
830 2533 910 2589 terra
936 2511 1132 2607 erumpentes
1155 2525 1321 2599 delectabi-

140 2629 232 2692 liores
257 2629 294 2690 ad
317 2628 489 2708 potandum.
529 2629 641 2690 Dicunt
664 2631 755 2690 etiam
776 2631 815 2692 in
831 2628 938 2690 eadem
961 2633 1085 2708 regione
1109 2629 1321 2702 asserentem,

139 2738 190 2815 qui
214 2734 251 2795 de
274 2732 366 2795 iundo
389 2732 529 2812 profundi
553 2734 644 2793 maris
666 2735 781 2813 impetu
805 2735 933 2794 maximo
957 2752 1079 2796 sursum
1110 2751 1202 2813 aquas
1226 2735 1322 2795 maris

139 2845 302 2919 penetrans
335 2835 536 2916 suprafmare
570 2838 657 2897 saltat
681 2839 712 2898 in
735 2838 923 2915 longitudine
956 2841 1043 2900 tinius
1066 2840 1138 2910 viri,
1167 2835 1322 2914 adquam

138 2944 278 3020 navigant
301 2958 463 3020 aquasque
498 2941 687 3002 dulcissimas
721 2942 863 3003 hauriunt
886 2961 902 3003 a
925 2943 1100 3004 salsissimis
1122 2941 1319 3022 prodeuntes.

137 3044 226 3109 Hunc
241 3045 357 3106 fontem
372 3044 540 3106 fabulantur
556 3044 624 3106 esse
641 3045 768 3124 alicujus
783 3047 940 3128 Nymphae
956 3051 1088 3123 urinam,
1106 3066 1182 3129 quae
1197 3049 1321 3112 vetulae

139 3150 288 3231 Charybdi
311 3151 496 3213 adversatur.
983 3156 989 3163 '

150 3278 153 3290 ··
225 3254 454 3334 consequenter
469 3250 602 3335 gyrando
619 3274 711 3337 snper
727 3257 811 3318 littus
827 3259 919 3331 maris
942 3250 1081 3329 venimus
1104 3258 1151 3319 ad·
1164 3257 1318 3336 quandam

135 3375 276 3440 magnam
299 3360 411 3421 montis
435 3361 614 3432 scissuram,
649 3377 726 3438 quae
749 3361 937 3440 protenditur
959 3373 1056 3442 usque
1079 3365 1109 3424 in
1133 3380 1231 3435 mare,
1266 3363 1319 3424 ubi

134 3483 226 3546 rupes
250 3466 363 3526 montis
385 3446 558 3526 scissuram¹
573 3466 675 3526 babuit
698 3484 759 3527 non
782 3464 873 3528 latam
895 3465 951 3527 sed
977 3467 1260 3547 profundissimam,
1284 3468 1318 3527 in

134 3587 224 3650 quam
247 3588 330 3633 mare
354 3588 478 3631 currens
502 3573 634 3632 sonitum
663 3573 694 3632 in
728 3571 932 3650 penetralibus
962 3571 1067 3644 dabat,
1102 3588 1138 3631 ac
1161 3573 1186 3632 si
1208 3570 1314 3650 pulsa·

24 3691 27 3695 ·
133 3681 238 3736 rentur
261 3691 433 3753 campanae.
479 3674 628 3735 llorribile
651 3674 895 3737 luit-scissuram
918 3675 999 3737 illam
1022 3675 1142 3746 videre,
1167 3679 1198 3734 et
1220 3675 1314 3736 mira·

131 3776 192 3838 bile
215 3779 347 3838 sonitum
370 3777 509 3838 abintus
533 3777 652 3849 audire,
686 3780 737 3857 qui
769 3784 945 3857 argumento
969 3780 1145 3842 monstravit
1161 3763 1315 3857 grandem

131 3882 243 3943 montis
268 3882 484 3942 concavitatem
508 3897 577 3943 esse
600 3883 721 3961 plenam
743 3886 842 3962 aquis,
876 3885 927 3945 ubi
948 3885 1025 3947 iorte
1048 3885 1217 3946 belluarum
1239 3889 1314 3945 sunt

131 3985 317 4059 babitacula;
341 4004 429 4046 mons
453 3988 533 4047 enim
557 3987 628 4048 huic
651 3991 725 4050 mari
747 3991 885 4051 imminet
906 3993 1021 4052 vertice
1036 3990 1194 4077 praecipiti
1217 3995 1312 4068 atque

132 4091 209 4164 alto,
237 4093 268 4152 ln
292 4089 379 4170 cujus
402 4090 552 4154 radicibus
576 4109 684 4154 exesae
707 4088 871 4173 speluncae
894 4102 965 4156 suut
988 4112 1175 4176 asperaeque
1198 4113 1311 4158 conca-

129 4199 254 4271 vitates,
282 4199 316 4260 in
338 4197 392 4260 has
414 4195 623 4277 frequentibus
653 4200 796 4279 procellis
827 4198 925 4263 delata
947 4201 1040 4263 maris
1065 4199 1311 4282 prolanditern·
