2874 4770
678 130 745 201 432

123 307 379 380 solemnissimus,
411 307 443 367 iu
466 323 559 386 quem
582 306 771 369 advehuntur
793 309 892 368 omnia
913 308 992 368 bona
1016 309 1147 369 orientis
1174 312 1208 368 et
1231 305 1306 367 occi·

124 408 239 483 dentis;
270 429 307 472 ex
329 429 388 489 quo
410 412 488 472 bona
511 413 636 472 orientis
659 412 872 473 transfundunt
893 414 924 472 in
952 411 1149 472 occidentem
1176 416 1210 470 et
1232 411 1307 470 occi-

124 511 223 574 dentis
245 517 276 574 iu
299 517 457 576 orientem.
502 512 615 575 Mirum
639 521 687 574 est
708 514 810 576 videre
833 513 1059 575 multitudinem
1086 515 1216 575 navium
1239 530 1307 573 oue·

123 619 268 678 ratianum
296 620 437 678 continue
472 620 648 679 intrantium
682 626 712 679 et
736 621 918 680 exeuntium.
963 617 1160 680 Mercatores
1186 616 1306 678 Germa-

123 723 190 782 niae
213 722 323 784 habent
345 723 385 782 ibi
409 720 551 794 domum,
575 739 666 802 qnam
688 724 842 783 nominant
864 722 1026 794 sonticum,
1052 739 1133 801 quae
1153 727 1204 782 est
1221 719 1306 799 dupla

124 844 192 886 cum
216 827 298 886 curia
321 825 433 904 duplici
455 826 617 886 multarum
640 825 786 887 cellarum
809 832 840 887 et
861 825 1117 898 habitaculorum,
1144 828 1179 885 in
1202 825 1305 904 quibus

123 936 308 990 mercatores
330 945 400 988 suas
424 946 473 988 res
497 935 528 989 et
551 947 584 989 se
607 936 737 991 servant.
784 929 830 991 Ex.
845 930 904 990 hoc
920 929 1034 990 sontico
1058 936 1166 991 tantae
1191 945 1304 988 merces

125 1033 301 1093 emittuntur
322 1032 353 1091 iu
376 1029 600 1107 Alemanniam,
637 1032 718 1113 quod
748 1052 837 1095 nemo
862 1033 966 1095 credit.
1011 1035 1089 1107 Nam
1115 1035 1157 1096 de
1181 1033 1305 1113 publicis

87 1198 92 1203 ,
124 1134 274 1198 mercibus
299 1133 522 1215 egredientibus
545 1131 820 1218 recipiuutVeueti
842 1155 1021 1217 perannum
1045 1137 1126 1198 ultra
1142 1135 1203 1197 XX
1218 1136 1306 1196 millia

124 1230 301 1302 ducatorum
322 1257 377 1316 pro
400 1238 530 1312 telonio,
554 1240 664 1303 demtis
688 1243 810 1325 privatis
825 1244 947 1302 minutis
964 1247 996 1302 et
1010 1240 1131 1302 furtivis
1147 1240 1305 1310 mercibus,

100 1342 103 1347 “
124 1355 201 1424 quae
225 1340 363 1405 noctibus
380 1342 549 1404 educuntur
563 1344 612 1407 vel
628 1345 692 1406 aliis
708 1346 798 1406 rebus
814 1345 1039 1424 ignobilioribus
1056 1347 1304 1407 commiscentur.

123 1439 212 1509 Festa
234 1445 434 1508 nundinarum
457 1466 512 1527 per
534 1455 656 1511 octavas
682 1451 867 1511 ascensionis
890 1449 1011 1510 Domini
1035 1450 1163 1522 durant,
1188 1453 1221 1510 in
1245 1449 1306 1528 qni-

123 1552 179 1614 bus
202 1552 364 1613 indicibilia
386 1552 524 1614 videntur
546 1553 692 1622 Venetiis.
738 1553 817 1615 Sunt
838 1555 879 1614 ihi
901 1571 1024 1633 semper
1056 1560 1250 1614 mercatores
1272 1552 1306 1613 de

125 1659 207 1718 omni
229 1660 365 1730 natione,
389 1675 466 1735 qnae
490 1660 545 1719 sub
569 1659 655 1719 coelo
680 1665 740 1731 est,
763 1658 898 1720 fidelium
921 1665 951 1719 et
973 1658 1163 1730 infidelium,
1189 1666 1223 1719 et
1246 1675 1305 1719 om·

125 1763 208 1823 nium
232 1762 336 1823 mundi
358 1781 461 1823 rerum
484 1768 627 1824 tractatur
649 1763 690 1823 ibi
712 1764 890 1842 negotiatio,
915 1773 946 1825 et
962 1765 1063 1824 omnia
1079 1764 1120 1824 ibi
1137 1762 1306 1826 venduntur

126 1874 158 1954 et
179 1873 333 1938 emuntur,
356 1865 458 1926 demto
482 1865 561 1944 quod
586 1868 626 1927 ibi
640 1866 740 1927 forum
755 1866 910 1927 hominum
925 1866 1076 1929 venalium
1092 1887 1157 1928 non
1172 1868 1306 1936 habetur,

64 2020 65 2023 ,
126 1972 261 2049 quamvis
284 1968 357 2030 olim
379 1969 490 2047 grande
506 1971 546 2030 ihi
562 1970 660 2030 lorum
675 1970 831 2031 hominum
847 1970 950 2041 fuerit,
975 1970 1029 2031 sed
1051 1971 1220 2032 Zacharias
1236 1987 1305 2051 papa

125 2071 180 2135 sub
204 2090 301 2154 poena
324 2073 519 2134 anathematis
543 2074 624 2135 illam
648 2076 883 2152 negotiationem
906 2076 947 2135 ihi
968 2075 1034 2135 lieri
1049 2074 1211 2155 prohibuit
1234 2091 1304 2134 auno

125 2179 246 2240 Domini
269 2173 342 2240 747.
389 2176 532 2250 Quamvis
557 2184 658 2238 autem
680 2179 721 2238 ihi
744 2179 899 2238 homiuum
927 2177 1027 2238 iorum
1056 2197 1118 2239 non
1152 2179 1303 2248 habeatnr,

123 2285 155 2344 iu
178 2282 242 2344 aliis
265 2288 373 2342 tamen
390 2282 560 2359 regionibus
583 2281 720 2341 homines
751 2288 869 2352 emunt,
904 2282 960 2353 ita,
995 2280 1076 2360 qnod
1107 2290 1174 2343 tota
1207 2286 1303 2346 civitas

125 2395 173 2450 est
195 2388 284 2467 plena
315 2385 440 2446 emtitiis
472 2387 568 2447 servis
592 2392 623 2446 et
652 2385 785 2457 ancillis,
819 2385 898 2446 unde
930 2367 1038 2458 credo,
1072 2384 1158 2464 quod
1190 2392 1304 2467 praeter

79 2477 82 2480 Δ
130 2474 252 2573 Sclavos
275 2491 315 2551 ibi
339 2491 398 2549 sint
422 2490 477 2549 tria
493 2489 585 2550 millia
600 2482 784 2569 Aethiopum
801 2496 831 2549 et
846 2487 1039 2550 Tartarornm
1063 2493 1188 2552 emtitii.
1236 2487 1302 2551 vite

127 2591 165 2656 de
188 2595 343 2655 bominum
365 2592 429 2653 ioro
453 2611 544 2671 supra
565 2593 628 2653 Fol.
649 2590 707 2655 121
726 2612 752 2653 a.
793 2591 903 2653 Dicunt
927 2593 1018 2654 etiam
1042 2593 1207 2670 vulgares,
1232 2589 1302 2672 qnod

128 2705 230 2760 tamen
255 2700 290 2759 ab
315 2699 445 2775 expertis
460 2715 520 2757 non
538 2694 652 2767 audivi,
677 2695 757 2775 quod
773 2695 909 2758 Venetiis
927 2698 966 2756 sit
980 2697 1065 2756 locus
1083 2698 1301 2766 subterraneus,

129 2805 203 2865 nulli
225 2804 382 2864 hominum
405 2807 510 2873 notus,
534 2801 592 2860 nisi
614 2801 804 2879 paucissimis
828 2798 1043 2878 rempublicam
1060 2799 1300 2878 gubernantibus,

130 2906 244 2984 inquo
268 2905 420 2966 resideant
442 2905 531 2976 fabri,
565 2906 616 2981 qni
640 2911 703 2964 arte
727 2906 824 2964 sciant
846 2920 1007 2981 segregare
1031 2921 1141 2964 aurum
1166 2923 1184 2965 a
1208 2921 1300 2983 cupro,

131 3014 162 3068 et
185 3026 243 3069 uno
266 3016 384 3069 mortno
407 3008 567 3069 intruditur
591 3008 682 3079 alins,
707 3014 738 3067 et
759 3009 810 3067 isti
832 3013 893 3067 tam
910 3005 1018 3067 divites
1034 3007 1152 3069 iaciunt
1167 3008 1299 3071 Venetia·

132 3130 198 3175 rnm
220 3119 414 3174 mercatores.
461 3112 540 3185 Quid
563 3112 600 3173 de
622 3111 702 3173 iacto
725 3113 779 3182 sit,
803 3111 916 3171 nescio.

539 3411 751 3507 Spectacula
778 3408 896 3485 multa.

219 3642 377 3704 Decimum
396 3631 634 3699 commendabile
648 3634 844 3696 venetiarum
868 3637 914 3692 est
938 3629 1083 3691 solemnis
1109 3638 1139 3693 et
1164 3644 1303 3712 pomposa

133 3749 294 3810 celebratio
317 3744 567 3823 spectaculorum.
613 3741 688 3801 Nam
711 3739 842 3800 infesto
866 3737 897 3797 S.
920 3734 1015 3796 Marci
1037 3743 1122 3797 tauta
1145 3737 1303 3797 solennitas

134 3855 234 3914 estin
259 3858 320 3912 tota
343 3851 416 3909 urhe
446 3854 477 3907 et
506 3855 551 3907 tot
583 3854 772 3924 exponuntur
801 3846 832 3903 iu
856 3843 980 3902 diversis
1015 3841 1092 3900 locis
1121 3848 1259 3901 monstra
1279 3839 1305 3896 iu

103 3934 104 3946 ἵ
132 3960 249 4038 pategis
272 3955 508 4032 negotiatorum,
532 3949 612 4026 quod
627 3949 717 4010 homo
736 3948 843 4010 videus
860 3952 987 4028 stupore
1004 3944 1140 4006 miratur.
1173 3944 1305 4023 Singula·

133 4065 207 4123 riter
228 4067 330 4122 tamen
351 4060 381 4117 in
405 4056 453 4116 die
477 4056 661 4115 ascensionis
685 4053 806 4115 Domini
836 4049 874 4111 ad
895 4050 987 4110 maris
1009 4046 1261 4109 benedictionem
1283 4051 1309 4104 et

133 4159 564 4247 desponsationemspectabili
576 4158 750 4219 celebritate
760 4152 936 4236 procedunt,
951 4152 1063 4213 habeut
1072 4148 1310 4233 euimgrandem
