2874 4770
747 179 810 247 132

192 353 251 413 nisi
274 352 473 414 sacrificatum
495 351 593 414 luerit.
638 351 686 414 Ad
709 354 791 433 quod
813 353 970 434 respondit
991 356 1171 434 imperator:
1205 372 1377 434 numquam

195 463 294 518 currat
316 457 366 517 ille
390 455 515 528 fluvius,
539 459 566 517 si
589 460 713 536 magicis
738 460 849 520 artibus
873 466 903 520 et
924 458 1005 520 fluxu
1019 461 1173 539 sanguinis
1189 458 1376 538 polluendae

194 567 264 622 sunt
286 560 384 623 undae
407 559 547 640 paradisi.
593 560 666 623 Post
694 549 850 641 paululum
880 581 953 624 vero
984 563 1087 635 altius,
1122 581 1211 641 quam
1245 563 1376 637 solebat,

193 667 340 739 excurrit,
374 665 570 726 clamantibus
601 661 725 745 paganis
747 668 778 726 in
800 673 879 727 tetro
903 665 986 744 quod
1007 666 1090 727 velut
1112 682 1205 728 senex
1228 667 1376 729 deliraret

192 766 288 828 Nilus.
334 768 372 829 ut
390 768 452 849 uhoc
473 767 553 828 facto
577 769 663 830 multi
686 769 724 832 ad
747 771 900 831 Christum
933 775 1004 830 sunt
1038 773 1191 843 conversi,
1219 769 1374 843 videntes,

192 890 250 933 nec
272 872 374 935 Nilum
396 890 455 934 nec
478 869 618 952 Serapim
641 891 709 934 esse
734 873 832 955 (120
849 870 892 953 a)
917 880 1072 934 auctorem
1095 876 1291 947 incrementi,
1317 874 1375 936 sed

191 975 300 1037 Deum.
344 976 430 1038 Vnde
451 977 522 1038 ulna
536 976 586 1037 vel
599 978 778 1039 incrementi
793 985 949 1050 mensura,
974 996 1051 1056 quae
1067 982 1150 1058 prius
1167 977 1204 1040 ad
1218 977 1374 1042 idolorum

191 1081 305 1160 templa
325 1079 427 1142 delata
447 1078 562 1152 fuerat,
584 1080 644 1139 iam
667 1081 705 1142 ad
729 1081 1023 1143 Christiecclesiam
1050 1081 1256 1156 deferebatur,
1291 1086 1375 1145 sicut

191 1183 317 1247 babetur
338 1189 370 1246 in
391 1184 507 1245 Eccles.
539 1182 655 1244 Histor.¹
675 1181 756 1253 Libr.
780 1184 815 1244 ll.
841 1204 907 1266 cap.
933 1183 984 1250 24.
1030 1187 1066 1248 Et
1088 1189 1119 1248 in
1142 1187 1231 1266 Spec.
1256 1187 1371 1250 Histor.

191 1289 256 1351 libr.
283 1286 335 1353 18.
361 1309 387 1351 c.
412 1285 464 1351 79.
954 1355 960 1360 ,

213 1403 215 1406 ’
276 1395 344 1456 Non
366 1401 468 1460 autem
490 1393 588 1454 solum
603 1392 689 1453 Nilus
712 1400 825 1456 terram
848 1393 1024 1467 ioecundat,
1049 1395 1105 1456 sed
1119 1403 1180 1457 tam
1194 1396 1371 1458 hominibus

191 1517 281 1580 quam
312 1501 418 1561 bestiis
446 1505 552 1578 potum
585 1497 706 1558 dulcem
737 1498 847 1558 tribuit.
893 1497 947 1558 Est
976 1501 1057 1559 enim
1092 1517 1169 1578 aqua
1192 1498 1371 1562 dulcissima

189 1607 283 1665 totius
315 1603 420 1675 mundi
451 1609 482 1663 et
512 1604 671 1688 sanissima
701 1609 732 1663 et
762 1609 900 1681 tempore
932 1619 1005 1662 suae
1033 1597 1237 1664 inundationis
1269 1604 1371 1683 replet

193 1711 340 1793 cisternas
364 1714 395 1768 et
410 1707 557 1779 lacunas,
581 1706 750 1785 de'quibus
773 1708 911 1768 homines
934 1707 1052 1779 bibunt,
1075 1725 1134 1767 nec
1157 1713 1203 1767 est
1218 1708 1276 1768 alia
1292 1725 1372 1786 aqua

189 1812 220 1872 in
243 1809 381 1891 Aegypto
404 1798 592 1890 reperibilis;
628 1812 654 1871 si
689 1817 790 1873 autem
818 1808 996 1890 profundius
1030 1810 1146 1872 fossum
1168 1811 1258 1871 fuerit
1284 1818 1316 1871 et
1339 1814 1370 1872 in

193 1921 292 1975 terrae
309 1915 472 1976 visceribus
489 1931 565 1993 aqua
580 1922 709 1994 reperta,
733 1916 811 1976 'salsa
827 1921 857 1975 et
870 1916 1000 1994 insipida
1016 1922 1076 1987 est,
1094 1917 1172 1976 sicut
1186 1917 1217 1974 in
1233 1914 1369 1976 deserto.

192 2017 268 2078 Cum
292 2036 363 2096 ergo
386 2016 558 2096 Aegyptum
584 2019 670 2080 Nilus
688 2021 872 2098 irrigaverit
901 2026 932 2079 et
964 2009 1064 2079 tontes
1096 2019 1259 2098 repleverit
1283 2025 1315 2079 et
1338 2021 1369 2079 in

186 2123 290 2183 multis
313 2124 514 2184 ministerium
537 2141 624 2183 suum
640 2124 860 2203 compleverit,
883 2121 1033 2203 Aegyptio
1057 2124 1132 2183 mari
1160 2140 1215 2202 per
1246 2128 1370 2201 septem

188 2227 321 2305 ingentia
343 2229 488 2288 nuscetur
511 2229 603 2311 ostia,
628 2247 754 2308 quorum
777 2229 924 2307 primum,
948 2225 1029 2304 quod
1051 2230 1081 2287 in
1103 2227 1221 2307 Syriam
1242 2244 1369 2288 versum

188 2337 251 2403 est,
274 2329 429 2393 Pelusium
452 2332 635 2412 appellatur3
661 2331 828 2393 secondum
853 2329 1042 2390 Tanaiticum
1051 2351 1058 2403 ;
1091 2333 1221 2392 tertium
1243 2329 1367 2391 Mendi-

190 2438 285 2508 sium;
318 2445 458 2516 quartum
482 2437 672 2517 Captastion;
709 2421 845 2514 quintum
869 2435 1089 2506 Seveniticum;
1123 2441 1240 2494 sextum
1264 2434 1368 2495 Valbi-

193 2543 284 2612 tium3
309 2545 471 2621 septimum
496 2548 526 2603 et
549 2541 696 2611 ultimum,
721 2539 802 2617 quo‘d
818 2544 864 2598 est
880 2545 1032 2610 nostrum,
1057 2555 1112 2618 per
1126 2537 1208 2615 quod
1222 2555 1278 2597 nos
1295 2556 1369 2598 cum

188 2643 257 2704 Nilo
287 2644 324 2704 ad
347 2663 430 2706 mare
452 2646 607 2715 venimus,
637 2649 761 2705 vocatur
785 2642 928 2721 Canopon
960 2660 976 2703 a
999 2640 1139 2721 Menelao
1163 2640 1367 2719 gubernatore

189 2749 272 2808 navis
305 2747 416 2808 ibidem
445 2747 603 2808 tumulato.
649 2745 715 2806 Hoc
749 2734 860 2805 ostium
890 2747 1024 2806 nominat
1053 2743 1245 2805 Ptolomaeus
1269 2744 1367 2806 Hera-

190 2851 352 2912 cliotioum.
398 2853 435 2912 Et
457 2853 498 2911 ita
520 2851 648 2910 habetur
661 2849 721 2908 Nili
746 2849 892 2911 decursus
916 2849 1103 2911 manifestus.
1136 2846 1268 2908 Credunt
1284 2851 1369 2909 enim

190 2949 290 3025 multi,
314 2973 369 3035 per
391 2955 528 3016 tramites
552 2953 764 3014 subterraneos
780 2954 888 3015 multas
905 2955 942 3015 de
957 2972 993 3014 eo
1011 2953 1138 3014 derivari
1152 2969 1254 3030 aquas,
1273 2954 1369 3013 etiam

191 3055 228 3118 ad
251 3061 429 3120 remotiores
453 3057 557 3118 mundi
581 3062 690 3135 partes.
736 3055 822 3118 Unde
845 3061 876 3118 in
900 3058 991 3129 Delo,
1021 3057 1119 3117 insola
1151 3055 1281 3135 quadarn
1305 3056 1367 3134 Cy-

191 3160 323 3233 cladum,
348 3167 517 3239 quaesunt
542 3161 696 3232 Graeciae,
730 3144 776 3230 est
798 3159 866 3221 fons
890 3161 1026 3239 quidam,
1051 3159 1149 3221 dietus
1172 3157 1288 3228 Molos,
1313 3162 1368 3237 qui

191 3272 348 3325 crescente
371 3264 439 3325 Nilo
463 3269 573 3327 erescit
592 3273 623 3326 et
639 3262 837 3327 decrescente
854 3266 1016 3338 decrescit,
1042 3281 1195 3342 aquasque
1213 3263 1367 3325 dulciores

189 3366 278 3429 habet
293 3372 420 3430 caeteris
435 3369 581 3442 lontibus,
598 3369 652 3430 sed
668 3371 779 3441 claras,
795 3388 850 3448 per
866 3377 963 3430 terrae
979 3366 1365 3448 penetrationemcolatas3

189 3489 258 3531 nam
281 3469 366 3532 Nilus
390 3472 525 3534 turbidas
550 3492 642 3552 aquas
673 3474 777 3545 habet,
812 3467 886 3552 quas
910 3472 1053 3551 Aegyptii
1084 3479 1189 3550 potare
1223 3469 1366 3530 volentes

190 3582 269 3635 stare
293 3579 469 3654 permittunt
493 3584 524 3638 et
547 3579 745 3639 clarificantur
778 3581 809 3638 in
838 3577 967 3656 hydriis,
1003 3578 1029 3635 si
1058 3583 1160 3635 autem
1193 3573 1229 3635 ad
1259 3576 1364 3635 statim

191 3681 314 3756 cupiunt
339 3679 529 3742 clarificatam
551 3683 663 3744 habere
687 3700 807 3760 aquam,
842 3684 1001 3760 imponunt
1035 3679 1158 3758 hydriae
1189 3679 1235 3738 lac
1258 3696 1363 3757 amyg-

190 3780 326 3842 dalorum
349 3784 500 3845 modicum
524 3792 554 3846 et
577 3788 678 3847 statim
702 3804 770 3845 cum
793 3787 871 3846 lacte
886 3784 986 3845 faeces
1001 3783 1127 3843 fundum
1142 3790 1258 3862 petunt.
1297 3783 1362 3861 Ego

189 3903 260 3947 vero
284 3904 375 3965 saepe
398 3887 573 3950 vehementi
597 3892 647 3950 siti
670 3903 815 3951 accensus
838 3890 1016 3950 lutulentam
1048 3894 1079 3946 et
1111 3885 1260 3946 turbidam
1291 3888 1363 3969 bibi,

188 4007 245 4049 nec
276 3991 405 4069 aliquam
437 3992 606 4055 molestiam
637 3996 731 4054 sensi.
777 3995 903 4055 Dicunt¹
919 4010 1010 4071 ergo,
1045 3991 1160 4052 iontem
1190 3991 1363 4072 praelatum

187 4111 242 4172 per
264 4113 371 4155 venam
393 4095 453 4156 Nili
476 4099 507 4156 in
539 4095 624 4155 illum
657 4094 788 4156 infusam
817 4097 993 4167 transmitti,
1025 4096 1106 4175 qnod
1139 4097 1272 4158 mirabile
1303 4104 1362 4172 est,

188 4214 258 4258 curn
279 4216 362 4260 mare
386 4215 528 4277 magnum
549 4200 721 4261 intersecat.
767 4201 819 4262 Sic
842 4204 934 4263 etiarn
948 4201 1022 4275 ,fons
1046 4203 1146 4263 estin
1169 4202 1362 4282 Capernaum
