2874 4770
31 340 34 345 ⁴
144 334 295 397 dedecore
318 349 354 394 ac
374 330 496 393 intanta
519 331 621 413 (leo
629 329 674 409 α)
696 334 890 412 plenissimos
910 333 993 395 tecit.
1038 333 1072 396 ld
1093 352 1168 396 vero
1191 354 1337 398 summae

145 440 310 518 impietatis
340 444 371 497 et
403 437 543 508 sceleris,
578 437 660 517 qnod
690 440 807 517 regium
835 456 964 516 puerum
991 439 1089 516 rapuit
1117 437 1155 498 ad
1178 446 1334 518 stuprum,

145 558 251 624 pamm
274 540 356 602 enim
377 543 406 601 ei
428 540 602 613 ridebatur,
636 545 662 602 si
689 544 721 602 in
751 541 948 620 expugnanda
977 542 1124 621 pudicitia
1154 546 1336 607 maculosus

147 653 230 708 esset
253 653 284 706 et
306 647 419 723 turpis,
442 647 500 706 nisi
524 648 615 707 etiam
638 648 723 708 sexui
746 664 802 707 suo
817 645 957 723 injuriam
972 645 1096 705 laceret.
1142 646 1244 708 Miror
1260 669 1335 727 pro-

145 749 227 810 lecto
249 749 330 810 illius
353 749 437 815 rudis
460 751 526 810 aevi
548 753 716 823 insaniam,
739 756 773 810 nt
796 749 876 828 quod
900 768 936 810 ex
951 749 1075 809 bomine
1091 758 1207 821 natum,
1232 756 1333 829 passi-

144 851 237 914 bilem
260 859 351 931 atque
372 855 532 915 mortalem
557 855 691 916 viderant
721 861 753 915 et
776 872 897 914 servum
919 855 1059 913 vitiorum
1086 855 1254 916 multorum
1278 876 1333 918 ex·

146 960 224 1037 perti
248 957 367 1018 lucrant
389 957 518 1038 ejusque
536 959 600 1036 J'am
623 965 784 1020 mortuum
807 956 935 1019 cadaver
961 964 1031 1017 aute
1048 957 1154 1018 oculos
1169 959 1335 1020 habebant»

143 1059 258 1133 Deum,
282 1067 313 1122 ct
336 1079 488 1124 summum
510 1067 718 1143 optimumque
743 1062 843 1122 Deum
865 1067 927 1121 tam
948 1060 1120 1122 inconsulte
1145 1061 1328 1126 crederent.

147 1167 288 1231 Sinamus
311 1186 382 1249 ergo
407 1176 529 1231 veteres
551 1173 582 1230 in
605 1188 660 1230 sua
682 1169 820 1230 fatuitate
844 1175 875 1228 et
897 1166 934 1228 ad
956 1169 1148 1246 propositum
1172 1167 1212 1227 de
1237 1167 1332 1228 Creta

148 1273 246 1336 insule
271 1272 440 1334 redeamus.
998 1287 1002 1290 ’

585 1537 589 1542 ’
639 1573 836 1644 Decreta.

234 1794 323 1856 Creta
346 1795 443 1855 insula
467 1792 558 1854 babet
574 1800 692 1854 montes
708 1793 873 1853 altissimos
889 1793 1009 1854 multos.
1056 1790 1140 1852 Unus
1155 1796 1331 1855 nominatur

144 1898 318 1979 Dyptanus,
343 1898 498 1960 abundans
521 1898 633 1969 herba,
669 1913 746 1975 quae
779 1897 889 1958 dicitur
922 1897 1062 1976 dyptaua.
1108 1894 1195 1956 Alter
1218 1897 1330 1959 dicitnr

147 2001 272 2063 Crocus.
302 2001 387 2063 Alius
403 2002 509 2062 Carina
525 2001 650 2072 dicitur,
674 2019 709 2062 ex
724 2019 784 2080 qim
799 2003 935 2063 mirabile
951 2004 1112 2063 recitatur:
1137 2001 1222 2079 ajunt
1246 2003 1329 2062 enim

146 2125 213 2169 cum
240 2108 338 2168 mollis
362 2109 402 2168 sit
425 2125 480 2186 per
502 2112 599 2168 totum
622 2109 772 2185 spatium,
796 2107 877 2186 quod
892 2113 1045 2186 occupat,
1077 2107 1175 2167 nullas
1197 2110 1329 2186 reperiri

149 2229 285 2282 muscas,
310 2230 367 2272 neo
390 2213 450 2272 mel
473 2210 584 2272 ibidem
601 2211 713 2273 lactum
727 2215 887 2292 attingunt.
919 2212 1049 2273 Calistus
1066 2218 1114 2272 cst
1137 2213 1214 2273 alius
1240 2232 1329 2274 mons

147 2317 240 2388 altus,
275 2318 350 2380 adeo
380 2321 409 2378 in
445 2320 557 2397 vertice
581 2335 703 2397 semper
726 2317 875 2388 caudens,
897 2312 939 2405 'ut
961 2335 978 2377 a
1000 2316 1207 2394 navigantibus
1230 2318 1329 2378 nubes

60 2496 69 2514 ἢ
146 2425 246 2501 potius
271 2423 445 2493 arbitretur,
470 2425 560 2501 quam
583 2428 696 2482 vertex.
743 2421 827 2481 Alius
850 2420 960 2481 dicitur
982 2420 1138 2490 Dicimus,
1163 2437 1180 2479 a
1202 2420 1329 2482 Dictaea

145 2526 297 2605 Nympha,
333 2525 462 2605 quaein
487 2543 523 2585 eo
548 2524 714 2594 colebatur,
747 2526 797 2602 qui
828 2526 919 2584 etiam
953 2527 984 2585 in
1015 2524 1179 2585 verticibus
1203 2543 1329 2603 semper

146 2631 262 2690 nivibus
286 2629 408 2700 caudet,
433 2636 463 2689 ut
488 2630 661 2706 navigantes
678 2634 783 2706 putent
803 2645 876 2688 esse
897 2629 1001 2688 nubes.
1032 2625 1118 2687 Alius
1131 2640 1223 2695 ‘mons
1238 2628 1327 2689 altus,

146 2752 205 2795 nou
229 2735 318 2812 longe
352 2736 511 2795 acivitate
536 2732 665 2803 Gaudia,
699 2734 749 2811 qui
773 2732 882 2792 dicitur
911 2731 1037 2805 idaeus,
1073 2731 1109 2792 de
1143 2751 1203 2810 quo
1234 2735 1330 2795 inulta

145 2845 310 2898 narrantur.
357 2836 389 2900 ln
414 2858 450 2899 eo
474 2839 582 2900 dicitur
606 2855 675 2897 esse
698 2855 828 2915 specm,
860 2839 972 2915 inquo
996 2835 1114 2914 Jupiter
1137 2854 1153 2895 a
1176 2836 1326 2915 Nymphis

145 2939 201 2999 luit
223 2943 363 3009 nutritus.
409 2943 461 3002 Est
485 2947 576 3003 etiam
600 2943 629 3001 in
654 2939 901 3019 eoLabyriutbus
925 2959 941 3000 a
965 2941 1098 3000 Daedalo
1130 2939 1245 3013 iactus,
1277 2943 1328 3001 ubi

145 3041 200 3102 tuit
223 3040 421 3105 Minotaurus¹
441 3047 593 3116 inclusus,
625 3047 655 3106 in
685 3064 745 3124 quo
776 3048 800 3105 si
836 3049 902 3125 quis
935 3048 1060 3106 intraret
1092 3047 1157 3105 sine
1189 3046 1328 3122 glomere

146 3144 213 3214 lini,
240 3148 351 3207 exitum
375 3150 591 3210 invenire‘uon
615 3151 705 3211 valet.-
752 3150 822 3227 Ejus
856 3151 982 3211 aedificii
1007 3150 1145 3213 talis-est
1168 3151 1260 3220 situs,
1295 3157 1329 3211 ut

145 3251 348 3326 aperientibus
382 3252 463 3313 lorea
495 3258 607 3316 tonitru
641 3258 721 3316 intus
756 3256 889 3315 terribile
923 3254 1069 3315 audiatur.
1124 3252 1328 3314 Descenditur

146 3358 281 3415 centenis
307 3356 381 3418 ultra
398 3356 556 3435 gradibus;
581 3361 661 3419 intus
678 3359 893 3420 simulachrum
918 3365 948 3419 et
971 3357 1171 3437 monstrificae
1195 3357 1321 3436 effigies.

145 3456 179 3517 ln
204 3467 305 3537 partes
329 3459 461 3522 diversas
487 3464 631 3522 transitus
648 3451 740 3531 multi
756 3480 811 3541 per
829 3464 986 3532 tenebras,
1010 3463 1051 3521 ita
1074 3467 1105 3520 ut.
1129 3459 1166 3521 de
1189 3461 1325 3521 tenebris

147 3558 213 3638 ejus
237 3562 272 3622 ad
296 3565 395 3624 lucem
419 3567 522 3626 venire
546 3567 732 3644 impossibile
756 3584 825 3626 esse
843 3566 994 3626 videatur.
1121 3549 1123 3554 ¹

233 3665 370 3737 Quatuor
392 3678 461 3730 sunt
487 3679 586 3730 autem
610 3669 792 3750 Labyrinlbi.
826 3672 944 3734 Primus
968 3669 1147 3748 Aegyptius,
1173 3667 1324 3729 secundus

147 3766 304 3836 Creticus,
335 3772 442 3837 tertius
466 3775 495 3832 iu
516 3772 650 3845 Lemno,
675 3781 706 3834 et
728 3785 852 3854 quartus
874 3777 904 3835 in
927 3754 1040 3845 ltalia,
1059 3791 1165 3834 omnes
1188 3775 1227 3833 ito
1251 3791 1323 3832 eon·

145 3873 265 3942 structi,
299 3877 330 3931 ut
354 3871 520 3933 dissolvere
554 3893 607 3936 eos
631 3894 688 3936 nec
718 3880 776 3939 ulla
807 3880 928 3941 saecula
952 3877 1073 3958 quidem
1097 3885 1232 3958 possent.
1279 3876 1325 3936 De

145 3974 327 4054 Labyriutbo
350 3973 456 4049 Italico
480 3997 569 4056 supra
595 3979 707 4041 dictum
733 3989 779 4043 est
796 3980 911 4047 lot832
958 3984 1034 4045 Sunt
1057 3985 1138 4044 enim
1164 3984 1193 4042 in
1217 3984 1324 4062 pleris-

146 4096 204 4160 que
228 4077 377 4139 montibus
402 4097 564 4154 cavernae,
589 4081 735 4145 ducentes
757 4089 787 4146 iu
811 4089 969 4149 tenebrosa
986 4088 1067 4158 loca,
1091 4089 1132 4148 ita
1156 4105 1210 4166 per
1233 4105 1323 4165 rupes

146 4191 176 4246 et
198 4190 298 4265 petras
321 4185 360 4243 sit
383 4185 538 4262 ingressus
561 4189 707 4250 otcarius
723 4190 968 4270 digressimuisi
989 4191 1058 4268 quia
1080 4192 1182 4254 lumen
1206 4191 1324 4262 babeat,
