2874 4770
721 165 785 235 164

165 345 314 424 magnifici
345 351 450 432 esseut
472 351 504 405 et
525 343 704 405 formidandi
737 346 813 422 ipsis
836 343 1027 412 Sarracenis,
1059 341 1117 402 boc
1145 361 1208 402 uon
1239 342 1348 404 tacere

166 455 305 530 possent.
350 449 453 511 Vitant
485 449 645 509 Sarraceni
679 448 803 509 domum
834 448 916 509 illam
949 447 1017 526 plus
1050 453 1174 525 propter
1204 466 1348 526 porcum,

163 569 254 631 quam
283 556 308 613 ei
341 560 424 614 esset
454 554 495 613 ibi
529 555 613 612 canis
642 552 861 614 rabidissimus.
916 552 982 613 Hoc
1011 560 1114 613 autern
1143 552 1347 613 memorabile

164 663 212 716 est
234 656 272 717 de
295 664 356 718 tarn
380 655 472 718 cruda
493 657 607 728 bestia,
635 656 719 735 quod
748 659 867 727 statim,
890 660 996 717 nescio
1025 675 1085 736 qno
1113 658 1260 718 instinctu
1292 662 1346 718 aut

163 776 272 832 sensu,
296 763 426 840 percipit
447 763 652 839 praesentiam
674 763 833 822 sarraceni
860 763 1015 831 incuria,
1047 769 1078 822 et
1101 764 1219 832 statim,
1249 763 1346 822 etiam

159 862 267 940 jacens
296 865 326 924 in
355 865 419 925 luto
457 865 604 935 volutata,
645 868 774 926 accurrit
805 884 915 945 magno
945 867 1085 943 gmnnitu
1118 872 1150 926 et
1180 866 1345 925 inimicum

162 985 252 1027 suum
276 971 409 1046 quaerit,
432 974 463 1028 et
485 970 544 1028 nisi
568 967 664 1046 lugiet
694 976 745 1028 aut
767 969 805 1029 ab
828 970 929 1047 aliquo
953 970 1124 1029 Christiano
1142 966 1344 1040 defendatur,

50 1112 59 1125 -
162 1071 326 1134 vindictam
350 1075 440 1133 sumit
464 1071 502 1132 de
526 1090 580 1143 eo,
614 1077 649 1131 ut
670 1072 719 1132 vel
742 1078 843 1134 vestes
867 1072 933 1149 ejus
956 1073 1054 1135 trabat
1084 1074 1132 1135 vel
1156 1090 1244 1133 crura
1268 1072 1344 1133 den-

163 1177 243 1237 tibus
265 1175 379 1248 laedat;
405 1193 463 1236 nec
486 1176 570 1234 canis
593 1181 656 1235 tam
679 1178 739 1237 cito
755 1176 862 1237 adesse
885 1177 1018 1238 alienum
1031 1179 1162 1257 percipit
1175 1178 1342 1248 hominem,

162 1282 242 1341 sicut
271 1299 323 1341 sus
352 1280 403 1340 ille
427 1279 643 1349 Sarracenum‚
672 1281 724 1356 qui
753 1286 853 1339 tamen
877 1280 917 1341 de
939 1282 1022 1341 nullo
1046 1281 1215 1342 Christiano
1246 1287 1342 1351 curat,

162 1390 439 1461 quantumcumque
462 1383 572 1442 alieno.
611 1383 674 1460 Ego
691 1382 793 1443 multis
811 1384 928 1444 vicibus
949 1387 1105 1462 ingressus
1127 1384 1186 1455 fui,
1209 1401 1270 1443 neo
1294 1400 1342 1442 me

162 1489 259 1548 sensit
287 1487 394 1548 adesse
422 1486 471 1547 vel
493 1505 553 1546 non
576 1489 708 1558 curavit,
739 1486 794 1547 sed
824 1486 862 1547 ad
883 1491 1055 1565 ingressum
1078 1488 1237 1548 Sarraceni
1261 1488 1342 1546 insa-

162 1592 221 1664 nit;
250 1590 319 1651 ideo
342 1598 497 1668 tamquam
528 1592 610 1650 canis
634 1593 747 1650 curiam
778 1592 926 1663 custodit,
962 1599 992 1651 et
1014 1591 1093 1650 forte
1115 1598 1239 1670 propter
1263 1590 1343 1650 hanc

163 1699 314 1758 rationem
337 1714 408 1756 eum
431 1695 583 1765 nutriunt,
605 1694 654 1754 vel
676 1693 755 1754 forte
771 1694 809 1754 ad
830 1692 1030 1755 imitationem
1051 1697 1245 1774 antiquorum
1261 1712 1344 1754 mer-

162 1806 299 1861 catomm
321 1800 545 1869 Romanorum,
578 1797 630 1874 qui
652 1815 707 1875 per
735 1815 846 1857 anuum
868 1817 996 1876 porcum
1018 1799 1205 1870 nutriebant,
1240 1805 1274 1859 et
1296 1800 1342 1858 iu-

161 1903 338 1981 pinguatum
368 1904 400 1963 in
430 1901 509 1962 ludis
530 1883 606 1977 Maji
637 1899 721 1960 Deae
745 1900 843 1962 dictae
865 1899 985 1979 Majae,
1015 1921 1092 1982 quae
1125 1902 1181 1963 luit
1203 1902 1265 1963 filia
1287 1902 1344 1963 At-

160 2004 267 2077 lantis,
291 2023 378 2065 soror
398 2001 558 2076 Mercurii,
590 2009 666 2067 nior
687 2002 787 2077 lovis,
817 2004 855 2065 de
887 2023 948 2082 qua
972 2013 1003 2066 et
1025 2007 1139 2066 mensis
1161 2003 1264 2081 Majus
1289 2005 1344 2065 de-

161 2111 332 2172 nominatus
356 2115 418 2180 est,
441 2108 665 2180 sacrificabant,
688 2114 721 2168 ut
739 2108 811 2169 dicit
828 2109 985 2170 Cornelius
1009 2115 1119 2171 orator.
1151 2108 1214 2186 Ego
1238 2114 1344 2168 tamen

163 2216 271 2287 credo,
295 2215 376 2295 qnod
393 2215 430 2278 ad
445 2215 685 2295 magnificentiae
701 2219 732 2273 et
746 2214 901 2291 potentiae
918 2215 1038 2291 signum
1054 2230 1182 2291 porcum
1198 2213 1344 2282 nutriant,

164 2338 199 2383 ac
214 2323 240 2382 si
255 2322 285 2382 in
302 2320 537 2384 Sarracenorum
559 2319 773 2382 contumeliam
797 2319 856 2379 hoc
870 2318 1023 2390 facerent3
1048 2323 1118 2377 sunt
1134 2316 1215 2374 enim
1231 2314 1345 2375 Veneti

164 2425 240 2486 ultra
263 2442 370 2486 omnes
395 2424 579 2486 Christianos
610 2423 691 2503 apud
713 2424 897 2484 Sarracenos
921 2425 1037 2500 magni,
1065 2438 1123 2481 neo
1145 2437 1198 2479 eos
1221 2421 1345 2491 timent,

162 2529 216 2592 aed
239 2529 394 2608 castigant.
436 2528 659 2607 Vidi‘quadam
680 2529 747 2588 vice
771 2529 802 2586 in
827 2529 909 2587 curia
925 2527 991 2598 illa,
1016 2522 1097 2605 quod
1122 2523 1246 2603 quidam
1271 2523 1343 2583 Sar-

161 2650 289 2694 racenus
309 2632 405 2692 stabat
424 2630 509 2708 juxta
533 2632 670 2692 cumulos
693 2632 880 2708 specierum,
912 2633 992 2693 servi
1015 2636 1117 2692 autem
1141 2636 1171 2689 et
1194 2627 1344 2689 custodes

161 2737 306 2816 rogabant
329 2749 414 2807 eum,
444 2742 478 2795 ut
497 2715 673 2795 ⁴discederet
697 2752 713 2794 a
736 2734 865 2794 cumulis
899 2737 1042 2796 timentes
1066 2734 1193 2805 lurtum3
1230 2738 1262 2792 et
1285 2750 1343 2793 no·

162 2839 235 2912 luit,
268 2845 299 2900 et
326 2841 368 2900 ita
400 2838 450 2899 diu
472 2836 628 2914 litigabant
650 2853 720 2896 cnm
742 2823 790 2897 eo.
836 2835 974 2898 Tandem
997 2837 1211 2916 superintravit
1242 2834 1348 2896 domi·

161 2956 218 3003 nus
242 2941 427 3002 centilhomo
453 2939 657 3011 venetianus,
691 2946 721 3000 et
746 2941 850 3003 videns
874 2945 1056 3021 proterviam
1072 2941 1152 3001 illius
1170 2941 1344 3012 Sarraceni,

161 3044 313 3123 percussit
343 3062 412 3105 eum
436 3059 537 3121 pugno
561 3042 598 3103 ad
622 3051 712 3121 caput
734 3047 796 3106 ictu
820 3046 896 3108 adeo
920 3047 1041 3125 grandi,
1066 3045 1149 3125 quod
1170 3046 1203 3105 in
1225 3052 1345 3106 terram

164 3147 294 3218 corruit,
326 3153 357 3207 et
386 3145 539 3224 jacentem
572 3145 699 3225 pedibus
730 3151 819 3210 trusit
853 3157 884 3211 et
918 3151 1123 3222 conculcavit,
1155 3156 1185 3209 et
1208 3151 1344 3228 turpiter

162 3249 200 3312 de
231 3250 343 3310 sontico
372 3247 484 3326 ejecit,
506 3266 566 3311 non
600 3270 707 3313 curans
738 3252 875 3314 videntes
899 3253 1092 3314 Sarracenos.
1139 3253 1171 3313 Si
1194 3251 1271 3313 alius
1295 3254 1343 3314 se-

162 3355 255 3416 cisset
279 3353 481 3442 Christianus,
512 3356 602 3416 etiam
625 3358 766 3436 princeps
791 3363 841 3418 aut
856 3375 924 3429 rex,
953 3360 983 3418 in
1002 3358 1207 3436 captivitatem
1229 3356 1342 3418 ductus

161 3458 277 3521 luisset.
307 3456 420 3520 Multos
443 3466 584 3539 potentes
608 3460 743 3547 Venetos
766 3462 807 3522 ibi
837 3462 967 3544 vidimus
992 3479 1062 3522 cum
1086 3461 1261 3522 Sarracenis
1284 3480 1341 3522 ne·

161 3564 320 3642 gotiantes.
366 3563 438 3624 Viso
470 3563 520 3624 illo
555 3543 667 3625 sontico
692 3569 807 3645 egressi
836 3567 866 3626 in
890 3566 1036 3626 sonticum
1060 3564 1340 3643 Constantinopoli-

161 3676 265 3731 tanum
280 3669 449 3732 Turcorum
471 3672 624 3741 venimus,
649 3669 689 3729 ibi
713 3669 847 3731 diversas
864 3689 983 3731 merces
1005 3669 1136 3731 vidimus
1165 3676 1196 3730 et
1219 3667 1341 3730 Turcos

158 3791 300 3852 magnos,
331 3780 466 3835 maturos
498 3782 528 3834 et
557 3773 701 3834 seriosos'.
747 3773 820 3835 Inde
853 3772 1008 3853 progressi
1038 3776 1069 3834 iu
1092 3773 1239 3834 sonticum
1262 3771 1339 3834 Tar-

160 3883 293 3937 tnrorum
315 3878 444 3955 ingressi
468 3893 590 3947 sumus,
621 3878 652 3936 in
685 3895 744 3956 quo
768 3877 905 3956 prolecto
928 3880 1098 3940 invenimus
1121 3893 1241 3936 merces
1265 3895 1339 3956 pre-

159 3980 353 4052 tiosissimas,
390 3997 466 4058 quae
497 3986 599 4040 tamen
629 3982 679 4042 vili
710 3985 808 4061 pretio
843 3981 1059 4045 vendendam.
1111 3978 1231 4040 Merces
1265 3980 1339 4043 illae

159 4091 245 4144 erant
260 4084 451 4147 rationabiles
467 4084 524 4144 Dei
548 4091 720 4158 creaturae,
744 4086 781 4147 ad
797 4088 959 4166 imaginem
977 4087 1034 4161 Dei
1056 4083 1170 4157 luctae,
1195 4084 1340 4148 homines

159 4191 316 4270 utriusque
339 4206 429 4251 sexus
452 4188 530 4252 ultra
552 4187 614 4262 LX,
638 4191 689 4268 qui
710 4191 860 4256 vilissimo
884 4191 982 4270 pretio
998 4190 1121 4254 venales
1138 4188 1341 4258 habebantur.
