2874 4770
722 178 788 249 220

167 357 292 418 visitans
323 357 354 438 in
385 355 486 434 Papho
523 356 673 436 templum
703 357 830 419 Veneris
869 357 898 416 ei
934 355 1050 415 hostias
1088 354 1239 428 deferret,
1282 357 1351 435 ipsa

167 458 287 521 Venere
311 461 520 519 consentiente
535 459 684 521 Helenam
699 463 798 540 rapuit
820 460 920 532 Paris,
944 476 980 519 ex
1004 476 1063 535 quo
1080 460 1279 520 subsecutum
1303 466 1352 520 est

138 580 141 585 ’
165 555 318 639 'trojanum
341 560 454 623 bellum
478 558 517 622 et'
531 565 651 624 occisus
676 548 827 636 Achilles,
850 565 903 642 qui
925 564 957 622 in
979 563 1092 644 nuptiis
1109 561 1252 639 praelatis
1277 582 1350 624 con·

167 673 274 743 ceptus
297 664 413 735 luerat,
437 664 474 725 ad
491 682 567 743 quos
582 666 742 728 Discordia
765 674 871 729 vocata
894 684 954 727 non
969 665 1085 737 iuerat,
1110 671 1140 725 et
1163 669 1207 727 sic
1231 669 1351 745 expiata

167 774 215 828 est
246 765 354 845 injuria
386 773 415 827 et
439 767 550 828 multus
583 768 698 833 effusus
715 770 877 847 ,humanus
908 771 1031 847 sanguis
1061 768 1126 830 init.
1172 770 1206 831 ln
1239 771 1351 832 eodem

155 874 254 935 -borto
278 873 469 934 celebrabant
492 876 606 953 antiqui
621 875 699 936 iesta
714 872 828 948 lloralia
851 881 883 935 et
904 872 993 935 ludos
1022 871 1142 934 llorales
1167 873 1202 933 ad
1226 872 1350 952 placan-

168 976 237 1038 dam
259 977 429 1057 Nympham
443 975 579 1048 Floram,
603 976 690 1037 deam
707 976 831 1049 llorum,
856 980 905 1040 cui
929 995 1020 1038 omne
1040 976 1091 1053 jus
1113 975 1252 1036 inflores
1277 995 1350 1037 con·

166 1084 235 1145 tulit
258 1083 415 1161 Zephyrus
440 1099 495 1160 pro
518 1099 573 1154 en,
607 1081 689 1160 quod
711 1100 784 1143 snae
808 1072 964 1144 voluntati
976 1083 1092 1159 paruit,
1124 1082 1174 1158 qui
1198 1080 1262 1141 ludi
1284 1098 1350 1140 me-

167 1190 281 1248 moriae
311 1187 480 1247 meretricis
514 1187 713 1256 conveniunt,
748 1203 819 1246 narn
851 1185 933 1243 omni
968 1183 1089 1244 lascivia
1124 1190 1154 1243 et
1186 1185 1351 1244 verborum

167 1291 307 1361 licentia,
342 1291 450 1368 quibus
484 1289 582 1348 omnis
616 1288 807 1348 obscoenitas
838 1276 1018 1358 eliunditur,
1052 1289 1158 1366 positis
1192 1285 1350 1364 flagitante

165 1395 278 1473 populo
301 1410 317 1453 a
340 1393 549 1453 meretricibus
580 1391 785 1475 uestimentis,
820 1406 898 1467 qnae
928 1388 1005 1449 ludis
1035 1391 1065 1448 in
1095 1389 1153 1449 illis
1184 1391 1350 1451 mimorum

165 1497 368 1575 iungebantur
389 1494 503 1566 officio,
531 1484 730 1554 celebrabant.
778 1492 815 1553 Et
838 1492 914 1552 haec
935 1493 1031 1569 turpis
1055 1492 1213 1553 celebritas
1237 1497 1350 1554 mansit

165 1619 263 1678 usque
291 1599 329 1659 ad
352 1597 607 1678 praedicationem
629 1596 866 1676 Apostolorum,
899 1593 981 1655 unde
1012 1595 1120 1673 legitur
1148 1598 1180 1655 in
1204 1595 1350 1674 Legenda

165 1705 246 1765 beati
277 1702 445 1772 Barnabae,
478 1703 530 1779 qui
562 1701 635 1763 dum
658 1693 793 1778 Paphum
816 1696 915 1778 (lat)
939 1693 982 1776 a)
1015 1701 1150 1761 venisset
1180 1699 1217 1760 ad
1246 1700 1351 1759 locum

165 1806 251 1867 illurn
274 1824 343 1866 cum
366 1805 519 1877 Johanne‚
550 1807 730 1866 invenerunt
761 1804 899 1864 ethnicos
921 1803 1003 1864 viros
1027 1811 1058 1863 et
1080 1794 1225 1862 mulieres
1249 1803 1349 1863 nudos

166 1927 289 1971 currere
311 1910 342 1968 in
365 1907 506 1970 viridario
534 1910 565 1968 in
587 1904 736 1969 iestor'um
759 1906 908 1967 floralinm
931 1905 1154 1976 celebratione,
1189 1912 1220 1966 et
1245 1909 1350 1966 statim

166 2011 316 2074 Barnabas
340 2011 454 2089 templo
488 2011 657 2084 maledixit,
693 2019 724 2073 et
747 2012 874 2081 corruit,
907 2016 938 2070 ct
961 2009 1170 2088 praedicantes
1195 2011 1350 2071 civitatem

167 2114 205 2178 ad
228 2115 381 2176 Christum
412 2123 643 2188 converterunt,
675 2114 778 2176 Actor.
802 2113 878 2176 Xlll.
923 2114 991 2174 Non
1023 2120 1124 2175 autem
1153 2114 1254 2173 solum
1277 2116 1348 2175 viri-

166 2219 283 2281 darium
306 2217 408 2279 Venus
433 2236 488 2279 suo
513 2222 743 2280 consecraverat
765 2220 845 2288 ritui,
868 2216 924 2278 scd
945 2224 1081 2278 montem
1105 2217 1218 2278 ciuitati
1241 2236 1349 2297 super-

167 2325 395 2385 imminentem·
412 2320 578 2382 libidinosis
613 2325 691 2384 seuit
723 2321 864 2402 plantulis
896 2329 927 2384 et
956 2322 1114 2383 umbrosas
1148 2334 1295 2383 cavernas
1319 2324 1348 2383 in

166 2435 270 2489 monte
292 2426 435 2506 plurimas
464 2426 529 2486 lieri
551 2425 624 2500 iecit
655 2432 847 2488 consecratas
876 2427 925 2488 vel
956 2428 1056 2504 potius
1088 2431 1261 2488 exsecratas
1292 2444 1349 2486 suo

167 2532 275 2603 cultui,
298 2529 379 2592 unde
403 2546 491 2590 mons
514 2529 565 2590 ille
589 2548 677 2591 mons
693 2530 821 2591 Veneris
844 2535 1035 2607 nuncupatus
1056 2536 1103 2607 est
1119 2547 1216 2607 usque
1240 2531 1270 2589 in
1294 2530 1349 2589 ho·

167 2637 306 2699 diernum
329 2636 418 2697 diem.
454 2634 508 2693 Est
531 2640 631 2695 autern
654 2652 741 2694 mons
765 2633 857 2705 altus,
882 2651 1042 2694 ascensum
1065 2632 1177 2692 habens
1202 2631 1348 2692 arduissi-

168 2760 269 2814 mum,
302 2741 387 2821 etin
418 2740 592 2800 summitate
623 2738 780 2816 planitiem
810 2718 901 2796 latam
934 2735 971 2796 ad
1001 2735 1060 2796 duo
1083 2735 1236 2806 milliaria,
1272 2753 1348 2814 rupe

167 2845 312 2904 altissima
334 2849 368 2903 ut
389 2862 475 2904 muro
500 2843 728 2912 circumcincta,
753 2843 804 2903 ubi
827 2839 868 2900 dii
890 2846 1027 2900 veterum
1043 2839 1081 2900 de
1097 2839 1232 2900 siderum
1257 2859 1348 2901 cursu

167 2944 259 3006 etde
283 2945 387 3005 mundi
410 2946 515 3007 ordine
538 2947 716 3008 tractabant.
749 2943 852 3023 Ibique
877 2945 988 3003 crescit
1009 2945 1114 3006 vinum
1138 2946 1348 3022 praecipuum,

166 3050 197 3108 in
222 3030 400 3124 quibusdam
431 3052 512 3109 enim
542 3050 617 3110 locis
647 3048 722 3109 adeo
753 3048 843 3108 fortia
872 3052 1013 3108 crescunt
1045 3048 1129 3118 vina,
1160 3046 1241 3124 quod
1264 3046 1347 3106 nullo

167 3151 268 3228 ligneo
292 3166 362 3210 vase
378 3152 502 3211 retineri
518 3156 655 3229 possunt,
679 3157 709 3211 et
731 3152 763 3211 in
785 3152 933 3232 principio
956 3156 1026 3210 sunt
1048 3151 1117 3212 vina
1132 3151 1183 3211 illa
1198 3142 1293 3228 nigra,
1318 3156 1348 3209 et

167 3251 239 3313 dum
257 3258 472 3324 veterescunt,
486 3253 641 3315 albescunt
660 3259 691 3313 et
707 3253 872 3316 clarissima
886 3254 969 3315 liunt.
1000 3255 1116 3314 Dicitur
1140 3256 1241 3324 etiam,
1266 3252 1348 3331 quod

167 3357 198 3415 in
221 3355 400 3434 quibusdam
422 3357 498 3417 locis
523 3365 640 3419 crescat
654 3360 756 3419 vinum
773 3354 848 3418 adeo
863 3355 950 3428 forte,
975 3357 1055 3435 quod
1074 3357 1111 3417 ad
1126 3358 1241 3418 nullum
1257 3375 1347 3419 usum

166 3458 332 3519 humanum
354 3460 455 3520 valeat
476 3462 574 3538 primo
597 3477 725 3521 uvarum
748 3462 912 3540 expressio,
937 3449 1039 3521 sedin
1054 3468 1166 3522 terram
1183 3459 1347 3522 decurrere

167 3565 291 3634 sinitnr;
327 3561 493 3624 secundam
525 3565 751 3640 expressionem
783 3562 893 3623 medici
923 3566 1074 3642 accipiunt
1107 3570 1138 3624 et
1159 3565 1347 3643 apothecarii

168 3671 199 3726 et
221 3665 382 3725 conficiunt
405 3665 574 3726 corrosivas
597 3665 779 3737 medicinas,
815 3673 846 3726 ct
868 3665 991 3727 demum
1025 3670 1113 3730 tertia
1136 3670 1292 3748 expressio
1316 3671 1347 3729 in

168 3787 256 3831 nsum
279 3768 399 3829 humani
423 3774 512 3847 potus
536 3772 699 3832 assumitur
722 3778 752 3831 ct
774 3770 807 3831 iit
830 3776 918 3848 potus
943 3773 1056 3848 regius.

255 3973 321 4035 Atia
344 3974 435 4034 etiarn
456 3973 591 4050 pretiosa
613 3975 654 4036 ibi
678 3980 839 4046 crescunt,
864 3982 895 4038 et
917 3976 1037 4051 dicunt,
1073 3980 1145 4041 otini
1169 3980 1260 4040 etiam
1282 3978 1347 4039 bal·

170 4095 287 4141 samum
303 4080 352 4140 ibi
373 4077 530 4148 crevisse,
554 4094 611 4156 qua
634 4081 758 4157 propter
772 4079 907 4140 nonnulli
922 4081 1074 4159 putabant,
1099 4085 1292 4146 Salomonem
1309 4084 1347 4145 dc

167 4183 224 4247 hac
245 4183 334 4247 vinea
358 4181 508 4244 cecinisse
530 4180 647 4244 canthi
667 4178 720 4254 ih,
754 4187 825 4241 curn
839 4177 950 4246 dixit:-
964 4178 1074 4241 botrus
1099 4185 1189 4266 Cypri
1216 4187 1348 4250 dilectus
