2874 4770
697 180 760 253 tat

143 361 279 432 diuntnr,
313 375 376 420 non
401 359 434 421 in
466 359 570 424 odium
599 364 699 426 crucis
722 368 754 424 et
780 361 867 434 ildei,
898 378 962 423 non
989 364 1116 440 propter
1145 377 1250 422 aurum
1282 366 1315 423 et

144 471 302 546 argentum
324 464 520 544 capiendum,
559 467 615 528 sed
636 474 671 529 ut
692 469 830 528 homines
853 468 973 544 capiant
1004 473 1035 525 ct
1056 467 1087 524 in
1108 482 1196 526 snam
1218 468 1313 526 serri-

144 575 240 629 tutem
261 568 408 648 redigant.
440 567 527 630 Unde
553 589 621 631 cum
643 573 805 651 improvise
827 573 859 631 in
872 570 958 631 villas
971 571 1104 639 irruunt,
1126 586 1187 628 non
1210 569 1312 629 solum

143 670 275 744 adultos,
311 672 366 733 sed
403 679 433 733 et
455 675 596 752 parvulos
628 678 660 735 in
683 676 762 736 lactc
788 676 906 745 matris,
937 673 1147 752 aparentibus
1170 672 1312 750 fugienti·

140 776 197 836 bus
220 775 394 849 derelictos,
417 779 556 839 inventos
579 781 752 858 portantia
774 781 886 849 saccis,
910 786 940 837 et
963 796 1032 837 cnm
1053 793 1161 854 magna
1184 775 1312 852 diligen·

138 880 179 938 tia
207 881 349 939 nutriunt.
405 880 467 941 Sed
507 882 586 942 sicut
615 882 807 944 dominorum
834 898 943 959 magna
973 887 1020 940 est
1049 878 1173 939 aviditas
1206 896 1312 938 serras

137 981 327 1060 possidendi,
356 985 398 1046 ita
427 990 645 1047 et‘servorum
674 1004 817 1066 magnum
846 992 894 1046 est
921 984 1106 1045 desiderium
1127 999 1234 1041 manus
1258 1000 1311 1043 eo·

139 1105 203 1148 rum
227 1087 390 1159 evadendi,
412 1105 484 1149 narn
505 1089 579 1150 nihil
603 1091 683 1152 aliud
705 1094 785 1152 inter
807 1109 841 1150 se
863 1094 1008 1158 tractant,
1038 1105 1100 1147 non
1126 1085 1207 1146 alind
1229 1089 1312 1164 cagi-

135 1196 200 1251 tant
223 1196 254 1251 et
275 1191 453 1269 loquuntur,
477 1194 536 1253 nisi
559 1212 620 1272 quo
642 1194 734 1256 modo
757 1200 789 1255 et
811 1213 871 1273 quo
893 1192 1010 1272 fugiant
1031 1198 1063 1251 et
1089 1188 1219 1250 eradere
1241 1208 1313 1267 pos·

136 1298 206 1356 sint.
252 1295 314 1356 Sed
337 1314 406 1356 cum
427 1297 486 1374 ipsi
508 1296 623 1358 domini
646 1317 754 1360 eornm
777 1299 835 1358 hoc
849 1295 1041 1376 perpendunt
1064 1300 1095 1354 et
1112 1292 1313 1362 considerant,

137 1402 239 1462 statim
261 1401 410 1478 incipiunt
432 1402 476 1460 eis
498 1391 615 1480 negare
639 1403 759 1480 copiam
780 1400 1009 1469 alimentorum,
1032 1415 1072 1457 ne
1095 1415 1131 1457 er
1152 1394 1313 1475 superflui-

135 1511 197 1565 tate
229 1504 286 1564 sibi
314 1502 352 1563 ad
385 1502 487 1582 lugam
509 1505 652 1565 viaticum
679 1521 858 1583 praeparare
883 1504 1012 1580 possint
1057 1501 1187 1579 Fugiunt
1210 1507 1313 1559 antem

137 1607 238 1677 multi,
266 1605 322 1666 sed
343 1606 418 1666 nihil
441 1607 621 1684 proficiunt,
645 1606 873 1679 uescendum,
903 1613 934 1666 et
957 1604 1029 1665 dum
1050 1611 1119 1684 post
1142 1604 1244 1680 lugam
1265 1605 1312 1663 in·

137 1711 220 1770 venti
241 1709 355 1770 fuerint
377 1715 409 1769 et
430 1709 562 1782 redacti,
586 1710 755 1789 duplicatur
776 1713 822 1771 eis
843 1712 982 1782 miseria,
1006 1716 1037 1768 et
1059 1711 1086 1768 si
1108 1706 1242 1767 secundo
1264 1707 1312 1767 iu·

136 1795 237 1892 gerint
266 1821 297 1873 et
326 1812 443 1873 reducti
470 1813 596 1884 fuerint,
624 1812 688 1890 jam
718 1833 778 1874 non
809 1821 857 1874 est
884 1812 970 1873 locus
1004 1815 1125 1883 reniae,
1159 1810 1215 1871 sed
1246 1812 1311 1869 sine

136 1918 235 1995 aliqua
257 1916 463 1978 misericordia
484 1915 697 1987 verberantur,
725 1919 897 1978 cruciantur
918 1924 950 1977 ct
972 1915 1155 1995 affliguntur.
1201 1915 1234 1974 Si
1257 1932 1310 1974 au·

133 2027 196 2081 tem
219 2019 363 2098 fugiendo
386 2021 665 2099 perseveraverint,
698 2020 869 2082 renduntur
900 2018 949 2080 rel
978 2023 1067 2080 etiarn
1089 2022 1178 2080 rariis
1201 2036 1309 2078 ncces·

131 2124 267 2184 sitatibus
291 2141 308 2184 a
330 2122 401 2200 luga
424 2124 622 2196 codrcentur,
653 2142 722 2185 nam
754 2125 805 2184 alii
838 2126 883 2184 eis
906 2125 973 2184 cibo
995 2130 1025 2182 et
1048 2130 1121 2202 potu
1144 2128 1254 2200 negato
1278 2127 1310 2181 et

130 2227 320 2290 vestimentis
343 2227 521 2303 permittunt
544 2229 640 2299 mori,
675 2227 725 2289 alii
748 2221 881 2289 massam
904 2228 977 2288 ferri
1005 2230 1036 2287 in
1059 2225 1188 2304 pedibus
1216 2241 1310 2301 appo·

132 2335 221 2400 nunt,
253 2329 303 2389 alii
326 2328 404 2389 colla
427 2331 542 2390 catenis
564 2331 731 2408 stringunt,
758 2333 807 2393 alii
830 2333 997 2392 combustis
1019 2332 1120 2391 nervis
1149 2347 1204 2388 eos
1227 2327 1310 2386 clan-

133 2432 194 2493 dns
218 2431 444 2504 reddunt,‘'aiii
472 2433 616 2494 abscissis
651 2435 770 2521 auribus
804 2443 835 2496 et
859 2455 933 2497 naso
956 2435 1079 2496 inutiles
1102 2440 1133 2492 et
1156 2431 1311 2492 deiorrnes

133 2535 266 2597 reddunt
305 2543 335 2596 et
367 2535 531 2608 notabiles,
564 2537 614 2598 alii
631 2541 746 2600 ¹etiam*
766 2540 931 2601 crudeliter
963 2539 1050 2617 galiis
1082 2537 1225 2597 reductos
1256 2552 1311 2595 ne·

133 2645 212 2701 cant.
256 2637 343 2701 Multi
367 2647 469 2702 autem
501 2643 532 2701 in
559 2640 630 2718 iuga
654 2640 692 2703 ad
712 2644 779 2705 loca
802 2643 969 2705 inhabitata
995 2643 1135 2711 reuiunt,
1170 2645 1201 2699 et
1223 2658 1309 2699 mon·

132 2745 212 2806 tibus
236 2750 268 2805 et
292 2745 503 2807 solitudinibus
523 2753 659 2806 errantes
681 2747 759 2808 fame
783 2755 815 2810 et
837 2751 898 2810 situ
917 2753 1059 2826 pereunt,
1083 2745 1131 2804 rel
1155 2743 1236 2822 quud
1259 2762 1310 2804 er·

130 2855 261 2910 tremum
283 2849 397 2911 malum
421 2856 483 2922 est,
518 2851 575 2911 sibi
596 2853 672 2931 ipsis
695 2853 771 2914 duro
793 2855 916 2913 seruitio
938 2854 1038 2931 pressi
1064 2850 1113 2912 rel
1135 2851 1256 2910 miseria
1279 2856 1311 2910 et

130 2952 253 3014 delectu
275 2955 306 3013 in
328 2952 400 3033 luga
429 2953 547 3027 affecti,
578 2973 686 3016 manns
702 2938 888 3034 'injicientes
918 2955 1100 3034 relinquen
1132 2955 1189 3014 sibi
1218 2956 1311 3014 sitam

129 3063 309 3135 extorquent
336 3058 387 3120 rel
416 3075 450 3118 se
482 3061 567 3137 ipsos
590 3060 629 3121 de
653 3061 713 3121 alto
734 3058 963 3141 praecipitando
984 3058 1114 3138 perdunt
1142 3057 1191 3118 rel
1223 3057 1309 3135 aquis

127 3162 320 3240 immergunt.
354 3160 449 3223 vHaec
479 3162 667 3241 quottidiana
689 3168 813 3225 suntin
842 3165 935 3233 locis,
964 3163 1015 3251 ubi
1037 3162 1130 3222 homo
1152 3162 1309 3221 hominem

128 3266 208 3325 sicut
239 3265 369 3326 bestiam
397 3265 551 3344 possidet,
582 3283 654 3328 nam
687 3266 745 3327 boc
768 3267 893 3345 quidem
920 3266 987 3326 lieri
1008 3267 1070 3328 ridi
1092 3267 1206 3327 occulis
1230 3266 1307 3324 meis

126 3371 158 3429 in
180 3375 284 3429 nostro
308 3369 442 3447 hospitio
464 3368 675 3432 Alexandriae.
714 3371 836 3451 Hospes
865 3370 915 3434 rel
938 3370 1042 3430 consul
1068 3375 1184 3428 emerat
1217 3383 1309 3427 unam

126 3471 355 3551 Aethiopissam
379 3491 449 3533 cnm
482 3474 547 3535 aliis
580 3477 715 3548 emtitiis,
750 3495 827 3556 quos
860 3476 997 3536 babebat.
1033 3474 1087 3534 illa
1114 3475 1308 3554 Aethiopissa

127 3574 260 3653 quadam
283 3573 333 3635 die
356 3594 412 3654 pro
435 3576 536 3656 aliquo
555 3577 678 3640 deiectu
701 3587 806 3660 arguta
829 3579 1005 3650 adamica,
1030 3582 1226 3640 correctionis
1250 3583 1306 3640 im·

125 3682 247 3759 patiens
270 3681 381 3741 restitit
411 3684 576 3762 corrigenti
604 3683 759 3756 dominae,
795 3701 873 3762 quae
898 3682 991 3759 jussit
1020 3683 1195 3744 verberibus
1219 3683 1307 3756 allici,

127 3782 183 3844 sed
199 3783 240 3843 ita
255 3785 528 3876 contumaciterlse
545 3787 688 3859 habebat,
714 3794 745 3847 et
759 3805 868 3850 servus
886 3789 1049 3866 castigator
1063 3794 1184 3866 arrepto
1199 3787 1307 3847 baculo

126 3889 158 3948 in
192 3903 260 3947 eam
289 3888 363 3948 totis
393 3889 504 3951 viribus
540 3893 618 3952 sicut
648 3893 680 3952 in
713 3893 832 3952 asinum
861 3891 1065 3971 percutiebat,
1106 3899 1137 3952 ct
1165 3895 1196 3952 in
1226 3900 1306 3952 terra

122 3990 280 4068 jacentem
301 3991 430 4071 pedibus
453 3994 667 4066 conculcabat,
698 4013 776 4073 qnae
797 3996 892 4056 nihilo
915 3998 1014 4057 minus
1041 3998 1305 4057 contumacissime

128 4097 255 4168 restitit,
278 4101 502 4176 repercutiens,
536 4104 659 4178 sputum
682 4098 861 4179 projiciens,
891 4101 1023 4179 lingnam
1046 4099 1211 4161 extendens
1242 4107 1305 4161 tor·

128 4203 229 4258 torem
242 4217 339 4279 paene
353 4201 504 4282 fatigabat.
536 4203 666 4266 Domum
682 4204 844 4267 difficiliter
859 4206 939 4268 ricta
961 4222 1032 4266 cum
1053 4206 1162 4267 inisset
1184 4203 1305 4266 ionibus
