2902 4710
688 157 755 227 177

132 326 239 380 asinum
258 325 384 397 optimum
403 326 517 385 sortitus
536 332 579 383 est
594 328 661 384 FFF
678 332 705 383 b.

131 414 245 482 Assyria
262 415 358 483 regio,
378 415 412 469 70
429 417 455 470 b.

133 499 262 553 assumtio
280 502 377 554 beatae
395 501 515 569 Virginis
532 503 639 557 Mariae
658 504 810 558 celebratur
828 505 856 558 in
875 505 1040 575 Jerusalem,
1060 509 1111 562 217
1128 509 1160 565 A.
1179 511 1210 564 Β.
1230 509 1260 565 C.

133 586 305 640 assumtionis
325 588 416 656 locus,
438 589 487 644 143
505 591 536 644 Β.
556 590 586 646 C.

132 675 233 743 Assur,
251 678 283 728 81
302 675 334 733 Β.

132 763 314 830 Asmodaens,
334 779 386 832 quo
404 765 543 834 relegatus
561 765 619 818 siti
640 767 688 821 137
708 782 731 819 a.

132 851 299 920 astrologia,
320 853 412 906 1381.

132 938 299 991 astronomia
316 938 435 1006 inventa,
460 938 509 994 136
528 955 552 992 a.
643 984 648 993 .

132 1026 275 1080 Athanasii
295 1027 416 1099 episcopi
434 1043 546 1096 corpus,
571 1024 648 1082 3611.

132 1114 270 1181 Athenae,
298 1113 409 1181 civitas,
437 1114 953 1183 1161111111611111111111,’17311.
989 1116 1197 1172 Atheniensium
1220 1118 1310 1186 leges,

201 1200 309 1254 ibidem.
346 1201 426 1255 Ritus
445 1218 537 1255 eorum
556 1208 598 1256 est
615 1202 813 1270 Alexandriae,
834 1205 927 1258 1241.
947 1204 972 1259 b.

132 1288 240 1355 Atesis,
257 1287 370 1355 fluvius,
390 1289 424 1342 43
442 1290 475 1342 A.

132 1377 234 1444 Attica,
253 1376 345 1446 regio,
367 1377 416 1429 179
434 1377 461 1428 h.

133 1464 232 1531 Attila,
250 1470 382 1531 tyrannus
400 1463 535 1531 crudelis,
555 1463 604 1518 211
625 1466 650 1518 b.

132 1552 210 1604 Atlas
229 1551 307 1619 virgo
325 1550 421 1619 gigas,
441 1550 536 1623 cursor
553 1551 742 1620 velocissima,
763 1553 811 1608 119
831 1554 856 1606 b.
892 1555 1030 1610 Atalanta.

133 1633 226 1704 Atlaa',
244 1654 323 1690 mons
341 1635 491 1706 mirabilia,
511 1641 545 1693 52
564 1655 589 1694 a.

135 1727 231 1779 atrium
249 1725 342 1793 Pilati,
361 1741 461 1794 quaere
478 1726 561 1780 Pilati
580 1726 685 1781 atrium.

134 1815 191 1866 Ave
209 1811 314 1882 Maria,
332 1813 462 1867 maximae
481 1815 634 1883 efficaciae,
656 1818 688 1870 19
705 1818 738 1870 Β.

121 1917 200 1954 ares
218 1907 359 1971 portantes
376 1902 508 1957 olivarum
526 1920 616 1957 ramos
635 1904 669 1956 ad
688 1903 717 1959 S.
736 1902 900 1958 catharinae
918 1905 1109 1974 sepulchrum,
1129 1908 1162 1961 bd
1180 1908 1207 1960 b.

135 1996 211 2043 avete
229 1990 295 2044 dixit
314 1989 438 2045 Christus
455 1990 629 2059 mulieribus,
649 2008 701 2061 quo
720 1992 749 2044 in
768 1993 851 2046 loeo?
872 1993 920 2057 163
938 1992 969 2046 Β.

137 2077 196 2142 1111
215 2078 388 2133 nobilissima
406 2084 449 2141 111
466 2080 598 2149 phoenix,
618 2081 667 2134 139
686 2097 711 2137 1.
731 2090 735 2098 ·
866 2082 869 2086 ’

134 2165 192 2219 avis
211 2167 331 2235 ingenua
349 2175 390 2222 est
408 2156 564 2237 pelicanus,
585 2171 635 2223 138
654 2170 681 2224 b.

135 2255 193 2307 avis
212 2256 380 2310 industriosa
398 2262 440 2310 eat
457 2257 602 2326 psittacus,
621 2259 654 2310 83
673 2259 701 2312 b.

135 2346 277 2398 avellanae
297 2347 404 2412 (nuces)
424 2351 489 2399 sunt
505 2345 641 2415 pretiosae
660 2344 689 2396 iu
709 2343 822 2398 Oriente
840 2360 958 2411 marces,
979 2346 1029 2400 127
1047 2345 1072 2398 b.
1092 2362 1115 2398 e.
1211 2331 1214 2337 ¹

136 2433 319 2486 avellanarum
338 2438 502 2486 mercatores
527 2432 736 2484 aedificaverunt
762 2433 790 2485 in
808 2432 962 2486 Jerusalem
989 2431 1132 2486 eeclesiam
1156 2431 1187 2489 S.
1204 2433 1312 2489 Marias

205 2520 238 2572 de
255 2520 371 2588 Latina,
391 2522 443 2574 268
460 2522 492 2572 A.

134 2624 252 2678 augures
260 2614 370 2662 utuntur
378 2609 495 2674 bubone,
504 2606 584 2661 corvo
595 2612 622 2660 et
631 2605 739 2660 cornice
748 2607 782 2660 ad
791 2592 986 2676 augurandum,
994 2608 1043 2664 166
1051 2608 1078 2666 b.
1089 2624 1112 2660 e.
1122 2609 1206 2663 11119
1216 2609 1311 2663 61161.

135 2696 264 2762 Aulacia,
284 2695 379 2749 civitas
398 2695 526 2765 capitalis
542 2695 656 2763 Cretae,
677 2696 725 2750 169
745 2698 770 2753 11.
790 2713 813 2750 1.

137 2781 285 2835 auriculam
304 2780 420 2837 abscidit
436 2783 534 2837 Petrus
551 2784 676 2850 Malcho,
697 2784 747 2837 146
764 2783 797 2836 A.

137 2885 229 2923 aurum
248 2870 340 2923 omnia
356 2870 415 2923 lieri
428 2870 529 2939 optavit
540 2870 650 2941 Midas,
670 2875 697 2923 et
714 2870 753 2923 ita
765 2871 862 2925 factum
882 2875 923 2925 est
935 2871 964 2923 in
978 2870 1021 2924 sui
1033 2869 1223 2940 perditionem,
1242 2871 1313 2926 511.

137 2973 236 3012 aureus
255 2959 343 3027 aries,
365 2950 458 3015 1691.

137 3061 219 3100 aurea
237 3054 315 3118 porta
331 3047 360 3099 in
378 3048 544 3116 Jerusalem,
565 3050 612 3102 141
632 3049 663 3101 A.

135 3151 218 3188 aurea
235 3152 332 3190 mensa
349 3137 472 3190 Helenae
492 3136 671 3204 Graecorum,
691 3136 783 3191 1651.
892 3188 895 3193 .

137 3237 220 3276 aurea
237 3224 361 3291 saecula,
382 3227 433 3280 168
450 3229 477 3280 b.

138 3335 221 3374 aurea
238 3317 342 3387 pluvia,
363 3317 414 3369 166
432 3331 456 3366 a

138 3422 248 3461 aureum
266 3403 368 3467 sellus,
388 3399 451 3468 quid
470 3399 526 3454 siti
547 3400 598 3453 160
616 3413 633 3449 1
651 3403 677 3450 11
695 3412 752 3465 seq.

136 3493 263 3548 Austriae
281 3488 410 3544 archidux
427 3487 485 3540 vias
503 3485 634 3539 montium
651 3483 781 3537 meabiles
798 3479 876 3544 iecit,
896 3479 946 3532 223
965 3479 992 3530 b.

137 3580 292 3636 aviditatem
310 3574 494 3629 insatiabilem
512 3574 613 3626 habent
631 3570 714 3625 Turni
732 3566 856 3638 rapiendi
882 3581 982 3636 pueros
1009 3565 1053 3618 vel
1072 3563 1195 3630 emendi,
1221 3564 1312 3634 magis

187 3689 190 3695 ·
208 3683 285 3737 quam
303 3678 477 3734 quascunque
495 3676 615 3744 merces,
636 3660 684 3713 131
704 3673 730 3710 1.
743 3658 775 3710 b.
795 3672 817 3709 e.

139 3757 251 3821 Azotus,
269 3751 378 3819 Asdod,
398 3748 494 3804 civitas
511 3744 739 3814 Philistinorum,
759 3747 790 3799 11
809 3744 842 3798 A.

703 3931 741 4002 B.

138 4123 292 4195 Rabylonis
309 4122 436 4190 antiqua,
460 4117 494 4175 5⁰
512 4133 547 4186 a,
571 4128 643 4169 nora
659 4111 778 4184 Aegypti
795 4109 892 4168 ciritae
910 4107 1040 4177 maxima,
1064 4106 1150 4164 multa
1165 4105 1249 4162 habet
1265 4120 1315 4161 no·

209 4210 298 4280 mina,
321 4210 373 4269 102
390 4225 415 4267 a.
432 4208 460 4265 b.
478 4222 501 4261 c.
519 4209 570 4264 eto.
