2874 4770
785 161 829 233 'ld

214 319 356 416 poribus,
389 337 497 416 quibus
526 337 574 400 vel
600 337 647 399 eol
676 338 724 400 vel
762 339 832 400 luna
860 339 1063 417 eclipsantur:
1107 340 1271 401 aestimant
1304 342 1390 411 enim,

217 448 251 502 ut
289 441 515 519 imprudentes,
547 441 646 503 sidem
674 445 803 504 animata
846 443 909 502 iore
953 448 981 502 at
1024 443 1217 520 passionibus
1248 443 1327 503 attici
1364 449 1392 502 et

217 545 386 622 peregrinis
410 544 666 607 immutationibus
694 545 796 606 subiri.
827 545 1022 622 singulariter
1044 551 1145 606 tamen
1172 546 1277 606 lunam
1301 547 1389 607 hono·

217 653 284 707 rant
323 646 452 725 ejusque
495 649 688 709 simulacrum
718 664 810 728 super
838 665 943 709 omnes
973 649 1134 709 moschcas
1164 656 1305 726 ponunt,
1337 668 1391 708 non

218 750 389 821 rotundam,
419 759 453 812 ut
483 753 570 830 plena
598 751 666 813 luce
697 759 830 833 apparet,
860 752 915 812 sed
945 759 1110 821 cornutam,
1142 760 1172 811 et
1203 771 1258 830 pro
1291 752 1391 828 majori

219 860 303 934 parte
333 854 516 933 eclipsatam.
563 855 676 927 Credo,
717 856 797 935 quod
826 856 884 916 boc
914 858 1088 934 acceperint
1117 873 1134 915 a
1161 857 1244 916 cultu
1273 856 1391 926 Dianae,

220 973 297 1035 quae
327 957 397 1018 luna
427 976 496 1019 esse
519 958 682 1030 dicebatur,
713 961 744 1019 in
774 957 859 1035 cujus
889 957 1009 1037 templis
1041 958 1131 1018 lunae
1156 961 1279 1035 signum
1304 975 1392 1036 pone-

219 1059 315 1130 batur,
347 1067 378 1121 et
409 1062 588 1124 culminibus
627 1069 797 1133 tectorum,
828 1062 906 1123 sicut
940 1063 971 1121 in
1000 1061 1163 1121 moscbeis.
1212 1061 1268 1120 Vel
1294 1079 1330 1120 ex
1360 1078 1392 1120 eo

224 1171 424 1242 acceperunt,
466 1168 535 1244 quia
575 1168 604 1226 in
635 1168 785 1239 ecclesiis,
805 1166 1041 1227 Christianorum
1072 1163 1166 1242 gallus
1196 1169 1245 1223 est
1277 1163 1392 1224 extento

223 1266 301 1327 collo
333 1275 363 1328 et
394 1268 508 1339 cauda,
544 1271 575 1329 in
605 1269 732 1330 formam
764 1271 848 1348 quasi
878 1267 995 1329 mediae
1025 1267 1114 1328 lunae
1145 1285 1294 1339 eversae;
1327 1285 1392 1326 oon·

220 1376 374 1431 verterunt
412 1372 523 1450 gallum
552 1376 581 1432 in
613 1374 724 1445 lunam,
755 1380 786 1435 et
816 1374 865 1435 illa
895 1378 942 1434 est
971 1373 1056 1450 quasi
1087 1370 1265 1448 principalis
1298 1389 1390 1431 causa.

307 1474 383 1534 Cum
412 1483 513 1536 autem
544 1476 610 1537 dies
638 1478 792 1548 illuxisset,
822 1482 971 1537 venerunt
1001 1474 1038 1535 ad
1069 1491 1126 1534 nos
1156 1473 1282 1551 quidam
1314 1474 1391 1534 Chri-

220 1578 308 1637 stiani
347 1575 498 1650 diceutes,
535 1582 616 1658 quod
657 1599 748 1641 naves
780 1578 996 1641 Alexandrinae
1024 1577 1088 1654 jam
1119 1585 1337 1648 onerarentur,
1365 1584 1392 1636 et

221 1681 310 1740 citius
341 1687 445 1740 esseut
473 1700 664 1753 recessurae.
717 1683 781 1744 lloc
811 1701 882 1743 curn
911 1681 1151 1752 audivissemus,
1183 1683 1288 1741 statim
1318 1680 1391 1740 Tan-

219 1782 398 1861 guardinum
423 1788 635 1847 accessirimus
661 1802 792 1863 eumque
820 1786 999 1863 rogavimus,
1030 1791 1064 1844 ut
1085 1785 1173 1843 citius
1197 1802 1254 1843 nos
1272 1783 1393 1843 duceret

218 1885 437 1960 Alexandriam,
461 1897 621 1968 antequam
637 1908 729 1951 naves
747 1891 931 1951 Venetorum
955 1887 1026 1948 inde
1049 1887 1174 1957 abirent,
1193 1887 1275 1963 quia,
1305 1888 1331 1944 si
1345 1902 1392 1943 eas

220 1991 456 2068 negligeremus,
488 1992 622 2054 hiemare
651 1995 681 2052 in
710 1991 890 2053 Alexandria
917 1997 1080 2069 oporteret,
1112 1989 1194 2068 quod
1221 1990 1311 2049 nobis
1332 2007 1391 2047 mo·

219 2096 416 2155 lectissimum
444 2096 570 2168 luisset,
609 2104 639 2157 et
669 2099 699 2155 in
732 2096 909 2174 corporibus
960 2100 990 2155 et
1031 2094 1186 2177 animabus
1235 2098 1267 2152 et
1307 2092 1392 2153 rebus

220 2200 370 2260 nocivum.
415 2198 462 2260 Ad
490 2200 549 2260 boc
578 2197 737 2279 respondit
764 2196 1008 2275 languardinus:
1035 2195 1171 2266 educam,
1203 2198 1311 2274 inquit,
1332 2213 1392 2265 vos,

221 2321 281 2383 quo
312 2303 420 2374 vultis,
452 2322 514 2364 non
546 2311 648 2365 tamen
679 2301 824 2370 consulo,
855 2306 888 2360 ut
917 2302 949 2360 in
978 2297 1191 2359 Alexandriam
1222 2301 1300 2358 eatis
1330 2300 1392 2357 sine

220 2412 318 2472 littera
348 2409 542 2471 testimoniali
571 2415 602 2469 et
631 2409 816 2487 promotoria
846 2425 863 2466 a
891 2406 1014 2466 domino
1044 2402 1176 2463 Soldauo
1207 2401 1317 2461 habita.
1364 2399 1394 2458 Si

221 2514 302 2573 enim
331 2515 474 2574 veneritis
504 2510 714 2573 Alexandriam
745 2513 811 2572 sine
842 2509 958 2580 littera,
988 2524 1056 2566 mox
1087 2507 1118 2564 in
1148 2506 1278 2564 civitatis
1309 2509 1394 2581 porta

219 2632 316 2694 usque
348 2614 386 2675 ad
412 2615 523 2693 pellem
553 2615 756 2684 nudabimini,
787 2619 818 2673 et
848 2613 949 2672 omnia
989 2616 1088 2671 vestra
1126 2607 1395 2686 perscrutabuntur

220 2736 317 2797 usque
356 2718 391 2779 ad
422 2720 547 2789 intima,
586 2726 619 2779 ut
647 2717 720 2778 nibil
748 2718 934 2794 importetis,
972 2713 1010 2774 de
1041 2729 1101 2790 quo
1131 2709 1307 2770 theloneum
1336 2725 1394 2768 non

223 2821 364 2881 reddatis.
412 2822 444 2882 Si
476 2830 577 2883 autem
607 2822 738 2907 litteram
767 2821 941 2889 habueritis,
972 2818 1063 2879 libres
1091 2832 1145 2875 vos
1182 2815 1393 2873 intromittent.

221 2922 287 2984 Hoc
321 2925 422 2986 audito
464 2928 634 3004 petivimus,
669 2929 818 3002 quatenus
845 2921 883 2981 de
911 2922 1011 2980 littera
1043 2919 1129 2979 nobis
1156 2915 1330 2996 provideret
1361 2933 1395 2974 ex

223 3026 563 3090 cancellariasotdani.
620 3028 684 3088 lloc
717 3035 818 3088 autem
848 3025 1009 3086 consilium
1040 3021 1123 3082 dedit
1152 3022 1239 3081 uobis
1270 3022 1315 3080 vir
1345 3018 1394 3077 ille

221 3130 317 3203 fallax,
347 3138 379 3192 ut
408 3133 546 3211 pecuniis
576 3149 632 3192 nos
658 3112 808 3209 spoliaret,
839 3135 869 3187 et
894 3147 954 3187 non
979 3135 1013 3187 ut
1037 3132 1158 3186 nostrae
1186 3123 1309 3183 utilitati
1324 3141 1394 3183 con·

221 3237 354 3309 suleret,
386 3238 455 3314 quia
484 3236 522 3296 ad
551 3237 677 3306 nihilum
705 3234 805 3294 littera
835 3234 921 3293 nobis
950 3232 1030 3291 utilis
1058 3230 1133 3300 luit,
1165 3229 1243 3288 sicut
1273 3227 1394 3305 patebit.

220 3339 345 3400 Decima
367 3342 497 3419 septima
525 3339 572 3400 die
595 3339 760 3416 inquietam
782 3342 904 3396 noctem
931 3334 1088 3395 babuimus
1116 3334 1218 3405 etiam,
1234 3337 1304 3409 post
1331 3347 1396 3389 ces-

222 3443 371 3503 sationem
401 3444 637 3504 Sarracenorum
662 3459 678 3502 a
703 3443 766 3500 suis
793 3440 948 3499 nocturnis
975 3436 1154 3504 insolentiis,
1181 3450 1255 3511 quas
1284 3433 1398 3494 iaciunt

222 3547 254 3604 io
283 3560 338 3602 suo
364 3542 491 3620 jejunio,
520 3553 553 3605 ut
582 3563 675 3624 saepe
699 3543 850 3622 praelatus
872 3559 949 3602 sum.
983 3539 1146 3600 Silentibus
1169 3539 1251 3596 enim
1274 3537 1397 3615 paganis

221 3646 302 3708 bubo
332 3645 453 3723 quidam
484 3648 631 3711 advolavit
671 3656 701 3709 et
729 3666 764 3708 ex
789 3649 928 3726 opposito
950 3660 1089 3706 camerae
1124 3646 1248 3702 nostrae
1286 3638 1396 3699 sedens

221 3746 355 3809 bubilare
387 3750 487 3826 coepit
515 3767 591 3810 voce
621 3751 727 3830 plena,
776 3757 806 3809 et
846 3767 905 3808 non
941 3748 1094 3808 modicum
1132 3754 1281 3806 terrorem
1311 3744 1396 3804 nobis

221 3847 330 3912 intulit.
392 3847 475 3911 Licet
511 3855 613 3925 enim,
655 3862 687 3914 ut
719 3853 921 3914 Christianum
961 3851 1065 3921 decet,
1104 3848 1139 3909 ad
1173 3848 1297 3926 auguria
1338 3864 1397 3906 uon

222 3942 466 4024 attenderemus,
505 3974 541 4017 ex
577 3963 681 4018 natura
719 3965 820 4018 tamen
858 3957 949 4016 homo
981 3959 1111 4016 terretur
1140 3956 1229 4011 nocte
1271 3950 1397 4010 audiens

223 4055 350 4137 garritus
373 4055 496 4130 avium,
531 4069 562 4120 et
592 4056 754 4139 praecipue
784 4058 952 4129 bubonum,
992 4053 1078 4130 eujus
1122 4053 1264 4115 bubilatio
1309 4057 1397 4113 nocte

221 4159 394 4232 bominibus
432 4157 508 4224 adeo
546 4169 594 4224 est
634 4160 753 4234 odiosa,
773 4163 863 4225 :siout
900 4160 966 4238 ejus
1004 4159 1122 4220 volatus
1160 4155 1333 4217 volucribus
1367 4156 1397 4214 in
