2874 4770
685 180 749 258 alt

127 371 190 434 ‹loo
213 368 350 448 episcopi
370 354 442 427 eum
465 367 643 444 equitaturis
671 373 702 428 et
725 373 868 446 apparatu
896 358 990 429 multo
1016 374 1165 431 venerunt
1195 373 1227 428 et
1259 363 1306 429 in-

129 474 228 555 gressi
252 471 369 552 galeam
391 470 478 531 nobis
508 473 675 550 peregrinis
710 473 838 544 multum
868 471 970 532 infesti
993 472 1116 533 fuerunt
1147 479 1178 534 et
1205 479 1308 533 nostra

128 582 258 657 angusta
280 574 354 635 loca
369 574 466 653 magis
482 577 737 652 angustiaverunt.
769 575 933 636 interillos
957 578 1119 656 episcopos
1143 596 1220 638 unus
1245 583 1309 637 erat

116 675 306 760 religiosus,
330 677 369 740 de
392 676 498 738 ordine
521 677 652 755 quodam
675 679 926 750 mendicantium,
950 678 1092 759 adquem
1107 699 1165 759 ego
1187 681 1309 741 oculum

128 783 220 847 babai
241 783 354 860 tnagis,
377 798 469 861 quarn
492 781 529 842 ad
552 781 644 844 alium
667 783 832 845 dominum.
864 784 936 844 Erat
950 788 1051 843 autern
1072 786 1234 863 episcopas
1257 783 1309 844 ille

127 886 264 966 juvenis,
286 885 445 957 imberbis,
479 884 664 949 foemineam
687 888 801 964 habens
822 886 932 947 faciem
955 893 985 949 et
1008 905 1109 947 mores
1132 906 1187 966 per
1209 889 1309 948 omnia

126 989 309 1060 muliebres,
331 988 465 1065 babitans
480 1007 569 1051 suum
584 991 728 1070 portavit,
752 990 853 1051 sedin
869 992 971 1051 colore
988 998 1017 1051 et
1034 991 1134 1052 valore
1149 999 1307 1053 mutatum.

128 1082 208 1156 Nam
230 1092 277 1155 'de
300 1095 433 1172 pretiosa
462 1094 626 1155 scamalota
654 1097 836 1180 formaverat
867 1096 923 1156 sibi
951 1094 1086 1156 habitum
1116 1114 1185 1155 curn
1215 1095 1308 1156 cauda
1425 1123 1430 1149 a

130 1204 231 1270 retro,
255 1199 334 1259 siout
355 1197 503 1281 foeminae,
516 1202 547 1256 et
569 1196 680 1277 multos
703 1200 733 1259 in
757 1198 857 1278 digitis
880 1199 1008 1261 habebat
1031 1199 1156 1260 annulos
1174 1216 1308 1278 gemma·

130 1307 181 1364 tos
214 1307 246 1362 et
273 1302 304 1360 in
339 1300 417 1387 collo
437 1300 570 1360 babebat
593 1318 715 1362 auream
747 1308 885 1363 catenam
926 1308 1048 1363 etcum
1072 1305 1134 1363 suis
1158 1304 1303 1363 ministris

131 1404 281 1485 quottidie
298 1402 510 1475 contendebat,
527 1405 743 1484 aspernabatur
758 1413 860 1466 autem
875 1413 1010 1478 cunctos,
1026 1408 1190 1485 praecipue
1207 1413 1309 1466 tamen

127 1509 318 1590 peregrinos,
337 1524 419 1586 ⁴tpuos
442 1526 511 1568 non.
526 1509 648 1569 sinebat
665 1527 771 1570 secum
795 1510 973 1572 consedere.
1004 1510 1142 1583 Quadam
1159 1513 1225 1573 viee
1242 1512 1308 1588 qui-

105 1611 201 1674 'dam
223 1610 366 1674 sacerdos
395 1611 434 1673 de
462 1614 589 1685 nostris,
622 1612 794 1691 capellanus
826 1612 984 1690 cujusdam
1013 1615 1116 1675 militis
1147 1615 1308 1693 peregrini,

126 1717 246 1795 rogavit
268 1699 340 1777 eum
362 1715 518 1794 paulutum
541 1715 707 1777 ascendere
731 1735 747 1778 a
770 1717 855 1790 loco,
887 1720 918 1778 in
942 1735 1002 1796 quo
1026 1717 1167 1790 sedebat,
1201 1737 1239 1778 ne
1262 1720 1307 1778 sic

123 1825 260 1882 arctaret
288 1819 446 1902 militem,
465 1821 627 1899 episcopus
661 1827 761 1881 autem
793 1812 969 1900 despective
1000 1821 1192 1888 sacerdotem
1223 1822 1308 1882 illum

126 1908 297 2002 inspiciens
320 1922 473 2002 desperit,
496 1924 647 1985 sacerdos
663 1931 764 1985 autem
788 1925 889 1986 locum
913 1932 944 1987 et
966 1927 1118 1999 cumbam,
1150 1945 1239 2004 qaam
1263 1928 1307 1986 in·

128 2027 215 2107 genti
236 2016 335 2105 pretio
357 2045 412 2105 pro
443 2044 477 2087 se
508 2034 641 2099 emerat,
676 2028 813 2089 defendit
843 2037 1001 2108 opponens
1024 2048 1058 2091 se
1081 2033 1240 2111 episcopo,
1270 2031 1307 2092 ad
1421 2070 1431 2081 -

128 2126 460 2213 mremepiscopusin
483 2134 618 2195 omnium
641 2132 791 2216 audientia
812 2131 898 2194 dixit:
938 2141 969 2196 et
991 2134 1143 2213 quomodo
1165 2143 1199 2198 tu
1222 2139 1306 2213 asine

131 2235 228 2298 andes
251 2222 437 2298 contendere
459 2256 599 2311 mecum,
622 2254 721 2299 nonne
751 2237 828 2308 scis,
852 2239 918 2315 quis
943 2255 998 2316 ego
1022 2235 1112 2298 sumi
1142 2237 1188 2299 Aa
1215 2256 1306 2317 quem

129 2338 258 2420 clericus
273 2340 361 2402 dixit:
394 2358 452 2420 ego
476 2345 577 2403 asinus
591 2355 660 2402 ‘non
679 2351 765 2412 sum,
789 2340 843 2401 sed
867 2340 1021 2412 sacerdos,
1043 2359 1101 2402 nec
1115 2341 1307 2403 sacerdotem

128 2463 242 2525 sperno
263 2445 332 2506 ¹neo
364 2447 542 2525 episcopum
572 2452 768 2507 contemnere
805 2441 918 2523 debeo,
964 2443 1018 2504 sed
1054 2447 1306 2523 superbissimum

128 2549 311 2610 monachum
334 2556 365 2611 et
387 2548 590 2628 irreligiosum
613 2550 736 2611 fratrem
755 2551 868 2621 sentio,
893 2566 962 2609 enm
986 2567 1046 2626 quo
1069 2550 1228 2627 usquead
1252 2570 1306 2611 an·

130 2650 223 2733 'goem
244 2671 300 2732 pro
319 2652 440 2731 juribus
463 2657 539 2714 meis
562 2653 747 2715 contendere
776 2653 856 2715 volo.
902 2653 949 2714 Ad
974 2654 1049 2715 haec
1072 2653 1204 2716 ostendit
1227 2655 1307 2733 epis·

127 2774 227 2836 copus
249 2753 300 2818 ille
323 2757 475 2819 sacerdoti
496 2758 601 2828 ficum,
624 2764 658 2820 ut
681 2759 761 2819 solet
782 2758 994 2820 fieriabltalis
1012 2759 1215 2838 compellite,
1239 2777 1309 2820 cam

130 2861 222 2923 alicui
240 2860 458 2923 contumeliam
478 2861 593 2941 inferre
617 2861 729 2925 volunt.
769 2861 834 2923 lloc
857 2863 930 2924 dum
945 2863 1033 2924 miles
1057 2863 1158 2924 clerici
1173 2863 1307 2935 vidisset,

127 2964 292 3025 insurrexit
315 2972 418 3026 contra
442 2967 636 3045 episcopum,
659 2968 761 3028 etalii
785 2970 895 3029 milites
915 2968 1045 3047 juvenes
1069 2987 1136 3029 cum
1162 2987 1214 3040 eo,
1238 2986 1307 3029 cnm

127 3062 317 3129 clamore-et
334 3067 451 3146 jurgio,
482 3071 644 3150 episcopus
663 3079 770 3133 autem
792 3072 933 3151 prudenti
956 3091 1029 3134 usus
1055 3072 1181 3134 oonsilio
1205 3073 1306 3150 fugam

128 3171 255 3249 arripuit
276 3189 397 3232 sursum
420 3173 451 3231 in
475 3172 633 3234 castellum
657 3175 693 3236 ad
716 3184 892 3256 patronum,
925 3195 983 3237 nec
1006 3179 1134 3256 amplius
1158 3175 1194 3237 ad
1217 3192 1306 3254 pere·

128 3275 284 3354 griaorurn
306 3276 373 3337 loca
397 3274 564 3338 descendit.
611 3279 677 3340 Dixi
700 3263 839 3360 superius
862 3282 892 3340 in
915 3279 948 3340 P.
972 3279 993 3341 l.
1018 3281 1080 3342 Fol.
1104 3277 1147 3345 68
1169 3281 1207 3342 de
1232 3298 1305 3359 quo·

127 3376 200 3441 dam
223 3370 351 3451 clerico,
374 3378 466 3441 latino
491 3389 522 3443 et
544 3399 654 3461 graeco
670 3382 776 3454 simul,
802 3389 832 3443 et
848 3383 941 3444 multa
956 3382 1013 3443 alia
1028 3387 1144 3454 notaui,
1168 3387 1209 3445 ita
1225 3383 1307 3463 quod

127 3481 236 3553 miror,
260 3481 341 3562 qnod
363 3502 474 3545 nomen
498 3485 609 3547 Christi
625 3504 683 3546 non
700 3483 815 3545 dudam
838 3491 887 3546 est
908 3503 925 3545 a
949 3485 1047 3566 Cypro
1068 3485 1213 3560 deletum,
1237 3506 1307 3549 curn

130 3586 173 3647 sit
193 3585 226 3645 in
247 3585 349 3647 medio
372 3585 541 3650 Turcorum
565 3595 596 3650 et
618 3589 863 3650 Sarracenorum.

177 3737 181 3743 .
218 3687 334 3753 Octavo
357 3690 406 3752 die
422 3695 588 3753 mansimus
612 3692 710 3753 adhuc
733 3693 868 3770 inportu
884 3686 1019 3770 Paphum
1034 3710 1131 3773 usqne
1147 3693 1183 3756 ad
1197 3713 1306 3775 vespe-

127 3811 231 3856 ramm
254 3801 374 3872 tempus
398 3801 429 3856 et
451 3803 522 3856 tunc
545 3796 651 3856 levatis
677 3795 816 3884 anchoris
840 3801 871 3856 et
892 3795 990 3856 soluta
1005 3799 1072 3859 navi
1096 3816 1112 3859 a
1136 3805 1222 3878 porto
1240 3800 1305 3877 qni-

128 3897 200 3960 dem
224 3901 424 3982 recessimus,
455 3898 511 3960 sed
533 3906 637 3960 nostro
661 3901 761 3960 itineri
784 3890 910 3962 rentum
931 3906 1034 3978 aptum
1054 3920 1116 3963 noo
1138 3903 1306 3972 habuimus,

127 4000 210 4064 unde
234 4001 271 4063 ad
294 4003 373 4064 latus
397 4003 488 4082 Cypri
503 4009 566 4064 tota
581 4003 631 4064 illa
647 4011 737 4065 nocte
752 4003 897 4065 inutiliter
911 4005 1104 4082 agitabamur.
1135 4006 1168 4066 Si
1183 4012 1307 4067 ventam

126 4103 228 4168 secuti
258 4105 438 4180 fuissemus,
465 4109 498 4167 in
528 4105 618 4167 Asiae
640 4105 767 4168 Minoris
796 4111 987 4170 venissemus
1018 4110 1085 4170 loca
1118 4107 1155 4170 ad
1176 4110 1308 4171 insolam

126 4209 318 4290 Gamalam,
340 4216 373 4273 et
393 4209 464 4274 inde
486 4212 599 4272 iterum
619 4211 657 4272 in‘
677 4209 815 4274 Cilicium
837 4211 979 4275 aulonem
1003 4209 1111 4289 rejecti
1125 4212 1305 4284 fuissemus;

1037 4325 1098 4383 le*
