2874 4770
714 163 785 246 ’276

160 357 381 427 testimonium,
410 353 513 432 Capite
536 353 586 414 ubi
610 369 710 431 supra.
757 354 789 414 Si
814 371 886 432 ergo
910 355 954 414 sio
978 360 1041 424 est,
1074 355 1155 434 quod
1179 355 1351 419 Cretenses

161 478 282 540 semper
305 466 375 521 suut
396 456 576 527 mendaces,
600 473 723 535 semper
737 455 857 517 luerunt
873 456 924 517 lilii
940 456 1064 531 diaboli,
1089 477 1158 519 cum
1175 460 1352 521 secundum

160 567 281 628 Domini
304 564 485 624 sententiam
500 560 644 621 lobannis
660 558 733 620 Vlll.
760 559 894 621 diabolus
918 562 954 622 ab
977 563 1062 622 initio
1085 564 1115 623 in
1130 564 1263 625 veritate
1287 583 1349 625 non

161 671 260 739 stetit,
281 666 337 728 sed
360 666 486 727 mendax
510 674 555 727 est
580 673 611 727 et
634 672 719 745 pater
736 654 894 726 mendacii.
926 666 958 725 Si
975 685 1099 746 semper
1113 668 1211 729 malae
1228 670 1349 741 bestae,

161 790 285 852 semper
307 771 613 831 lueruntbominibus
629 769 781 841 insidiosi,
805 768 886 848 quod
909 771 1000 830 etiam
1024 770 1062 832 de
1079 771 1197 832 diaholo
1223 772 1348 844 dieitur,

161 880 231 957 quia
254 875 431 936 insatiabilis
455 873 606 934 homicida
629 880 686 934 est.
731 872 815 934 ldem
839 892 874 935 ex
899 875 957 936 alio
982 882 1080 954 patet,
1115 877 1194 955 quod
1226 864 1349 938 scilicet

164 982 328 1043 Cretenses
359 978 517 1040 adiabolo
541 980 617 1038 sint:
651 996 722 1039 nam
746 978 888 1039 lobannis
912 978 941 1039 l:
975 982 1025 1059 qui
1049 978 1086 1040 de
1109 986 1189 1041 terra
1212 987 1277 1052 est,
1307 980 1347 1041 de

161 1092 242 1148 terra
265 1084 414 1163 loquitur,
438 1084 488 1161 qui
512 1082 549 1142 de
573 1081 676 1153 coelo,
700 1081 738 1143 de
762 1083 858 1144 coelo.
891 1084 942 1144 Sic
958 1085 1008 1162 qui
1023 1083 1061 1144 de
1076 1084 1194 1145 interno
1210 1085 1346 1164 loquun-

161 1199 227 1262 tur,
258 1189 296 1250 de
320 1188 446 1249 interno.
494 1187 656 1248 Cretenses
688 1193 789 1247 autem
821 1189 956 1248 inomni
983 1188 1152 1260 locutione,
1181 1188 1289 1267 jocosa
1316 1197 1347 1250 et

163 1298 285 1365 seriosa‚
310 1292 382 1352 laisa
407 1298 437 1351 et
462 1309 549 1362 vera,
573 1308 696 1368 semper
719 1310 829 1352 nomen
845 1292 954 1354 diaboli
978 1301 1152 1364 assumunt,
1177 1301 1207 1355 et
1232 1313 1345 1356 secun·

162 1400 235 1461 dnm
258 1396 381 1458 verbum
412 1402 459 1455 est
481 1392 626 1455 diabolus.
671 1393 758 1455 Unde
790 1382 893 1457 dicunt
922 1415 976 1474 pro
1007 1404 1107 1469 certo,
1143 1397 1224 1476 quod
1258 1417 1344 1477 puer,

163 1511 324 1581 antequam
348 1501 422 1558 sciat
445 1515 554 1558 vocare
578 1504 694 1576 patrem
718 1518 822 1569 sumn,
847 1501 904 1561 scit
927 1503 1082 1562 nominare
1106 1502 1267 1563 diabolum.
1307 1504 1345 1563 Et

164 1608 223 1668 hoc
256 1603 345 1665 bodie
377 1604 492 1681 experti
516 1621 620 1663 snmus
644 1605 673 1662 in
707 1604 762 1663 bac
795 1605 902 1666 insula.
948 1603 1062 1666 ldcirco
1087 1613 1211 1685 propter
1238 1609 1343 1684 siugu-

161 1711 257 1772 larem
287 1710 407 1769 illorum
439 1706 593 1767 bominum
624 1700 788 1785 nequitiam
821 1709 934 1787 placuit
968 1711 1096 1787 antiquis
1126 1689 1250 1771 Graecis
1282 1731 1343 1772 non

163 1815 321 1877 Graeciam
336 1812 391 1873 sed
407 1810 527 1872 Cretam
551 1829 617 1872 eam
640 1818 751 1872 terram
775 1814 930 1874 nominari.
977 1813 1060 1874 Haec
1082 1814 1180 1873 insula
1205 1815 1342 1876 celeber·

162 1921 237 1980 rima
268 1916 347 1996 apud
370 1923 489 1977 veteres
520 1913 593 1985 tuit,
626 1921 656 1976 et
685 1916 869 1976 creberrime
901 1918 1033 1978 carmina
1066 1918 1185 1995 poetica
1219 1927 1341 1980 canunt.

162 2022 238 2083 Nam
259 2022 290 2080 in
314 2038 355 2080 ea
376 2020 523 2079 Saturnus
544 2018 677 2079 creditur
698 2020 749 2079 ille
772 2021 994 2082 'vetustissimus
1019 2037 1087 2080 esse
1110 2024 1288 2098 progenitus
1312 2030 1344 2083 et

161 2126 254 2187 irater
276 2121 342 2200 ejus
366 2122 454 2183 Titan
479 2129 509 2182 et
532 2140 662 2183 sorores.
695 2122 782 2184 Titan
805 2131 925 2195 autem,
948 2143 1018 2185 cum
1036 2131 1118 2184 esset
1142 2123 1239 2209 major
1260 2133 1342 2198 natu,

164 2245 290 2308 regnare
315 2228 425 2298 voluit,
449 2225 503 2286 sed
528 2229 598 2304 quia
620 2228 715 2306 turpis
731 2228 807 2289 facie
831 2228 903 2300 luit,
928 2237 958 2290 et
975 2225 1030 2308 (1))
1049 2228 1228 2289 inhumanus
1247 2232 1342 2309 gigas,

160 2351 284 2398 suasum
319 2339 366 2392 est
390 2332 518 2392 Saturno
553 2333 690 2412 accipere
716 2333 772 2393 sibi
795 2351 931 2411 regnum.
977 2332 1065 2396 Titan
1089 2341 1209 2404 antem,
1233 2335 1342 2396 videns

158 2439 259 2501 fratris
283 2439 329 2498 sui
353 2430 566 2508 ambitionem,
600 2439 694 2496 cessit
724 2455 816 2515 regno
846 2438 896 2498 illa
928 2437 1113 2509 conditione,
1145 2444 1180 2497 nt
1214 2439 1240 2497 si
1274 2439 1341 2516 quis

159 2548 335 2605 nasceretur
357 2541 450 2601 virilis
474 2544 597 2603 seminis
621 2545 664 2613 ei,
688 2561 756 2602 mox
773 2561 843 2603 eum
859 2551 996 2615 necaret,
1021 2545 1079 2625 boc
1102 2550 1190 2622 pacto
1213 2562 1342 2622 sperans

160 2649 284 2710 tandem
309 2665 434 2726 regnum
459 2649 490 2706 in
506 2665 630 2707 suorum
646 2645 775 2706 liliorum
792 2648 974 2724 potestatem
991 2646 1199 2707 deventurum.
1229 2647 1342 2708 Natum

162 2771 235 2831 ergo
259 2755 388 2830 primum
412 2750 506 2810 filium
535 2753 661 2811 necavit.
707 2750 766 2811 Alii
790 2750 911 2823 dicunt,
935 2752 1016 2830 quod
1039 2770 1145 2812 omnes
1168 2770 1240 2811 snos
1265 2751 1342 2813 lilios

161 2855 313 2915 devoravit
347 2861 378 2914 et
406 2857 508 2915 statim
539 2854 698 2915 devoratos
731 2856 873 2916 evomuit.
920 2855 1028 2927 Porro,
1065 2855 1136 2915 dum
1168 2870 1244 2915 mor
1276 2854 1342 2933 ejus

161 2955 235 3035 Opis
250 2957 360 3017 iterum
388 2959 578 3037 concepisset
613 2960 811 3038 geminosque
828 2958 982 3030 edidisset,
999 2957 1149 3019 lunonem
1176 2958 1342 3019 foeminam

162 3067 193 3121 et
214 3058 320 3119 lovem
344 3079 474 3134 marem,
498 3063 670 3124 obtulerunt
694 3065 770 3141 patri
793 3061 944 3123 lunonem
968 3070 998 3122 et
1024 3061 1169 3140 lapidem,
1195 3062 1341 3134 dicentes,

161 3164 259 3242 Opem
284 3183 352 3224 cum
376 3156 634 3244 tunone'petram
659 3168 814 3244 genuisse,
849 3165 954 3226 lovem
986 3172 1087 3225 autem
1121 3165 1198 3225 clam
1232 3167 1262 3224 in
1298 3167 1341 3226 al-

161 3269 311 3328 tissimum
350 3264 627 3330 Cretaemontem
664 3268 747 3330 idam
786 3269 927 3330 alendum
965 3271 1051 3329 matri
1088 3271 1270 3339 transmisit,
1309 3275 1341 3329 et

162 3371 280 3433 Curetis
321 3372 440 3452 populis
475 3375 669 3435 transmissus
706 3381 767 3443 est,
811 3391 902 3451 quem
942 3371 1104 3433 Melissiius
1142 3391 1192 3434 rex
1232 3374 1341 3434 Cretae

162 3479 305 3536 assumsit
333 3493 463 3554 eumque
487 3476 601 3538 duabus
628 3480 690 3538 suis
725 3478 839 3538 filiabus
875 3477 1115 3548 commendavit,
1155 3496 1231 3556 quae
1270 3497 1341 3538 eum

161 3579 252 3640 melle
277 3587 307 3640 et
330 3581 452 3657 caprino
477 3581 555 3640 lactc
579 3585 758 3641 nutrierunt.
805 3580 862 3641 Alii
896 3581 1012 3653 dicunt,
1046 3579 1127 3659 quod
1157 3581 1246 3642 melle
1276 3589 1340 3641 tan-

162 3688 225 3743 tum
259 3684 298 3742 sit
332 3685 527 3744 nutritusab
559 3685 674 3764 apibus.
720 3684 796 3745 Nam
828 3686 899 3747 dum
923 3704 999 3765 puer
1021 3684 1124 3758 fleret,
1158 3706 1197 3748 ne
1221 3687 1339 3748 audire·

161 3792 210 3845 tur
234 3783 300 3861 ejus
323 3783 423 3857 fletus,
449 3789 600 3865 cymbala,
623 3796 779 3866 tympana,
804 3790 927 3868 clypeos
950 3797 981 3851 et
1003 3808 1084 3851 arma
1105 3791 1277 3869 pulsabant,
1302 3791 1340 3851 ad

163 3906 290 3967 quorum
312 3891 446 3950 sonitum
469 3908 524 3951 suo
548 3909 632 3952 more
655 3891 849 3953 convolantes
885 3912 957 3973 apes
987 3893 1075 3954 mella
1104 3895 1135 3954 in
1167 3914 1201 3955 os
1225 3896 1340 3974 parvuli

162 3985 244 4051 loris
267 3990 453 4064 inferebant3
489 3995 526 4054 ob
559 3992 640 4073 quod
669 3994 848 4055 beneficium
879 4004 985 4074 postea
1015 3998 1089 4059 deus
1115 3997 1228 4071 lactus,
1262 3999 1340 4059 banc

163 4094 289 4155 contulit
311 4097 415 4172 apibus
440 4099 583 4176 gratiam,
607 4104 640 4158 ut
663 4099 728 4158 sine
752 4101 833 4159 coitu
859 4109 1049 4180 generarent.

249 4198 377 4277 lingunt
396 4198 449 4262 ¹ulii
471 4200 626 4275 dieentes,
659 4219 731 4263 eum
752 4202 909 4280 Nymphas
932 4208 963 4267 in
986 4223 1060 4286 apes
1083 4207 1289 4278 convertisse,
1322 4224 1340 4268 a
