2874 4770
689 277 730 347 31

126 453 360 525 domesticatus,
382 455 414 514 iu
436 459 539 515 nostro
562 461 664 516 autern
687 460 852 534 conspectu
875 452 1013 514 luserunt
1037 470 1107 513 cum
1129 451 1231 525 leone,
1260 455 1302 517 ita

126 564 245 629 tamen,
268 555 350 637 quod
371 573 494 636 semper
508 575 568 617 uno
584 557 717 618 luctante
734 574 804 618 curn
819 574 873 628 eo,
897 556 972 617 alter
988 555 1123 617 adstabat
1138 573 1207 618 cum
1221 557 1302 619 iuste

127 669 160 723 et
182 661 301 741 quando
324 661 373 722 leo
396 659 559 738 incipiebat
582 662 729 731 sevarios,
742 676 832 738 agere
855 659 1042 739 percutiebat
1065 677 1134 721 curn
1167 660 1248 722 iuste
1271 665 1303 722 et

127 767 186 825 nisi
208 765 259 825 ille
276 767 321 825 sic
336 761 519 834 adstitisset,
542 763 591 824 leo
607 763 822 824 colluctantem
835 765 866 823 in
877 760 948 840 joco
965 762 1189 842 discerpsisset,
1211 764 1303 826 nimia

128 868 211 928 enirn
232 864 407 927 fortitudine
430 866 525 945 pollet
547 874 579 929 et
597 865 728 944 jocando
753 866 927 944 strangulat.
973 863 1045 925 ldeo
1068 865 1197 926 Samson
1213 866 1302 928 dixit:

128 967 203 1049 quid
224 968 331 1031 lortius
354 967 469 1030 leone?
492 968 588 1030 ludic.
611 967 691 1029 xlv.
736 968 894 1031 llorribilis
909 958 966 1028 tuit
980 967 1052 1028 mihi
1067 977 1209 1048 aspectus
1223 971 1307 1042 illius,

127 1071 208 1144 ludi,
232 1073 302 1150 quia
324 1073 356 1132 in
378 1078 533 1133 momento
554 1073 685 1134 instabat
705 1074 836 1134 bominis
852 1073 1028 1143 exstinctio;
1051 1088 1112 1132 non
1126 1074 1304 1152 recipissem

129 1159 288 1247 Cabirum,
322 1174 404 1255 quod
436 1176 473 1238 ad
503 1176 633 1237 bestiam
654 1178 870 1247 accessissem,
906 1172 976 1255 (85
993 1172 1036 1254 a)
1060 1175 1150 1236 silere
1172 1175 1241 1237 volo
1264 1175 1304 1238 de

129 1278 343 1340 colluctatione
367 1284 399 1339 et
422 1280 648 1360 congressione.
694 1279 727 1339 Sl
752 1285 853 1339 autem
883 1281 1057 1358 congressio
1079 1279 1176 1339 leonis
1200 1278 1303 1341 dome·

128 1383 227 1445 sticati
249 1389 298 1444 est
312 1384 354 1442 ita
368 1381 553 1460 periculosa,
578 1382 650 1460 quid
666 1389 713 1442 est
729 1382 766 1443 de
781 1383 870 1442 leone
885 1379 975 1443 lero?
999 1382 1127 1443 Samson
1143 1397 1304 1462 aggressus

128 1485 250 1547 leonem
272 1486 443 1547 silvestrem
464 1486 566 1562 ipsum
589 1484 776 1556 dilaceravit,
800 1483 880 1563 quod
903 1490 1005 1545 tamen
1019 1485 1120 1547 iacere
1136 1504 1196 1547 non
1213 1503 1304 1549 ausus

128 1589 252 1660 fuisset,
283 1588 342 1648 nisi
374 1586 497 1677 spiritus
526 1593 647 1648 sanctus
678 1589 760 1666 prius
784 1589 815 1649 in
838 1605 908 1648 eum
936 1590 1088 1662 irruisset,
1116 1597 1151 1652 ut
1177 1592 1307 1654 habetur

129 1689 227 1753 ludio.
244 1689 328 1751 xlv.
360 1690 411 1750 Sic
433 1687 530 1750 David
547 1707 616 1751 eum
628 1690 766 1751 leonibus
782 1691 872 1762 lusit,
896 1695 982 1770 quasi
998 1711 1067 1754 oum
1087 1697 1181 1773 agnis,
1205 1696 1300 1758 Sirac.

129 1791 193 1865 47,
217 1791 336 1870 adjutus
359 1798 462 1852 tamen
485 1798 517 1851 et
539 1797 693 1870 protectus
710 1809 728 1852 a
743 1792 890 1865 Domino,
913 1800 948 1855 ut
968 1796 1096 1858 habetur
1116 1796 1139 1860 1.
1157 1799 1232 1879 lleg.
1253 1796 1305 1864 l'l.

130 1896 182 1956 Sic
210 1893 352 1972 Bendas,
384 1896 430 1955 vir
456 1893 638 1956 fortissimus
662 1912 840 1974 magnorum
863 1915 1008 1977 operum,
1039 1905 1190 1980 percussit
1226 1904 1304 1966 duos

129 2000 236 2060 leones
258 1996 364 2072 Moab,
399 2005 428 2060 et
452 2001 598 2060 nnumin
623 1999 805 2063 eisterua2.
829 2000 904 2080 Reg.
928 1999 980 2068 23.
1026 2004 1077 2065 Sic
1099 2004 1205 2067 Daniel
1227 2008 1307 2068 inter

114 2103 235 2165 leones
257 2105 370 2164 mansit
390 2105 493 2176 vivus,
515 2102 590 2164 Dan.
609 2100 659 2168 14.
705 2105 743 2165 Εῑ
757 2102 953 2184 Lysimachus
970 2106 1166 2188 philosophus
1182 2110 1218 2170 ab
1233 2108 1306 2172 Ale·

128 2206 241 2270 xandro
263 2205 306 2268 Μ.
330 2208 411 2268 leoni
433 2192 569 2284 objectus
600 2224 690 2268 manu
714 2224 748 2268 se
772 2207 906 2270 defendit
929 2227 946 2271 a
967 2210 1073 2272 bestia.
1117 2212 1154 2273 Et
1184 2220 1307 2276 sanctus

128 2308 263 2389 Ignatius
294 2310 431 2371 leonibus
460 2327 477 2370 a
508 2309 679 2371 Domitiano
711 2310 839 2373 traditus
871 2313 938 2391 ipse
971 2314 1083 2376 bestias
1114 2318 1305 2395 provocabat,

128 2429 207 2492 quae
229 2429 300 2474 eum
323 2412 445 2491 quidem
468 2412 706 2485 suffocaverunt,
730 2414 786 2474 sed
808 2431 915 2476 earnes
938 2414 1003 2493 ejus
1018 2418 1190 2481 nulloteuus
1207 2422 1305 2483 laese-

130 2522 210 2577 runt.
255 2517 293 2578 Et
314 2516 499 2590 Gottlridus,
523 2520 637 2598 primus
660 2536 713 2579 rex
734 2516 910 2580 Latinorum
931 2523 963 2581 in
986 2522 1163 2594 Jerusalem,
1186 2524 1308 2585 leonem

131 2621 337 2699 strangulavit.
381 2623 420 2683 llt
446 2624 526 2682 inter
553 2624 763 2684 strenuissima
791 2640 884 2704 opera
906 2624 1044 2686 Herculis
1074 2629 1200 2706 gigantis
1224 2645 1307 2689 corn·

133 2724 293 2786 mendatur
318 2725 491 2788 interiectio
521 2727 629 2787 leonis.
672 2727 743 2788 Erat
766 2729 846 2788 enim
877 2729 909 2789 in
937 2728 1065 2807 quadam
1095 2734 1218 2811 regione
1249 2732 1308 2805 leo,

132 2829 272 2890 omnibus
295 2829 453 2902 terribilis,
487 2847 579 2909 quem
602 2848 761 2910 aggressus
784 2830 931 2892 Hercules
953 2834 1054 2911 ipsum
1076 2836 1243 2907 interfecit,
1277 2844 1309 2898 et

133 2949 172 2992 eo
195 2935 347 2995 excoriato
370 2925 450 3013 pelle
472 2931 538 3011 ejus
563 2931 642 3015 (pro)
667 2935 757 3014 pallio
780 2952 854 2996 usus
878 2942 926 2996 est
949 2953 1085 3017 semper,
1114 2945 1146 2999 et
1168 2940 1306 3001 omnibus

132 3044 167 3099 ut
187 3037 238 3099 leo
260 3039 291 3099 in
313 3038 369 3098 han
391 3045 477 3100 veste
499 3037 695 3100 formidabilis
718 3039 783 3124 fuit.
828 3037 861 3100 ln
884 3057 1019 3100 amorem
1048 3060 1120 3103 vero
1150 3042 1308 3122 cujusdam

131 3131 283 3204 foeminae
305 3141 390 3222 lolne
413 3142 511 3204 dictae
533 3143 653 3214 incidit,
685 3161 764 3223 quae
788 3145 816 3205 ei
838 3145 951 3217 suasit,
976 3145 1056 3224 quod
1078 3146 1190 3224 pellem
1210 3149 1307 3231 leonis

131 3246 291 3325 deposuit,
323 3264 488 3335 purpuram
509 3253 540 3308 et
563 3248 689 3309 annulos
713 3246 825 3319 induit,
858 3249 947 3308 sertis
977 3266 1010 3309 se
1045 3252 1161 3312 ornavit
1193 3258 1224 3312 et
1251 3270 1308 3314 un-

134 3351 252 3429 guentis
281 3350 392 3428 inungi
415 3368 450 3411 se
480 3351 634 3429 permisit,
667 3357 698 3411 et
717 3353 765 3415 ita
782 3349 993 3412 effoeminatus
1017 3359 1063 3413 est
1084 3352 1198 3427 laetus,
1227 3355 1310 3434 quod

132 3454 212 3514 inter
234 3452 431 3532 pedissequas
455 3460 570 3516 amatae
604 3472 676 3515 suae
709 3453 789 3515 sedit
811 3460 843 3515 et
864 3455 1021 3517 muliebria
1049 3456 1122 3518 lecit
1150 3477 1244 3538 opera
1278 3466 1310 3523 et

133 3576 223 3620 omne
246 3560 338 3621 robur
361 3560 476 3632 amisit,
510 3562 562 3639 qui
585 3567 685 3621 tamen
716 3560 849 3622 inaudita
881 3569 1017 3640 gesserat
1047 3568 1127 3623 ante.
1171 3563 1309 3641 Egressis

132 3663 231 3741 igitur*
246 3661 305 3723 illis
329 3681 399 3723 cum
420 3664 511 3724 leone
533 3663 655 3725 advenit
676 3663 811 3744 quidam,
836 3653 957 3725 'ducens
980 3683 1084 3727 secum
1107 3682 1177 3726 cum
1202 3672 1310 3728 'cateno

133 3783 254 3838 ursum,
278 3760 310 3837 et
331 3783 424 3845 super
445 3784 550 3827 ursum
572 3766 652 3828 sedit
673 3783 733 3827 una
756 3767 842 3827 simia
865 3767 987 3840 canina,
1021 3786 1111 3847 quarn
1133 3789 1188 3831 nos
1211 3771 1309 3832 norni-

133 3885 241 3929 uamus
265 3868 382 3949 (loppin
410 3871 441 3929 in
473 3869 596 3948 vulgari.
643 3869 724 3931 Haec
754 3870 841 3930 simia
871 3886 942 3930 curn
972 3871 1070 3932 fistula
1099 3873 1248 3935 fistulabat
1279 3879 1311 3935 et

132 3988 239 4033 ursum
261 3968 298 4032 ad
321 3970 490 4033 saltandum
513 3978 545 4031 et
568 3969 779 4033 chorizanduru
801 3973 973 4035 stimulabat
996 3980 1027 4035 et
1053 3983 1158 4054 postea
1180 3975 1219 4038 de
1238 3986 1311 4042 urso

134 4074 261 4136 saltabat
294 4081 326 4136 et
357 4093 426 4136 cum
455 4093 491 4136 eo
522 4093 578 4155 per
607 4077 721 4136 curiam
752 4075 936 4149 chorizabat,
970 4077 1121 4141 dstulante
1156 4083 1311 4161 magistro,

134 4184 168 4240 et
188 4179 292 4257 plures
315 4177 387 4241 alias
410 4178 564 4241 fatuitates
587 4177 731 4251 iaciebat,
764 4179 872 4256 quibus
894 4181 972 4241 risus
997 4182 1196 4257 excitabatur,
1225 4203 1261 4246 ac
1284 4187 1312 4246 si

135 4300 174 4346 ex
195 4285 311 4347 ratione
334 4291 446 4364 ageret.
490 4283 526 4346 ln
547 4284 622 4357 due,
642 4282 713 4362 joco
736 4284 911 4356 terminato,
936 4285 1072 4350 circuivit
1085 4284 1184 4350 bestia
1198 4293 1311 4359 erecta,
