2874 4770
691 152 737 229 28

123 334 221 399 serat,
250 328 289 391 de
319 347 377 392 oro
409 346 550 409 egressos
573 331 724 409 recolligit
745 333 777 392 et
798 343 906 407 magna
928 345 1001 391 cura
1022 330 1127 392 nutrit
1172 329 1213 392 Et
1234 331 1303 392 ideo

124 430 236 493 dicitur
257 430 329 493 Job:
357 431 516 496 lnduratur
537 434 666 495 stmthio
689 432 728 494 ad
748 432 826 493 tilios
849 449 938 502 suos,
968 434 1055 510 quasi
1075 452 1137 495 non
1160 436 1225 496 sint
1246 436 1301 496 sui.

122 530 161 593 ht
182 530 327 594 Threnor.
350 532 415 596 lV.:
438 536 527 598 Fiunt
548 537 652 616 populi
675 537 735 596 mei
758 533 905 606 crudeles,
930 537 1018 613 quasi
1039 537 1170 598 struthio
1194 539 1226 597 in
1249 535 1301 596 de·

123 640 221 706 scrtm
243 654 314 698 nam
337 638 369 697 in
391 636 521 700 desertis
543 639 618 701 locis
641 643 726 708 sunt,
749 644 783 699 ut
803 643 887 716 patet
910 636 1028 698 lesaiue
1053 633 1104 699 13.
1127 645 1160 700 et
1183 635 1237 703 34.

210 737 256 799 De
279 738 337 801 hoc
359 743 390 801 ln
413 742 501 803 aliam
534 742 748 802 habitationem
779 757 834 800 nos
863 738 979 801 induxit
1008 747 1039 801 et
1068 741 1110 801 ihi
1137 742 1172 802 in
1201 744 1301 802 caveis

123 838 324 921 pendentibus
346 850 432 907 erant
452 845 647 924 pulcherrimi
669 843 808 923 psittaci,
840 842 916 903 mira
946 843 1130 905 humanitate
1154 860 1191 904 se
1215 845 1301 905 nobis

124 942 337 1016 ostendentes,
371 965 441 1009 nam
470 965 646 1011 communes
674 952 746 1008 sunt
773 947 804 1006 in
830 943 890 1006 illis
922 945 1094 1023 regionibus
1123 944 1197 1006 illae
1219 963 1300 1016 ares,

124 1046 194 1126 qnia
216 1045 254 1107 de
276 1047 426 1112 littoribus
455 1050 546 1112 indici
568 1052 675 1121 maris,
704 1050 736 1110 in
759 1048 868 1128 quibus
891 1049 1065 1127 gignuntur,
1093 1045 1250 1110 ducuntur
1270 1049 1302 1108 iu

121 1146 301 1230 Aegyptum.
346 1151 398 1212 Est
421 1160 523 1215 autem
545 1155 690 1232 psittacus
713 1152 775 1212 avis
798 1149 923 1218 nobilis,
947 1167 1038 1228 quam
1060 1155 1201 1211 veterum
1216 1168 1301 1211 error

121 1250 214 1314 tradit
234 1253 328 1315 luisse
351 1255 515 1316 hominem.
559 1255 630 1316 lirat
653 1257 733 1315 enim
755 1252 942 1330 temporibus
963 1248 1064 1330 Moysi
1085 1253 1117 1314 in
1140 1251 1302 1313 Thessalia

121 1355 167 1418 vir
189 1353 352 1427 Psittacus,
383 1356 651 1436 prudentissimus,
684 1355 879 1417 Deucalionis
908 1360 940 1415 et
967 1352 1098 1432 Pyrrhae
1121 1355 1217 1428 illius3
1253 1355 1301 1416 hic

123 1455 161 1519 ad
183 1454 349 1536 Aethiopes
378 1461 463 1532 abiit,
492 1460 543 1522 ubi
576 1461 606 1519 in
637 1459 765 1519 murima
793 1457 987 1520 veneratione
1009 1457 1143 1530 habitus,
1177 1477 1249 1519 cum
1271 1460 1301 1520 in

123 1559 332 1637 longissimum
361 1562 525 1633 evasisset,
559 1563 672 1632 oravit,
707 1567 741 1623 ut
771 1561 862 1623 rebus
892 1560 1118 1622 subtraheretur
1149 1560 1300 1633 humanis,

124 1659 211 1739 cujus
233 1663 373 1741 precibus
394 1663 435 1725 dii
457 1662 562 1725 faciles
585 1664 708 1724 eumin
731 1679 818 1724 avem
840 1665 887 1725 sui
908 1665 1039 1725 nominis
1062 1669 1257 1726 mutaverunt
1272 1670 1301 1725 et

123 1763 193 1826 inde
215 1783 321 1827 omnes
343 1769 463 1846 psittaci
491 1773 563 1829 sunt
592 1769 701 1845 geniti,
737 1785 795 1828 nec
818 1766 887 1827 alibi
909 1767 940 1826 in
961 1765 1073 1828 mundo
1096 1757 1300 1845 reperiuntur,

122 1868 181 1930 uisi
202 1869 233 1928 in
255 1869 349 1941 locis,
371 1870 421 1930 ubi
443 1868 592 1932 Psittacus
615 1870 761 1948 regnavit.
806 1867 889 1930 llaec
913 1871 975 1931 avis
999 1876 1046 1931 est
1069 1868 1172 1932 viridis
1189 1871 1300 1931 coloris

123 1974 200 2042 tota,
224 1977 330 2050 torque
353 1979 455 2036 tamen
478 1975 608 2053 puniceo
632 1973 745 2034 collum
768 1972 858 2033 hahet
880 1978 1035 2044 umatum,
1061 1970 1134 2053 (84
1150 1970 1196 2051 tt)
1211 1993 1299 2054 gran·

124 2070 194 2134 dem
216 2073 307 2137 habet
328 2077 461 2155 linguam
483 2082 514 2137 et
536 2076 643 2148 latam,
665 2074 745 2137 unde
770 2075 926 2137 articulata
949 2075 1039 2138 verba
1062 2076 1219 2154 exprimit,
1250 2079 1299 2147 ita,

122 2181 157 2238 ut
178 2179 205 2238 si
227 2196 294 2240 eom
317 2197 376 2240 non
410 2180 519 2242 videris
548 2179 705 2240 hominem
736 2178 872 2240 locutum
902 2185 1007 2258 putes,
1036 2174 1182 2257 loquitur
1198 2186 1300 2241 autem

122 2281 318 2345 muliebriter.
363 2283 405 2345 Ex
427 2289 533 2345 natura
555 2287 658 2344 autem
679 2283 880 2361 imperatores
895 2280 1021 2353 salutat,
1045 2280 1167 2342 dicens:
1193 2282 1299 2353 Chere,

123 2399 187 2446 ave.
232 2385 294 2446 Sed
317 2392 437 2447 caetera
458 2386 549 2450 verba
571 2385 644 2448 dicit
665 2385 880 2456 instructione,
904 2378 986 2446 unde
1008 2383 1131 2463 quidam
1157 2384 1212 2447 sub
1228 2390 1296 2464 per·-

122 2503 196 2550 sona
218 2491 338 2568 psittaci
360 2489 448 2563 dicit:

365 2604 502 2657 Psittacus
520 2621 537 2657 a
555 2604 633 2658 uobis
651 2604 768 2657 aliorum
785 2601 896 2655 nomina
914 2602 1006 2685 disco3
1119 2660 1127 2670 p

345 2684 353 2700 “
400 2691 459 2743 lloc
477 2707 525 2758 per
543 2707 585 2744 mc
604 2691 686 2745 didici
705 2689 808 2743 dicere:¹
828 2687 932 2743 Caesar
950 2705 1009 2743 ave.

208 2797 310 2859 Rostri
332 2794 397 2873 ejus
420 2803 503 2858 tanta
526 2803 575 2857 est
596 2796 720 2868 duritia,
750 2802 784 2856 ut
806 2813 876 2857 cum
899 2813 916 2856 e
939 2797 1060 2858 sublimi
1083 2787 1300 2875 praecipitatur

122 2901 154 2962 io
176 2917 294 2972 saxum,
317 2901 386 2961 nisu
408 2917 442 2960 se
466 2902 526 2960 oris
551 2901 687 2979 excipiat.
734 2898 831 2979 Caput
853 2917 923 2960 vero
946 2899 1037 2960 hahet
1066 2905 1132 2960 tam
1157 2898 1299 2969 validum,

123 3002 205 3084 quod
227 3020 288 3063 non
311 3004 414 3074 sentit,
444 3005 502 3064 nisi
524 3005 607 3083 virga
629 3003 728 3085 ferrea
750 3003 951 3081 percutiatur,
981 3002 1078 3074 unde,
1109 3001 1231 3081 quando
1253 3004 1298 3062 in·

123 3108 249 3169 stmitur
275 3106 313 3167 ad
342 3105 543 3186 loquendum,
576 3110 659 3188 virga
688 3107 788 3168 ferrea
817 3112 908 3185 caput
937 3105 1002 3182 ejus
1036 3104 1180 3188 caeditur.
1226 3102 1299 3166 Avis

123 3210 275 3272 luxuriosa
297 3214 399 3271 estet
421 3211 490 3272 vino
513 3212 692 3283 inebriatur,
724 3208 805 3289 quod
833 3208 962 3269 libenter
989 3207 1063 3268 bibit
1092 3214 1124 3268 et
1145 3208 1300 3288 seipsam

123 3312 201 3391 pede
225 3312 319 3383 cibat,
343 3314 421 3375 sicut
444 3314 534 3375 homo
557 3332 666 3385 manu;
697 3329 790 3389 aquas
814 3328 920 3372 omnes
944 3311 1089 3382 sustinet,
1121 3308 1177 3370 sed
1199 3309 1301 3389 pluvia

122 3413 245 3495 perlusa
269 3417 404 3477 moritur.
449 3416 501 3478 llst
531 3420 623 3479 mirae
654 3416 824 3479 calliditatis
857 3412 895 3503 ad
924 3412 1113 3474 excitandum
1142 3412 1300 3473 hominum

122 3520 226 3581 risum.
270 3517 463 3580 Domesticos
486 3520 542 3581 sibi
565 3520 773 3593 deosculatur,
796 3518 1022 3595 nonnumquam
1044 3523 1146 3577 tamen
1159 3516 1300 3577 osculum

123 3619 290 3686 simulando
322 3639 456 3683 morsum
483 3630 582 3685 rostro
616 3625 735 3695 tribuit;
769 3624 828 3684 hoc
863 3621 945 3680 enim
967 3621 1039 3680 mihi
1061 3620 1093 3678 in
1109 3620 1184 3689 navi
1206 3637 1301 3698 super

122 3740 206 3784 mare
229 3727 368 3802 contigit,
401 3727 430 3786 in
448 3744 519 3806 ⁴qua
545 3727 631 3805 juxta
660 3743 710 3786 me
732 3724 882 3804 pendebat
906 3725 1068 3802 psittacus,
1099 3722 1172 3782 mihi
1201 3722 1305 3783 iactus.

122 3824 387 3900 familiarissimus,
417 3833 469 3907 qui
501 3833 593 3892 etiam
624 3829 723 3906 aliqua
752 3829 907 3889 teutonica
936 3828 1026 3889 verba
1056 3843 1074 3886 a
1102 3842 1151 3886 me
1185 3825 1300 3896 didicit,

123 3926 253 4008 quadam
274 3932 340 3991 vice
364 3933 498 4008 gestibus
522 3935 629 4012 petivit
651 3930 787 3991 osculum
810 3949 827 3992 a
849 3947 913 4001 me,
937 3929 1009 3991 dum
1032 3936 1134 3990 autem
1148 3930 1212 3990 sibi
1232 3930 1298 3990 vul·

122 4037 188 4094 tum
210 4033 403 4111 praeberem,
427 4037 554 4114 arripuit
576 4039 675 4105 rostro
699 4050 755 4093 suo
778 4051 857 4094 unco
880 4050 988 4094 nasum
1003 4051 1105 4095 meum
1121 4037 1152 4092 et
1168 4036 1300 4111 graviter

123 4153 173 4196 me
196 4136 372 4214 vulneravit.
417 4136 531 4198 Eadem
552 4138 649 4199 bestia
671 4134 817 4198 didicerat
840 4155 857 4199 a
879 4153 929 4196 me
952 4136 1101 4216 quaedam
1122 4136 1213 4196 verba
1235 4137 1298 4199 ale-
