2874 4770
682 157 755 230 'tls

134 336 297 400 nobiscum
316 336 483 411 habuimus,
506 335 677 416 dequibus
698 354 759 398 nou
780 338 934 401 modicum
952 339 1145 420 accepissent
1166 357 1310 401 censum:

136 442 162 501 si
185 440 348 505 fuissemus
370 444 587 520 negotiatores,
619 463 679 503 non
702 445 747 504 sic
778 448 996 515 evasissemus,
1012 443 1078 504 'eos
1107 445 1309 522 edimusque

137 543 175 604 ad
197 544 309 604 nudam
330 544 443 623 pellem
467 545 597 633 spoliant
620 551 651 605 et
675 545 754 623 quod
777 548 973 609 inhumanum
987 553 1080 608 estet
1095 553 1183 626 turpe
1199 547 1309 618 dicere,

136 649 165 706 in
187 649 406 726 posterioribus
430 634 591 726 quaerunt,
622 650 653 708 in
685 667 738 709 ore
769 656 800 710 et
829 652 950 711 auribus
973 651 1181 711 absconditum
1204 668 1310 710 aurum

136 743 166 810 ei
196 750 313 829 lapides
344 753 504 830 pretiosos.
558 751 711 831 Expeditis
744 770 816 830 ergo
850 755 938 812 nobis
972 754 1093 815 intravit
1121 752 1311 813 Schamhecli
1398 807 1401 815 .

133 854 239 914 urbem
270 860 301 914 et
333 853 454 914 adduxit
478 855 609 916 camelos
644 863 674 916 et
698 859 797 917 asinos
820 875 875 935 pro
899 856 985 915 nobis
1020 860 1050 914 et
1072 855 1163 915 rebus
1186 856 1308 915 nostris.

133 956 196 1017 Nos
235 974 307 1036 ergo
347 957 496 1037 colligetis
533 960 658 1020 sarcinis
692 960 806 1021 bestias
841 960 1031 1020 oneravimus
1065 964 1096 1017 et
1125 958 1231 1018 urbem
1263 959 1308 1018 iu·

131 1062 227 1139 gressi
250 1077 355 1121 sumus
379 1067 502 1127 etcum
526 1068 588 1122 tam
612 1063 802 1124 miserabiles
828 1061 961 1139 undique
986 1077 1180 1128 cerneremus
1197 1061 1309 1132 ruinas,

131 1163 339 1242 obstupuimus
363 1168 556 1227 ammirantes
582 1167 796 1237 vehementer,
821 1164 903 1243 quod
923 1171 985 1226 tam
999 1164 1142 1223 miseram
1159 1164 1310 1224 civitatem

131 1267 354 1330 circumdarent
374 1271 453 1330 muri
468 1276 531 1330 tam
552 1270 628 1330 firmi
652 1277 683 1329 et
706 1270 819 1330 decori.
854 1267 913 1327 Per
938 1269 1062 1346 longum
1084 1274 1187 1328 autern
1209 1268 1308 1327 vicum

129 1374 337 1451 processimus
350 1374 383 1432 in
399 1374 512 1433 curiam
530 1372 673 1451 grandem
690 1372 804 1433 domini
819 1370 966 1447 praelecti
981 1372 1080 1441 urbis,
1105 1372 1309 1449 potentissimi

130 1474 325 1549 Mamalucci‚
367 1454 584 1537 ducentenos
621 1472 892 1535 Trutschelmanno
928 1472 965 1532 ad
999 1472 1064 1550 ejus
1101 1481 1308 1552 prospectum.

131 1576 228 1638 Moris
250 1585 298 1638 cst
321 1581 410 1652 enim,
436 1579 517 1658 quod
539 1594 644 1639 ornnes
667 1579 853 1656 alienigenae
876 1578 973 1654 primo
988 1583 1220 1657 praesentantur
1236 1595 1308 1638 con-

132 1681 285 1758 spectibus
307 1681 462 1759 praelecti.
507 1683 655 1761 Egressus
679 1688 781 1744 autem
804 1681 992 1759 praefectus,
1023 1683 1068 1740 vir
1097 1697 1190 1741 senen
1211 1698 1307 1742 vene-

130 1782 241 1844 randus
266 1789 296 1844 et
318 1789 512 1862 personatus,
546 1784 685 1845 salutavit
715 1803 772 1845 nos
797 1791 828 1844 et
851 1785 985 1863 singulos
1009 1784 1238 1862 diligentissime
1260 1788 1306 1846 in·

129 1889 223 1946 tuitus
248 1888 329 1947 abire
353 1887 390 1948 ad
413 1888 513 1948 locum
535 1893 673 1949 nostrum
696 1889 845 1967 permisit,
867 1888 1018 1966 siquidem
1033 1888 1171 1948 homines
1187 1889 1231 1948 illi
1245 1907 1305 1949 uno

128 1991 237 2051 intuitu
265 1993 373 2052 miram
404 1991 441 2052 de
464 1992 587 2053 homine
610 1993 762 2069 accipiunt
784 1992 936 2062 notitiam,
968 1992 1000 2050 in
1030 1990 1089 2050 hoc
1112 1994 1194 2051 enim
1218 2009 1304 2070 prae-

128 2094 334 2156 cellentissimi
353 2095 476 2173 judices·
496 2100 583 2179 sunt,
617 2096 697 2155 sicut
726 2093 841 2172 patebit
874 2093 925 2153 iol.
952 2087 1024 2157 121.
1070 2093 1305 2173 Demumtergo

127 2198 270 2261 decuria
291 2201 343 2261 illa
367 2200 464 2260 adhuc
486 2192 689 2278 perlongum
709 2197 810 2258 vicum
833 2194 1049 2257 ambulavimus
1073 2203 1105 2256 et
1127 2196 1165 2258 ad
1189 2200 1306 2258 curiam

127 2302 208 2378 regis
231 2300 352 2361 Siciliae
376 2303 533 2372 venimus,
564 2303 596 2359 in
618 2317 678 2377 qua
700 2299 853 2360 Catbalani
884 2303 1069 2359 mercatores
1092 2316 1163 2360 suas
1187 2317 1305 2360 merces

129 2408 160 2461 et
184 2406 318 2463 edmerus
340 2403 467 2474 habent,
500 2403 570 2480 quia
593 2408 641 2462 est
661 2401 793 2460 sonticus
817 2401 1059 2461 Cathalaniorum
1089 2407 1120 2461 et
1141 2401 1306 2480 hospitium

130 2507 263 2566 omnium
279 2505 515 2567 Christianorum
531 2505 777 2583 peregrinorum,
796 2505 852 2563 nisi
869 2521 905 2563 er
920 2501 1065 2580 singulari
1079 2502 1181 2563 favore
1198 2503 1307 2566 Veneti

115 2615 160 2670 ,et
183 2607 350 2670 Januenses
380 2610 473 2671 velint
496 2626 550 2668 eos
573 2609 605 2666 in
627 2609 689 2666 suis
714 2606 835 2666 ionticis
864 2607 1019 2684 hospitari.
1066 2604 1198 2682 lngrcssi
1230 2610 1301 2687 ergo

129 2722 198 2772 cum
220 2714 311 2773 rebus
333 2715 446 2773 nostris
469 2713 616 2774 lenticum
638 2711 685 2772 vel
709 2711 823 2769 curiam
847 2708 968 2779 domus,
992 2709 1125 2768 occurrit
1147 2709 1233 2769 nobis
1250 2700 1304 2771 do·

127 2817 226 2877 minus
250 2822 395 2894 patronus
419 2816 535 2888 domus,
561 2816 743 2897 Cathalonus
768 2813 928 2883 consulet
949 2812 1135 2873 familiariter
1157 2831 1212 2873 nos
1236 2832 1304 2875 sus·

127 2921 218 2998 cepit,
241 2920 296 2981 sed
311 2929 342 2982 et
356 2909 616 2983 lumilia'occurrit
630 2922 661 2979 in
677 2917 858 2995 adjutorium
874 2923 1012 2978 nostrum
1033 2919 1066 2976 in
1089 2920 1302 2980 exoneratione

125 3025 299 3096 bestiarum,
323 3031 354 3084 et
367 3025 469 3086 laetati
484 3042 588 3086 sumus
604 3024 682 3084 ultra
698 3020 831 3094 modum,
850 3009 938 3099 -quod
952 3022 983 3080 in
999 3020 1124 3081 domurn
1142 3021 1303 3083 Christiani

127 3127 258 3187 hominis
280 3130 470 3200 revenimus,
492 3128 595 3189 multis
619 3129 699 3187 enim
722 3126 827 3187 diebus
851 3143 920 3185 curn
943 3123 1025 3185 nullo
1051 3124 1219 3185 Christiano
1248 3142 1302 3202 po·

125 3232 237 3292 inimus
245 3230 399 3310 hospitari,
416 3232 572 3293 videbatur
587 3231 793 3301 exhocnohis,
806 3228 887 3307 quod
899 3230 930 3289 in
940 3228 1053 3288 loribus
1064 3235 1164 3288 terrae
1181 3234 1302 3288 nostrae

127 3352 275 3395 essemus.
314 3334 496 3412 Rogavimus
513 3353 585 3413 ergo
601 3341 785 3412 pratronum,
809 3339 843 3392 ut
865 3333 1068 3410 provisionem
1084 3333 1170 3392 nobis
1186 3331 1302 3391 iaceret

127 3437 165 3498 de
182 3439 248 3497 ciho
265 3443 296 3497 et
309 3442 392 3515 potu,
416 3436 604 3515 diximusque
621 3440 649 3497 ei
665 3437 777 3496 famem
793 3441 823 3495 et
838 3437 919 3496 sitim
933 3441 1114 3495 nostramet
1130 3434 1300 3506 delectum3

128 3541 178 3618 qui
206 3542 307 3599 statim
334 3537 477 3598 ascendit·
499 3545 531 3598 et
558 3536 729 3616 prandium
746 3540 844 3617 parari
877 3537 958 3599 iecit.
1003 3537 1096 3597 Porro
1120 3536 1300 3598 Trutschel·

126 3658 254 3729 mannus
282 3641 472 3702 Schambech
502 3642 656 3720 prohibuit
677 3658 733 3701 nos
764 3641 812 3701 die
834 3639 886 3700 illo
916 3635 1040 3701 domum
1074 3641 1154 3700 exire
1187 3640 1301 3712 dicens,

126 3763 160 3807 se
182 3748 213 3806 in
237 3747 400 3806 crastinum
421 3762 615 3806 reversurum
637 3750 668 3804 ct
691 3751 867 3822 computum
890 3742 929 3804 de
962 3744 1099 3803 omnihus
1130 3744 1301 3804 habiturum

126 3850 295 3910 nobiscum.
349 3849 581 3909 Licentiavirnus
614 3849 705 3909 etiarn
733 3846 831 3908 llalliu
863 3849 1006 3908 vicarium
1037 3846 1301 3908 Trutschelrnanni

128 3952 268 4031 Chayrini
291 3959 322 4014 ct
343 3971 404 4013 non
427 3970 540 4031 paucos
571 3950 707 4012 madinos
740 3953 838 4013 coacti
861 3951 971 4011 luimus
995 3951 1067 4013 dare
1088 3953 1132 4011 illi
1154 3948 1299 4011 infidelis-

127 4056 204 4116 simo
227 4053 282 4136 (h)
307 4064 337 4117 et
359 4056 438 4117 malo
460 4057 588 4127 homini,
613 4057 665 4133 qui
688 4055 725 4116 ad
746 4056 873 4125 nihilum
896 4056 981 4115 nohis
1004 4056 1103 4117 iuerat
1125 4055 1220 4125 utilis,
1245 4053 1300 4114 sed

127 4157 263 4236 proditor
283 4161 479 4240 pecuniarum
502 4167 672 4222 nostrarum
696 4166 727 4220 et
749 4157 879 4220 infidelis
901 4165 1072 4236 protector,
1095 4174 1180 4230 nani,
1203 4164 1237 4219 ut
1260 4155 1299 4217 de
