2902 4710
697 115 766 186 aro
861 208 862 212 Ν

144 310 271 374 nymm,
294 291 364 371 quia
386 306 456 367 eum
480 306 517 358 eo
541 290 643 355 socius
667 296 733 352 erat
754 291 786 351 in
809 291 1030 370 expugnatione
1053 291 1189 357 haeresis
1212 294 1323 377 Orige.

145 398 208 469 nis,
232 403 266 457 ut
288 400 371 474 patet
392 411 449 473 per
470 392 689 475 Hieronymum
712 397 743 455 in
766 394 893 475 epistola
915 394 952 456 ad
968 395 1195 461 Pammachium
1218 409 1324 469 contra

145 497 316 570 iohannem
339 499 518 576 episcopum
540 495 833 577 ierosolymitanum,
847 517 894 567 ,er
918 517 978 577 quo
1002 502 1094 571 etiam
1116 509 1216 586 patet,
1240 504 1323 582 quod

146 609 339 684 episcopatus
362 603 606 682 ›Famagustanus
640 606 804 683 antiquitus
833 603 889 666 luit
924 604 1095 683 Salaminae
1133 613 1165 679 et
1198 604 1323 669 demum

41 740 43 745 ⁸
144 711 355 788 Famagustam
377 705 548 768 translatus.
636 756 638 759 ,

231 815 352 876 Tertius
376 812 467 892 Cypri
490 813 682 891 episcopatus
706 819 753 873 est
767 811 917 892 Paphum,
943 815 1077 876 omnium
1099 815 1253 877 civitatum
1274 815 1322 876 in·

147 920 232 980 sulae
270 918 437 995 antiquior,
474 916 553 977 sicut
590 921 674 994 patet
705 898 802 995 ‘supra
837 916 900 978 Pol.
927 913 998 982 139.
1050 916 1134 983 Hanc
1171 908 1324 1001 ciuitatem

145 1042 207 1092 non
236 1022 335 1099 solum
366 1019 519 1087 celebrem
553 1018 683 1080 reddunt
714 1022 847 1082 carmina
877 1022 1012 1099 poetica,
1050 1020 1105 1083 sed
1140 1021 1218 1089 iacta
1248 1040 1323 1101 apo-

145 1126 260 1188 stolica.
306 1124 384 1186 Nam
416 1129 538 1184 sanctus
561 1121 672 1184 Paulus
696 1129 728 1188 et
749 1123 899 1186 Bamahas
921 1124 962 1184 ihi
983 1124 1245 1202 praedicavcmnt.
1277 1125 1322 1189 lhi

145 1232 176 1292 S.
200 1230 332 1292 Hilarius
355 1226 445 1288 abhas
468 1226 610 1288 habitavit
640 1231 672 1287 et
694 1227 726 1288 S.
751 1225 875 1301 Manna,
900 1245 991 1306 quem
1007 1228 1116 1290 Graeci
1138 1236 1244 1294 contra
1265 1247 1321 1309 pe·

144 1334 308 1395 stilentiam
329 1334 485 1403 invocant,
510 1328 786 1410 eumque'fidelem
809 1331 988 1394 advocatum
1011 1336 1154 1402 sentiunt.
1202 1335 1322 1410 Quanta

144 1446 246 1500 autem
268 1437 463 1502 haeccivitas
486 1436 578 1499 inerit
600 1442 640 1516 et·
655 1435 745 1515 quain
771 1438 926 1499 solemnes
943 1439 1092 1500 ecclesiae
1114 1441 1155 1501 ihi
1171 1442 1321 1512 steterint,

143 1545 297 1612 ruinarum
326 1542 513 1603 immensitas
548 1546 579 1600 ct
609 1546 761 1620 prostatae
791 1560 978 1605 marmoreae
1000 1545 1136 1622 insignes
1159 1545 1322 1609 columnae

143 1638 360 1718 demonstrant.
390 1643 473 1705 Haec
492 1642 556 1721 jam
570 1651 627 1705 ‘est
640 1644 800 1718 desolata,
816 1664 883 1707 nec·
896 1653 943 1708 est
966 1648 1088 1721 civitas,
1112 1649 1168 1710 sed
1189 1667 1319 1729 pauper·

145 1752 212 1813 cula
234 1750 304 1814 villa
333 1750 428 1811 ruinis
451 1748 714 1831 superaedificata,
746 1758 871 1830 propter
894 1751 974 1831 quod
997 1758 1028 1812 et
1044 1760 1155 1832 'portus
1176 1756 1244 1833 ipse
1266 1754 1320 1816 de·

144 1855 258 1924 solatus
282 1860 345 1925 est,
378 1855 410 1915 in
433 1870 524 1931 quem
545 1870 639 1917 naves
662 1872 723 1914 non
744 1853 953 1933 ingrediuntur
975 1857 1034 1917 nisi
1058 1864 1187 1936 cogente
1209 1857 1319 1918 neces·

145 1965 253 2034 sitate,
283 1963 363 2022 sicut
393 1963 519 2039 contigit
547 1962 644 2022 nohis.
700 1961 781 2022 llaec
815 1964 918 2024 civitas
950 1969 1100 2045 prostrata
1131 1979 1186 2040 per
1220 1968 1320 2023 terrae

144 2075 280 2138 motum,
303 2066 407 2145 sicque
429 2072 579 2144 prostrata
594 2071 712 2138 manet,
737 2067 785 2126 oui
807 2085 865 2127 nec
879 2085 932 2129 rex
945 2086 1004 2129 nec
1019 2069 1181 2148 episcopus
1196 2081 1321 2144 manum

144 2173 287 2251 porrigit,
311 2175 344 2231 ut
367 2163 518 2248 erigatur?

229 2273 361 2346 Quartus
384 2275 577 2352 episcopatus
602 2279 649 2336 est
664 2276 695 2334 in
710 2273 849 2348 Nimona,
871 2277 903 2337 in
917 2277 1018 2338 littore
1034 2278 1137 2348 maris,
1160 2276 1211 2337 uhi
1227 2277 1321 2339 etiam

142 2380 198 2462 pe'r
221 2379 336 2458 aliquot
358 2377 423 2438 dies
446 2377 537 2456 degui
559 2378 591 2438 in
612 2380 734 2440 navium
756 2382 992 2458 exspectatione.
1023 2380 1077 2441 Est
1093 2381 1175 2450 enim
1189 2381 1320 2442 Nimona

141 2488 213 2548 urbs
236 2484 404 2563 destructa,
437 2488 559 2559 portum
581 2484 671 2542 maris
694 2483 807 2544 honum
829 2483 960 2555 habeus,
987 2484 1045 2561 ·qui
1068 2485 1192 2562 respicit
1214 2490 1321 2546 contra

21 2568 23 2579 ¹
142 2587 256 2669 Tyrum
273 2591 305 2648 et
320 2585 480 2656 Sidonem,
504 2590 535 2646 et
550 2584 585 2643 ah
602 2597 643 2645 eo'
654 2592 744 2646 vento
760 2586 894 2647 secundo
909 2585 1030 2648 afflante
1055 2594 1158 2665 potest
1176 2584 1320 2668 navigari,

64 2699 65 2703 ’
144 2695 174 2754 in
197 2710 257 2754 una
280 2691 328 2752 die
352 2697 383 2749 et
405 2692 495 2749 nocte
518 2689 550 2747 in
572 2688 713 2748 meliores
729 2689 833 2750 mundi
856 2697 961 2768 portus
984 2708 1040 2770 pro
1055 2692 1320 2769 negotiationibus,

144 2796 262 2870 scilicet
282 2794 315 2852 in
335 2790 526 2862 Armeniam,
548 2792 580 2850 in
604 2789 758 2864 Ciliciam,
781 2795 813 2853 in
828 2790 1030 2866 Laodiceam,
1055 2794 1235 2868 Seleuciam,
1258 2794 1319 2856 An·

143 2900 302 2969 tiochiam‚
333 2898 365 2957 in
388 2896 521 2973 Syriam,
551 2895 767 2972 Palaestinam,
801 2905 831 2961 et
853 2899 1023 2980 Aegyptum
1045 2901 1077 2959 in
1096 2898 1320 2973 Alexandriam,

143 3007 176 3066 in
190 3003 349 3082 Berytum,
373 2999 535 3078 Tripolim,
551 2999 787 3075 Ptolemaidem,
804 3002 1002 3076 Caesaream,
1019 3002 1149 3083 Tyrum,
1165 3004 1319 3077 Sidonem,

143 3108 283 3186 ioppen,¹
306 3104 491 3165 Ascalonem
514 3110 545 3166 et
566 3106 598 3165 in
620 3113 759 3168 caeteros
782 3114 888 3186 portus
911 3109 1084 3169 orientales.
1128 3108 1197 3170 Fuit
1219 3116 1322 3172 autem

142 3214 272 3274 Nimona
294 3211 364 3273 urhs
388 3227 515 3287 magna,
548 3212 628 3271 sicut
650 3214 754 3273 ruinae
777 3213 958 3286 ostendunt,
983 3212 1020 3273 ad
1044 3229 1134 3291 quam
1156 3218 1244 3291 capta
1265 3229 1322 3292 per

41 3310 57 3323 ”
90 3384 94 3391 ,
140 3316 316 3378 Saladinum
337 3313 546 3392 Hierosolyma
569 3317 854 3394 transmigraverunt
876 3315 1057 3395 Templarii,
1088 3314 1265 3376 Johannitae
1290 3321 1322 3376 et

142 3421 251 3482 iratres
269 3420 381 3482 ordinis
395 3417 653 3490 vTeutonicorum,
677 3437 806 3498 eamque
828 3419 1019 3499 possidentes
1035 3421 1132 3479 muris
1144 3424 1176 3479 et
1189 3417 1322 3480 turrihns

142 3526 335 3587 muniverunt
367 3531 399 3584 et
432 3525 596 3601 praecipue
631 3531 769 3602 portum,
807 3525 838 3586 in
869 3542 961 3602 quem
993 3541 1105 3584 arcem*
1124 3522 1321 3584 fortissimam

49 3636 57 3644 '
142 3635 304 3693 ereremnt
326 3647 343 3690 a
365 3629 456 3688 maris
479 3626 629 3706 profundo
651 3629 761 3706 partim
777 3633 1022 3706 consurgentem.
1052 3625 1206 3691 Ecclesiae
1228 3626 1320 3686 etiam

140 3736 179 3802 ah
208 3737 285 3796 intra
321 3734 429 3794 latinas
466 3730 699 3793 aedificaverunt
732 3738 762 3792 et
792 3739 960 3795 conventus
993 3732 1148 3802 fecerunt,
1191 3747 1320 3808 quorum

141 3841 279 3899 omnium
309 3836 408 3896 adhuc
435 3839 553 3893 exstant
581 3834 701 3906 ruinae;
737 3833 812 3896 nihil
841 3841 946 3898 ,autem
978 3836 1138 3906 remansit,
1171 3834 1230 3893 nisi
1258 3830 1320 3893 una

142 3942 272 4002 ecclesia
295 3941 406 3999 misera
428 3939 495 3997 sine
520 3940 673 4016 campanis
689 3945 805 4000 etcum
826 3940 980 4000 vilissimis
995 3938 1189 4016 paramentis,
1210 3939 1243 3998 in
1259 3953 1320 4015 qua

142 4047 229 4124 signa
252 4042 289 4105 ad
311 4042 410 4105 cilicia
432 4040 547 4101 faciunt
571 4058 640 4100 cum
662 4041 760 4120 lignis.
799 4039 908 4103 Adhuc
931 4041 1054 4120 quidam
1077 4042 1179 4103 clerici
1201 4039 1242 4100 ihi
1256 4039 1319 4118 yde·

142 4154 216 4231 gunt
238 4147 339 4221 latini,
362 4163 434 4209 cum
454 4161 546 4227 parm
568 4144 792 4221 aedificatione,
819 4148 899 4210 sicut
920 4146 1036 4229 patebit
1056 4148 1089 4210 in
1109 4134 1319 4226 sequentihus.
