2874 4770
686 153 751 223 351

130 332 163 386 ct
184 317 387 405 Ligusticum,
410 327 516 404 sicque
536 344 595 406 per
614 325 751 389 medium
770 327 910 391 mundo
931 346 1017 393 mare
1038 329 1233 410 'lhrrhennm
1253 349 1308 393 re·

130 430 213 489 nitur
245 429 283 495 ad
316 431 393 490 ostia
415 427 558 489 Tiberina
587 428 710 491 atinde
733 428 871 493 horbam
914 433 1088 514 Navigando
1109 427 1213 495 autem
1232 437 1307 497 sim·

132 532 252 610 pliciter
273 552 328 613 per
350 550 433 593 mare
447 530 634 594 Adriaticum
656 535 687 593 in
709 536 811 595 sinum
831 535 953 598 lonium
973 540 1093 599 venitur
1112 539 1145 598 in
1161 537 1306 599 b'enetio·

132 636 212 708 lum,
239 644 269 696 et
291 639 331 697 ita
354 636 515 708 Venutius,
550 636 689 697 habendo
712 637 894 701 Dalmatiam
915 647 947 701 et
966 639 1086 703 latriam
1106 641 1156 703 rel
1176 639 1305 703 'labian-

132 742 205 800 tiam
228 740 264 801 ad
287 740 435 812 dextram,
469 748 617 802 ettotam
645 740 763 802 ltaliam
790 741 829 804 ad
857 744 1009 805 sinistram
1034 743 1226 806 dimittendo.
1267 744 1306 808 Bt

131 844 207 905 haec
230 851 278 905 est
299 847 345 907 via
368 852 482 908 nostra.

215 949 268 1009 Est
291 957 393 1010 autem
409 948 540 1029 Corcyra
562 949 661 1010 insula
684 967 745 1037 non
767 966 895 1029 magna,
918 950 974 1011 sed
996 950 1191 1021 fertilissima,
1212 949 1308 1013 abnn-

130 1051 204 1112 dans
227 1053 396 1127 irumento,
418 1057 487 1115 vino
511 1062 543 1115 et
565 1052 654 1126 oleo,
677 1054 828 1132 habetque
850 1055 1023 1115 salinariam
1043 1056 1173 1126 bonam,
1205 1052 1239 1114 id
1259 1060 1307 1115 est

129 1155 246 1230 locum,
278 1160 311 1218 in
334 1177 393 1238 quo
416 1165 496 1220 terra
529 1158 663 1219 sulcatur
693 1166 724 1219 et
745 1161 777 1219 in
808 1165 909 1221 terrae
938 1162 1089 1220 scissuras
1116 1160 1208 1219 maris
1230 1174 1309 1236 aqna

130 1262 310 1340 importatur
331 1265 363 1324 in
385 1263 490 1341 salque
513 1279 530 1322 a
554 1260 619 1322 sole
643 1261 840 1340 decoquitur,
863 1270 894 1322 et
918 1270 1040 1341 portum
1061 1279 1205 1343 capacem
1228 1262 1308 1323 mul·

129 1373 227 1426 tarum
247 1368 369 1427 navium
382 1366 487 1437 habet,
510 1367 563 1444 qui
577 1383 742 1444 numquam
763 1370 830 1427 sine
854 1367 1024 1445 hospitibus
1044 1370 1214 1447 reperitur,
1237 1368 1308 1445 qnia

130 1476 178 1530 est
200 1477 304 1547 portus
327 1472 445 1550 pinguis
476 1476 507 1530 et
528 1470 626 1530 bonus
655 1473 864 1532 communibus
895 1474 995 1542 annis,
1028 1474 1061 1532 in
1090 1488 1152 1549 quc
1182 1472 1307 1549 copiose

131 1574 314 1633 nutrimenta
336 1575 536 1652 reperiuntur.
566 1572 633 1633 Alia
655 1575 722 1636 vice
744 1575 847 1635 multis
869 1574 977 1637 diebus
992 1576 1084 1654 degui
1105 1578 1137 1635 in
1163 1575 1306 1635 hocloco

131 1682 164 1735 et
187 1678 392 1754 experimento
415 1677 511 1738 habeo
535 1675 602 1753 ejus
628 1679 673 1737 rei
699 1680 858 1740 notitiam:
882 1678 960 1739 unde
990 1686 1059 1739 ante
1085 1696 1136 1738 res
1159 1677 1306 1754 Trojanas

131 1796 168 1839 ex
191 1797 227 1840 ea
249 1782 375 1842 maxima
397 1789 468 1842 sunt
489 1781 568 1842 bella
589 1781 691 1842 habita
712 1801 782 1844 cum
805 1783 969 1845 Corinthiis
999 1790 1031 1844 et
1062 1784 1192 1843 cacteris
1214 1783 1304 1842 mari·

130 1885 226 1955 timis,
251 1892 284 1945 ut
307 1883 498 1964 Thucydides
520 1892 630 1946 narrat.

217 1986 309 2048 Porro
333 1990 436 2050 civitas
457 1990 523 2067 ipsa
545 2007 616 2050 eum
630 1989 774 2051 suburbio
797 1997 846 2052 est
860 1998 1071 2071 competenter
1085 2007 1203 2069 magna,
1226 2005 1305 2066 qnae

129 2093 299 2153 nominatur
321 2094 548 2173 Corcyropolis,
580 2102 611 2155 et
639 2095 718 2155 hene
747 2097 877 2167 mnnita,
907 2097 989 2155 inter
1016 2112 1109 2174 rupes
1137 2093 1303 2155 aedificata.

128 2194 161 2256 ln
182 2199 248 2277 ipsa
271 2199 353 2257 enim
376 2198 496 2258 civitate
519 2204 590 2257 sunt
613 2196 691 2257 duae
714 2215 807 2275 rupes
830 2197 982 2259 ediverso
1003 2206 1135 2270 mantes,
1156 2200 1188 2257 in
1210 2196 1307 2256 altum

128 2307 307 2378 protensae,
329 2302 359 2360 in
384 2301 492 2376 quihus
515 2306 587 2359 sunt
609 2299 688 2359 duae
711 2317 799 2361 arces
821 2300 1016 2373 aedificatae,
1037 2303 1071 2361 in
1093 2318 1219 2379 quarum
1242 2297 1306 2358 cnl-

131 2405 261 2464 minibus
285 2401 420 2481 pendent
441 2401 520 2463 duae
542 2420 719 2481 campanae,
751 2421 825 2481 quas
848 2407 991 2464 continue
1015 2404 1169 2465 alternatis
1191 2401 1307 2463 uicibus

131 2504 252 2584 pulsant
283 2506 320 2565 ob
350 2507 439 2566 maris
472 2505 649 2567 custodiam.
694 2506 728 2567 ln
757 2509 822 2586 ipsa
846 2509 966 2568 civitate
987 2507 1088 2568 nullus
1111 2506 1199 2585 plane
1220 2503 1307 2565 locus

132 2617 194 2681 est,
217 2608 272 2669 secl
295 2608 331 2669 ad
354 2611 464 2680 statim,
488 2608 558 2670 dum
581 2611 649 2688 quis
671 2609 847 2690 ingreditur,
870 2610 1058 2672 adscendere
1080 2611 1185 2689 incipit
1208 2625 1306 2687 usqne

132 2713 170 2774 ad
192 2713 352 2774 ecclesiam
370 2713 589 2786 cathedralem,
612 2731 689 2792 quae
705 2715 760 2775 sub
776 2714 882 2792 majori
904 2733 974 2777 aree
996 2717 1054 2774 sita
1076 2721 1133 2775 est.
1162 2712 1196 2773 ln
1211 2715 1308 2791 prima

130 2835 199 2877 mea
221 2820 462 2896 peregrinatione
493 2825 558 2879 erat
580 2820 742 2898 episcopus
765 2821 916 2881 ecelesiae
944 2820 1036 2881 irater
1064 2819 1178 2881 ordinis
1209 2817 1305 2877 nostri

128 2921 183 2983 sed
206 2923 287 2983 obiit.
334 2922 483 2983 Suburbia
505 2929 574 2983 sunt
597 2923 692 2983 multo
715 2923 829 3001 majora
857 2926 992 2996 civitate,
1024 2931 1056 2984 et
1082 2926 1113 2983 in
1146 2940 1205 2983 nna
1233 2925 1305 2982 sunt

127 3025 186 3086 duo
212 3033 377 3088 conventus
400 3026 542 3098 fratrum,
565 3027 683 3087 scilicet
703 3026 858 3089 blioomm
880 3036 912 3089 et
933 3029 966 3089 S.
989 3028 1165 3107 Augustini,
1188 3033 1304 3088 ettam

126 3131 156 3189 in
180 3132 300 3192 civitate
324 3150 413 3210 quam
435 3133 467 3192 in
490 3131 639 3192 suburbiis
662 3139 732 3193 sunt
753 3133 858 3212 plures
884 3133 1065 3194 ecclesiolae
1089 3127 1145 3211 (b)
1170 3129 1302 3191 Gracco·

126 3252 192 3294 rum
215 3243 246 3297 et
268 3237 412 3315 capellae.
459 3236 610 3297 collectus
642 3238 772 3317 populus
794 3245 843 3298 est
872 3237 974 3298 inilia
997 3239 1133 3307 civitate,
1168 3235 1208 3295 ibi
1231 3238 1302 3294 sunt

127 3337 234 3399 Graeci
259 3347 289 3401 et
311 3339 419 3412 Latini,
443 3338 548 3401 Judaei
571 3346 602 3400 et
619 3340 788 3411 Christiani,
812 3339 903 3401 Turci
920 3343 1011 3401 ctiam
1034 3339 1210 3417 frequentes
1233 3344 1305 3398 sunt

127 3445 175 3504 ibi.
221 3444 304 3505 llaec
334 3444 432 3504 insula
460 3443 531 3504 lacit
560 3445 652 3505 linem
675 3443 837 3516 Graeciae,
872 3451 903 3504 et
925 3444 1041 3503 Graeca
1064 3443 1177 3502 locutio
1209 3443 1240 3500 in
1268 3457 1304 3500 ea

127 3547 238 3608 desinit
260 3556 291 3609 et
311 3549 425 3625 incipit.
471 3547 537 3609 Fuit
559 3549 630 3608 olim
654 3548 692 3608 de
716 3565 809 3625 regno
833 3545 1038 3616 Graecorum,
1060 3543 1170 3604 dieitur
1192 3551 1303 3615 autem,

127 3650 206 3729 quod
230 3659 294 3712 erat
316 3651 443 3712 duorum
466 3651 604 3724 fratrum,
629 3656 681 3731 qui
703 3650 911 3713 discordantes
935 3651 1037 3711 ambas
1060 3667 1146 3710 arces
1164 3651 1302 3711 munire·

125 3763 193 3816 runt
218 3764 322 3817 contra
345 3776 379 3818 se
402 3759 547 3827 invicem,
571 3757 622 3817 ille
645 3764 762 3827 autem,
792 3757 844 3835 qui
866 3754 1044 3833 desperabat
1067 3770 1100 3813 se
1123 3771 1214 3832 posse
1237 3756 1299 3815 rin·

126 3877 215 3931 cere,
239 3859 363 3920 Venetis
386 3877 473 3920 suam
495 3877 597 3920 arcem
620 3862 652 3920 in
675 3869 791 3938 partem
815 3859 914 3929 dedit,
944 3861 996 3937 qui
1018 3860 1175 3919 uenientes
1198 3859 1301 3919 ambos

125 3961 303 4041 expulerunt
325 3970 356 4022 et
379 3963 508 4023 insulam
532 3961 743 4043 possederunt.
787 3962 875 4024 Anno
892 3962 1012 4023 Domini
1031 3958 1113 4025 1129
1141 3962 1300 4040 hogerius,

126 4083 177 4127 rex
191 4066 329 4138 Siciliae,
352 4068 476 4128 abstulit
489 4069 665 4145 imperatori
680 4067 864 4128 Graecorum
885 4085 970 4139 eam,
992 4066 1046 4127 sed
1063 4065 1174 4127 l'eneti
1189 4064 1300 4125 Siculis

127 4173 260 4252 expulsis
281 4191 350 4235 eam
373 4174 498 4235 Graecis
530 4173 736 4235 restituerunt.
781 4171 855 4233 Post
880 4172 942 4233 hoo
969 4188 1048 4233 anno
1069 4169 1193 4231 Domini
1217 4166 1303 4233 1204
