2874 4770
651 175 697 247 et

87 354 238 434 corporali
260 353 333 417 flatu
354 355 386 416 in
408 352 555 432 quasdam
576 352 726 415 foeminas
748 351 872 425 sufflare
895 354 998 418 diorum
1019 362 1052 418 et
1073 372 1126 418 eas
1147 357 1193 419 sic
1206 359 1263 419 im·

89 461 262 538 praegnari;
279 466 404 538 propter
419 457 500 536 quod
515 477 574 517 non
590 464 638 517 est
654 457 808 517 insolitum
823 458 902 537 apud
917 477 986 532 eos,
1006 458 1124 538 quando
1140 459 1265 522 audiunt

90 580 108 622 a
135 561 327 634 Christianis,
360 563 512 622 Christum
542 565 725 636 conceptum
756 566 787 618 et
816 568 919 622 natum
950 581 986 623 ex
1014 561 1110 624 Maria
1132 562 1264 640 Virgine,

91 666 157 726 sine
186 665 317 726 humano
349 668 474 727 semine.
521 663 646 722 Satanas
682 662 763 720 enim
797 662 913 723 solutus
937 672 984 725 est
1007 672 1038 726 et
1059 667 1266 745 permissusa

89 767 155 828 Deo
178 771 297 846 operari
320 772 449 830 maxima
472 774 503 827 et
524 763 771 834 mendacissima,
795 763 832 825 de
856 768 966 852 quibus
981 767 1106 846 pulcher
1120 773 1263 837 tractatus

92 873 280 950 compositus
304 878 360 932 est.

176 972 377 1034 Redeundum
401 973 437 1034 ad
460 974 648 1051 propositum
671 972 709 1033 de
733 971 841 1033 officiis
870 973 1006 1045 illorum,
1040 976 1091 1052 qui
1120 980 1265 1052 praesunt

89 1075 251 1136 moscheis.
279 1069 373 1154 Soqui
388 1074 562 1136 sacerdotes
579 1074 753 1154 praedicant
769 1082 800 1135 et
815 1075 940 1136 consilia
951 1075 1031 1137 dant.
1057 1076 1134 1137 Nam
1149 1083 1264 1136 sextam

89 1177 205 1238 leriam.
225 1179 378 1240 celebrem
409 1179 519 1239 hahent
551 1171 709 1240 Sarraceni
740 1181 770 1239 in
794 1178 919 1240 Veneris
952 1179 1098 1239 honorem
1121 1185 1152 1237 et
1174 1181 1205 1238 in
1228 1194 1265 1240 aa

90 1279 319 1341 adorationem
342 1283 523 1343 conveniunt
546 1284 576 1342 in
600 1283 797 1361 principalem
820 1281 996 1343 moscheam
1019 1288 1155 1360 tempore
1174 1282 1263 1342 meri·

90 1382 201 1444 dionali
223 1391 254 1444 et
277 1387 412 1444 oratione
435 1393 557 1463 peracta
581 1388 677 1464 surgit
692 1387 787 1464 Sequi
811 1392 843 1446 et
865 1383 1020 1462 praedicat
1044 1383 1263 1445 decommen·

89 1488 209 1549 datione
231 1489 317 1567 legis
332 1488 535 1562 Machometi,
555 1491 603 1553 vel
626 1490 664 1551 de
688 1508 762 1570 pace
786 1491 898 1561 civium
919 1494 949 1548 et
967 1485 1005 1546 de
1028 1485 1265 1548 Christianorum

88 1586 209 1657 feritate
250 1591 408 1653 animando
454 1609 506 1652 eos
553 1591 591 1653 ad
628 1592 741 1658 bellum
779 1600 887 1655 contra,
920 1610 973 1653 eos
1012 1597 1043 1650 et
1081 1587 1263 1666 hujusmodi.

89 1695 161 1757 Post
183 1713 355 1758 sermonem
376 1697 450 1758 liunt
482 1696 674 1774 elemosynae
707 1697 899 1774 pauperihus.
945 1694 1017 1755 Post
1040 1695 1133 1764 haec,
1163 1694 1265 1771 siqui

89 1799 200 1861 hahent
222 1799 327 1871 dubia,
350 1798 498 1860 accedunt
520 1797 558 1858 ad
581 1799 676 1876 Soqui
700 1805 731 1858 et
754 1800 799 1859 eis
822 1798 955 1858 resolvit.
1001 1795 1141 1857 Officium
1164 1803 1266 1865 autem

88 1903 205 1965 Vecten
228 1911 276 1964 est
297 1903 452 1983 lampades
475 1900 654 1973 ascendere,
678 1901 785 1962 aedem
797 1900 961 1971 mundare,
984 1901 1015 1960 in
1031 1900 1162 1960 turribus
1179 1899 1265 1977 quin·

90 2025 149 2088 que
172 2009 286 2070 vicibus
310 2027 365 2087 per
387 2008 470 2069 diem
493 2003 659 2065 naturalem
689 2003 909 2081 professionem
938 2003 1024 2076 fidei,
1055 2021 1146 2082 supra
1176 2020 1266 2082 quarn

88 2116 152 2171 tota
175 2127 280 2170 eorum
301 2110 349 2170 lex
372 2115 421 2196 est
441 2108 579 2178 lundata,
605 2108 791 2186 proclamare
816 2116 847 2170 et
869 2109 1015 2188 populum
1037 2107 1075 2168 ad
1097 2109 1266 2168 orationem

89 2213 213 2274 invitare
237 2212 369 2272 clamore
392 2229 459 2272 suo.
504 2211 615 2271 Statuit
638 2212 721 2270 enim
741 2208 969 2281 Machometus‚
992 2218 1025 2271 ut
1047 2211 1176 2292 populus
1192 2226 1265 2271 suae

89 2320 191 2374 sectae
215 2316 376 2392 quinquies
406 2320 506 2374 oraret
538 2330 593 2392 per
625 2312 725 2383 diem,
760 2314 910 2392 accipiens
924 2307 1074 2376 ”medium
1104 2331 1265 2374 numerum

90 2417 328 2478 Christianorum
357 2423 387 2477 et
411 2415 595 2477 ludaeorum
618 2418 797 2477 orationum.
844 2417 1005 2479 Christiani
1036 2419 1117 2484 enim
1147 2418 1262 2495 septies

89 2527 191 2593 orant,
213 2519 319 2581 Judaei
341 2522 462 2591 trinies;
486 2536 525 2579 ne
549 2536 621 2596 ergo
637 2518 774 2586 videatur
790 2519 1013 2598 christianizare
1038 2525 1089 2580 aut
1100 2518 1264 2596 judaizare,

90 2624 180 2692 ulium
210 2642 370 2685 numerum
402 2606 571 2684 orationum
594 2625 730 2684 instituit.
780 2625 830 2684 Sic
863 2625 969 2695 etiam,
1005 2625 1075 2700 quia
1099 2620 1264 2682 Christiani

89 2725 172 2790 diem
194 2729 270 2789 solis
293 2729 447 2789 celebrant
470 2734 501 2787 et
522 2724 629 2788 ludaei
658 2725 742 2787 diem
764 2727 902 2799 Saturni,
937 2729 1002 2805 ipse
1034 2721 1115 2813 diem
1137 2724 1264 2799 Veneris

74 2823 222 2909 ‘accepit
245 2848 284 2891 ne
308 2849 377 2891 oum
400 2832 444 2890 eis
468 2832 653 2891 conveniret.
698 2830 735 2891 Et
758 2833 834 2908 quia
844 2830 1005 2892 Christiani
1028 2829 1066 2890 ad
1087 2846 1141 2889 sua
1164 2827 1265 2890 divina

89 2941 256 3015 convocant
278 2934 424 3013 populum
448 2936 601 3013 campanis
627 2940 658 2993 et
679 2932 788 2994 ludaei
810 2936 967 3006 cornibus,
998 2931 1064 3011 ips'e
1088 2931 1188 2992 medio
1221 2933 1264 2993 uti

87 3038 194 3100 volens
216 3037 408 3099 sacerdotum
430 3039 561 3098 clamore
585 3041 745 3100 convocari
768 3039 914 3118 populum
935 3035 1096 3097 mandavit.
1141 3035 1179 3098 lli
1195 3035 1265 3114 quia

89 3140 249 3202 Christiani
272 3149 358 3203 orant
380 3140 417 3201 ad
440 3147 540 3200 ortum
555 3122 647 3210 solis,
671 3137 778 3200 Judaei
799 3158 871 3203 vero
889 3140 927 3201 ad
942 3157 1099 3211 occasum,
1123 3139 1201 3211 ideo,
1225 3156 1263 3200 nc

88 3247 281 3317 conveniret,
303 3244 464 3315 ordinavit,
488 3261 560 3304 snos
583 3231 672 3319 orare
694 3241 925 3304 admeridiem.
970 3243 1008 3305 Et
1021 3246 1063 3304 ita
1078 3244 1111 3304 iu
1126 3244 1263 3304 omnibus

89 3350 239 3426 quaesivit
261 3356 400 3410 extranea
414 3346 523 3408 media
546 3347 626 3405 inter
649 3343 835 3404 Christianos
859 3351 890 3406 et
913 3345 1055 3408 ludaeos.

53 3483 56 3490 ,
92 3499 94 3502 ,
175 3449 269 3511 Porro
288 3450 545 3529 tempusprimae
569 3448 711 3507 orationis
735 3446 969 3510 Sarracenorum
998 3454 1045 3508 est
1066 3454 1151 3509 ortus
1175 3448 1263 3518 solis3

89 3559 155 3616 tum
177 3556 258 3623 enim
279 3553 374 3632 Soqui
395 3554 443 3614 vel
469 3552 586 3613 Vecien
611 3555 726 3636 turrem
749 3549 885 3610 ascendit
907 3559 937 3613 et
959 3554 1121 3614 ohstmotis
1144 3553 1264 3614 auribus

87 3674 161 3720 cum
182 3655 295 3735 digitis,
329 3662 362 3716 ut
392 3656 480 3716 altius
512 3653 641 3713 clamare
669 3653 786 3724 valeat,
816 3671 925 3732 magno
955 3656 1069 3733 ululatu
1094 3657 1160 3716 sine
1183 3656 1264 3717 omni

89 3758 220 3819 melodia
243 3759 351 3821 clamat
377 3759 452 3819 haec
466 3756 649 3825 vocilerans:
672 3755 701 3815 la
722 3755 843 3834 yllahah
869 3756 987 3818 illalach
1002 3755 1190 3819 Mehemmet
1214 3774 1263 3818 re·
1324 3834 1328 3840 ,

89 3861 217 3923 nullach.
261 3861 328 3923 lloc
349 3862 413 3923 vult
435 3860 537 3921 dicere
561 3858 731 3920 secundum
755 3877 948 3921 communem
963 3862 1155 3940 opinionem:
1179 3860 1263 3921 Deus

91 3972 139 4027 est
160 3984 250 4028 verus
274 3973 305 4027 et
326 3963 498 4026 Machomet
521 3969 568 4024 est
596 3963 742 4042 propheta
773 3960 839 4038 ejus
872 3963 977 4042 major.
1024 3963 1132 4025 Statim
1153 3969 1263 4034 autem,

89 4076 124 4132 ut
146 4069 282 4157 auditum
303 4069 406 4141 luerit,
431 4073 559 4147 surgunt
572 4082 685 4128 omnes.
702 4073 733 4128 et
754 4069 921 4156 orationem
935 4067 1048 4129 iaciunt
1064 4086 1119 4147 per
1135 4073 1263 4145 quatuor

92 4173 176 4249 orlei
198 4181 229 4236 et
251 4171 314 4236 duo.
333 4174 486 4235 chalamat.
532 4171 624 4233 lirlrei
645 4177 693 4231 esi
715 4171 864 4250 geminata
886 4171 1038 4233 inclinatis
1053 4188 1122 4232 curn
1136 4169 1263 4231 totidem
1325 4233 1328 4240 ,
