2902 4710
722 161 787 234 192

214 359 223 365 ·
252 337 297 398 De
320 335 528 415 hisgloriosis
551 335 669 398 Sanctis
698 343 730 398 et
753 336 791 398 de
813 336 864 397 illa
888 336 1018 408 ecclesia
1047 343 1078 398 et
1101 341 1223 402 civitate
1245 341 1340 421 pluri·

165 458 249 502 mum
273 439 412 502 delector
434 440 555 512 audire,
584 440 704 520 legere,
729 441 880 513 scribere,
914 443 1047 521 cogitare
1076 450 1107 505 et
1128 444 1228 523 loqui,
1260 465 1340 519 cum,

165 550 245 605 teste
269 545 409 624 religioso
431 545 575 624 Hugone,
598 545 699 606 natale
722 545 821 605 solum
844 543 1003 606 dulcedine
1029 553 1157 608 cunctos
1181 547 1287 622 ducat,
1312 557 1342 612 et

166 651 362 710 immemores
392 667 453 709 non
475 651 554 709 sinat
574 665 644 709 esse
667 650 724 709 sui.
770 639 845 709 Sirm
876 650 957 722 enim
979 657 1068 713 natus
1091 653 1123 715 in
1144 653 1196 715 illa
1219 655 1341 716 civitate

167 750 326 813 Turicensi
350 758 381 812 et
402 758 523 813 renatus
546 751 629 813 tonte
658 753 848 831 baptismatis
871 751 911 813 ad
933 755 1050 816 tumbas
1073 763 1340 819 sanctorummar-

164 860 265 936 tyrum
295 862 326 917 et
348 873 473 916 consors
496 857 628 916 nominis
651 855 749 917 laetus
770 854 854 917 Felix
882 861 914 917 et
936 857 1047 918 Sancto
1073 858 1166 920 Felici
1188 878 1257 929 snm
1286 880 1340 924 vo-

164 967 244 1023 latus
278 963 383 1039 sicque
414 962 489 1039 ipsis
513 959 632 1021 Sanctis
665 964 696 1020 et
718 959 787 1019 loco
811 957 948 1020 allectus.
993 961 1030 1022 Et
1051 963 1190 1041 prolecto
1213 965 1340 1043 gaudeo,

165 1066 284 1146 quando
308 1082 358 1126 me
382 1066 485 1127 recolo
515 1065 609 1127 luisse
640 1065 672 1124 in
694 1065 836 1153 regione,
870 1063 919 1124 ubi
944 1064 1092 1143 praedicti
1114 1067 1218 1130 Sancti
1240 1076 1358 1131 ortum,

162 1169 348 1243 habuerunt,
382 1171 413 1229 in
436 1167 540 1229 Theba
561 1158 707 1246 Aegypti,
738 1173 770 1227 et
799 1167 851 1227 ubi
878 1166 970 1228 fidem
993 1168 1106 1232 Christi
1140 1178 1171 1232 et
1192 1173 1341 1252 baptisma

165 1279 367 1352 susceperunt
397 1274 429 1333 in
452 1270 621 1333 Jerusalem
644 1272 765 1333 civitate
788 1277 908 1343 sancta,
943 1278 974 1333 et
996 1274 1026 1334 in
1048 1251 1134 1347 loeo‘,
1156 1277 1207 1337 ubi
1230 1277 1339 1338 condr-

165 1381 331 1439 mationem
360 1378 393 1437 in
423 1377 482 1439 fide
506 1383 704 1456 acceperunt,
728 1377 786 1437 hoc
809 1383 872 1449 est,
902 1378 934 1437 in
956 1378 1068 1452 Roma,
1097 1361 1133 1440 'et
1155 1383 1187 1442 in
1209 1382 1278 1443 loco
1308 1383 1340 1442 in

166 1501 225 1561 quo
249 1482 284 1543 ab
307 1483 366 1543 hoc
388 1482 500 1544 mundo
524 1482 715 1561 eumpalma
738 1483 873 1563 martyrii
896 1484 1120 1562 emigraverunt
1149 1483 1187 1545 ad
1211 1485 1340 1556 coelum,

165 1587 225 1648 hoc
249 1593 296 1648 est
318 1571 503 1676 Thuregum,
823 1579 828 1584 ’

251 1690 375 1752 Praeter
406 1689 462 1751 hos
496 1695 598 1751 autem
624 1672 745 1752 sanctos
767 1689 935 1772 Aegyptios
964 1698 1126 1754 evaserunt
1148 1692 1269 1772 plurimi
1300 1692 1339 1754 de

163 1795 285 1875 legione
302 1794 429 1856 ·Thebea
448 1841 456 1867 ,
474 1795 525 1873 qui
548 1790 682 1860 diversas
705 1795 884 1857 Germaniae
906 1801 1007 1875 partes
1030 1799 1106 1869 vita,
1130 1796 1285 1869 doctrina,
1308 1803 1340 1857 et

163 1899 317 1967 miraculis
341 1898 577 1985 decoraverunt,
606 1904 640 1979 ut
662 1907 766 1961 sancta
788 1901 872 1979 virgo
895 1899 1015 1987 Verona
1036 1901 1239 1974 Zurzaclrum,
1262 1900 1337 1961 San·

162 2010 233 2065 etus
248 2001 342 2063 Ursus
362 2000 561 2075 Solodurnm,
585 2002 617 2063 S.
642 2001 762 2064 Gereon
786 2021 862 2065 eum
878 2005 969 2064 sociis
993 2004 1161 2075 Coloniam.¹
1201 2004 1247 2064 De
1270 2004 1338 2083 plu-

164 2109 249 2170 ribus
272 2107 361 2168 etiam
386 2094 577 2186 martyribus
588 2108 618 2167 in
637 2105 779 2186 'Aegypto
802 2108 912 2167 occisis
928 2107 1055 2169 habetur
1069 2109 1102 2169 in
1118 2107 1208 2187 Spec.
1225 2106 1338 2168 llistor.

161 2208 198 2279 L.
222 2208 299 2272 Xlll.
324 2210 367 2272 G.·
381 2208 440 2298 23,
479 2209 543 2271 Sed
565 2217 597 2272 et
618 2211 807 2272 Diocletiana
829 2215 1003 2291 persecutio
1032 2215 1064 2274 in
1086 2218 1202 2273 tantum
1224 2211 1255 2270 in
1277 2208 1339 2270 Ae-

165 2321 291 2398 gyptum
314 2314 475 2389 desaeviit,
505 2315 587 2396 quod
616 2335 685 2406 eam
707 2317 1019 2398 undiquesanguine
1043 2321 1210 2395 martyrum
1233 2331 1340 2375 conse·

159 2401 268 2488 norint.
313 2421 350 2482 Et
372 2427 490 2482 tantum
512 2419 550 2481 de
572 2420 634 2483 illo.
1144 2498 1147 2504 Ι

186 2572 189 2589 t
251 2524 393 2586 Secundo
415 2524 572 2606 Aegyptus
597 2527 777 2589 clarissimis.
803 2533 835 2589 et
857 2527 959 2589 multis
983 2524 1145 2588 abundavit
1167 2522 1340 2586 doctoribus

163 2649 236 2714 prae
266 2632 331 2692 aliis
362 2632 551 2708 regionibus,
585 2638 649 2693 tam
681 2639 750 2694 ante
780 2623 949 2704 Christum,
981 2648 1070 2709 quam
1093 2636 1176 2708 post,
1209 2627 1340 2688 manime

162 2744 264 2802 tamen
288 2739 358 2813 post
380 2734 543 2795 Christum.
563 2768 566 2772 >
589 2735 710 2801 Scimus
742 2737 993 2815 inilla'regione
1016 2733 1159 2812 deguisse
1181 2720 1341 2813 Abraham,

164 2837 265 2916 Isaac,
288 2835 380 2898 Jaeob
404 2856 474 2898 cum
496 2838 565 2900 tiliis
585 2839 651 2899 'suis
675 2841 868 2918 patriarchis,
897 2835 1095 2900 scientiarum
1127 2850 1190 2899 non
1210 2839 1340 2916 ignaros,

166 2942 222 3004 sed
243 2942 437 3002 illuminatos.
1131 2939 1133 2942 ’
1194 2994 1197 3005 .

172 3055 175 3060 ’
251 3044 295 3107 lbi
323 3064 377 3107 rer
404 3046 460 3107 tuit
482 3045 604 3126 quidam
626 3047 838 3128 Philadelphus
868 3047 1110 3128 studiosissimus
1142 3050 1173 3106 et
1195 3044 1341 3105 librorum

165 3156 248 3213 totns
272 3149 415 3230 cupidus,
449 3152 500 3231 qui
534 3151 683 3214 ordinavit
716 3153 867 3233 quendam
899 3155 1023 3215 nomine
1052 3150 1256 3219 Demetrium,
1290 3144 1342 3223 qui

164 3258 269 3317 ⁴omnia
284 3273 348 3334 >per
371 3256 542 3322 universam
564 3262 678 3318 terram
698 3259 820 3320 inventa
840 3259 993 3320 volumina
1014 3254 1190 3318 transscribi
1217 3249 1342 3318 laceret,

163 3367 199 3421 et
222 3361 345 3439 collegit
366 3359 423 3420 XX
445 3349 539 3421 millia
560 3361 713 3423 volumina
744 3359 782 3422 de
806 3360 895 3422 dictis
917 3360 1221 3440 philosophorum-ct
1244 3351 1341 3431 genti·

166 3460 250 3528 lium,
294 3463 432 3542 Cumque
455 3464 553 3525 adhuc
575 3483 630 3544 pro
653 3465 736 3527 libris
760 3465 827 3526 aliis
850 3470 1020 3537 aestuaret,
1044 3463 1120 3524 dixit
1147 3460 1204 3521 sibi
1229 3457 1340 3517 Deme-

165 3568 257 3637 trius,
281 3564 410 3646 quodsi
439 3570 635 3647 acquiescere
661 3566 755 3630 vellet
786 3574 816 3628 et
839 3567 987 3655 ludaeos,
1011 3585 1095 3647 quos
1119 3562 1341 3644 praedecessor

48 3684 50 3691 ·
168 3687 241 3731 suus
273 3669 312 3730 de
347 3670 460 3733 iudaea
489 3674 520 3732 in
542 3670 715 3751 Aegyptum
739 3668 795 3752 (b)
826 3673 1020 3734 transtulerat
1053 3673 1201 3750 captivos,
1231 3662 1342 3727 liberos

166 3773 249 3835 abire
272 3774 474 3851 permitteret,
492 3777 524 3835 in
539 3776 624 3836 brevi
639 3781 745 3854 posset
759 3774 872 3836 habere
889 3773 1215 3854 quinquaginta‘millia
1235 3770 1340 3839 libros,

167 3893 299 3954 cumque
322 3879 374 3938 rex
396 3884 573 3957 quaereret,
591 3872 749 3957 'quomodo
772 3878 831 3939 hoc
851 3877 917 3940 lieri
939 3885 1046 3960 posset
1061 3896 1116 3959 per
1130 3878 1341 3939 liberationem

165 3977 365 4053 iudaeorum,
396 3981 470 4042 dixit
491 3982 564 4053 sibi,
585 3982 669 4061 ,quod
690 3983 723 4043 in
744 3981 915 4045 Jerusalem
937 3990 1020 4045 esset
1042 3983 1118 4044 liber
1142 3982 1218 4061 legis
1241 3968 1340 4042 aDeo

167 4080 266 4142 editae
295 4088 326 4144 et
356 4083 449 4164 digito
472 4084 768 4164 Dei'eonscriptac,
800 4092 902 4148 tantae
931 4080 1117 4158 sanctitatis,
1146 4083 1228 4164 quod
1249 4099 1342 4156 nemo
1391 4089 1402 4097 ‘

168 4204 236 4249 eam
265 4194 371 4269 posset
399 4191 432 4252 in
459 4176 550 4251 aliam
575 4189 710 4270 linguam
732 4188 915 4264 transferre,
944 4190 1007 4273 nisi
1035 4189 1168 4252 cultores
1202 4186 1343 4268 ejusdem
