2874 4770
728 163 791 229 112
905 104 910 116 .

170 338 283 402 Mirum
314 347 415 401 autem
447 343 477 399 et
507 336 666 416 pulchrum
690 343 737 397 est
758 335 861 397 videre
884 337 1023 396 noctibus
1045 337 1075 396 in
1099 336 1237 413 regiones
1260 335 1344 395 habi·

171 443 295 514 labiles,
327 445 396 522 quia
425 444 536 520 ubique
567 443 596 500 in
631 441 760 501 turribus
795 442 1006 501 moschearum
1036 439 1142 501 ardent
1170 440 1281 499 lumina
1315 444 1346 497 ct

171 545 311 609 videntur
341 548 480 607 noctibus
512 544 616 622 procul
641 549 766 622 propter
798 545 910 622 ignem.
958 544 1043 604 Circa
1078 543 1211 603 medium
1245 550 1346 602 autem

172 651 271 710 noctis
294 649 433 710 venimus
454 666 514 706 non
530 648 618 723 longe
635 647 670 705 ab
687 644 799 724 oppido
814 647 919 706 lloseti
935 655 966 707 et
981 666 1070 726 supra
1086 648 1185 725 ipsum
1201 645 1346 723 oppidum

172 754 255 814 littus
279 754 454 831 petivimus,
484 752 585 830 ibique
615 767 721 810 navem
751 749 819 827 palo
851 751 1006 829 alligantes
1030 750 1225 810 stabilivimus
1249 764 1346 825 usque

174 857 211 918 ad
234 846 339 926 mane,¹
369 874 429 915 non
452 857 584 914 enimin
608 860 728 932 portum
752 855 879 914 civitatis
912 856 976 914 ausi
1006 853 1117 913 luimus
1146 855 1273 922 intrare,
1307 868 1345 909 ne

173 959 211 1020 de
235 961 328 1019 muris
351 975 367 1018 a
391 957 563 1018 custodibus
589 957 826 1044 molestaremur.
867 956 941 1018 Navi
964 957 1093 1018 stabilita
1109 956 1275 1017 audivimus
1291 972 1347 1032 per

174 1065 333 1123 circuitum
355 1063 438 1121 navis
461 1059 642 1121 cocodrillus
665 1062 820 1138 ingentes,
854 1063 885 1121 in
916 1079 992 1140 aqua
1022 1070 1126 1122 eontra
1154 1077 1261 1121 navem
1285 1057 1345 1118 ire-

175 1174 310 1238 mentes,
335 1164 390 1225 sed
413 1163 526 1224 nullam
548 1166 577 1223 in
601 1167 668 1226 navi
691 1165 861 1226 molestiam
883 1168 965 1243 passi
988 1183 1107 1236 sumus,
1132 1167 1157 1224 si
1174 1171 1275 1224 autem
1292 1162 1346 1222 ali-

174 1275 240 1352 quis
263 1274 294 1332 in
318 1288 425 1348 aquam
449 1270 608 1340 intrasset,
637 1270 667 1327 in
691 1269 772 1328 mille
796 1269 889 1329 frusta
914 1269 1082 1349 discerptus
1105 1268 1225 1339 luisset;
1260 1264 1347 1345 quid-

175 1376 245 1454 quid
270 1382 370 1435 autem
394 1373 437 1431 eis
461 1370 631 1451 projicitur,
664 1371 816 1434 devorant.
862 1373 931 1433 Erat
954 1373 1111 1433 nobiscum
1133 1375 1163 1433 in
1186 1374 1251 1432 navi
1277 1371 1347 1431 Sa'r-

175 1493 301 1542 racenus
325 1476 460 1555 quidam,
481 1476 536 1552 qui
553 1475 631 1536 Cairi
648 1476 685 1537 ad
700 1494 754 1536 nos
775 1479 947 1548 intraverat,
973 1480 1023 1555 qui
1048 1484 1148 1538 tantae
1170 1476 1348 1554 disciplinae

173 1587 219 1647 vir
241 1583 298 1643 luit
321 1589 365 1649 et,
399 1581 424 1639 si
447 1578 492 1638 fas
515 1587 563 1639 est
593 1579 708 1650 dicere,
741 1586 842 1640 tantae
871 1566 1052 1650 devotionis,
1086 1587 1213 1659 quantae
1246 1579 1348 1639 nullus

173 1688 333 1766 religiosus
357 1701 502 1763 apparere
525 1691 627 1760 potest
648 1685 679 1744 in
704 1683 940 1755 christianitate,
973 1683 1188 1761 videbaturque
1213 1701 1248 1743 ex
1271 1682 1349 1742 laoie

175 1791 240 1870 ejus
263 1787 421 1868 splendere
445 1789 610 1848 maturitas.
633 1774 785 1848 <Libenter
804 1788 925 1848 locutus
939 1789 994 1848 sibi
1011 1788 1145 1858 fuissem,
1169 1790 1194 1848 si
1218 1789 1351 1864 linguam

174 1896 347 1964 scivissem,
371 1909 428 1968 ego
451 1897 552 1950 tamen
567 1909 732 1968 numquam
747 1909 843 1968 usque
859 1889 1070 1952 Alexandriam
1086 1890 1143 1951 vidi
1161 1909 1230 1951 eum
1246 1891 1349 1969 loqui;

176 1996 282 2066 credo,
307 2014 376 2056 eum
398 1995 494 2055 fuisse
518 2013 611 2055 unum
635 1994 673 2054 de
696 1995 771 2065 illis,
802 2012 877 2072 quoa
901 1997 1056 2055 nominant
1080 1994 1263 2064 Cnamutlar,
1298 1996 1351 2070 qui

174 2108 355 2181 perpetuum
378 2105 481 2160 tenent
505 2101 668 2160 silentium.
716 2097 844 2170 Quidam
867 2101 896 2158 in
921 2097 971 2157 illo
995 2098 1076 2170 loco,
1108 2105 1137 2158 et
1161 2096 1258 2173 major
1280 2113 1349 2174 pars

175 2205 375 2274 dormierunt,
407 2221 464 2282 ego
493 2221 565 2265 vero
598 2204 677 2261 inter
712 2202 879 2262 trementes
903 2200 1081 2261 cocodrillos
1105 2203 1264 2279 quiescere
1288 2218 1350 2260 non

174 2311 269 2382 valui,
294 2308 429 2370 sed‘sedi
446 2310 476 2369 in
493 2325 602 2387 aquam
616 2307 798 2383 respiciam,
817 2307 978 2366 ammirans
994 2306 1159 2365 bestiarum
1174 2321 1350 2380 magnarum

175 2422 290 2476 motum
314 2419 345 2472 et
368 2414 513 2491 gemitum
537 2419 651 2474 elnon
682 2416 780 2474 minus
815 2431 933 2473 errores
969 2415 1142 2473 ammiratus
1177 2431 1244 2472 sum
1275 2411 1349 2472 anti·

177 2537 321 2598 quorum,
346 2518 396 2595 qui
420 2517 601 2595 temptabis
625 2519 730 2577 bestiis
755 2517 985 2603 dedicaruntyet
1007 2517 1193 2581 immortales
1209 2516 1350 2584 honores,

175 2624 257 2686 unde
280 2625 370 2682 etlam
394 2620 542 2697 quaedam
564 2622 668 2682 civitas
686 2621 854 2682 Cocodrilla
876 2619 955 2680 dicta
974 2619 1045 2690 luit,
1071 2639 1161 2698 quam
1177 2620 1352 2697 suspicabar

176 2727 241 2787 lore
271 2726 435 2794 llosetum,
473 2730 597 2801 propter
634 2723 856 2784 multitudinem
887 2720 1127 2784 cocodrillorum.
1181 2722 1352 2784 Mirandum

176 2828 329 2907 prolecto,
364 2844 416 2885 cur
446 2824 529 2902 lege,
564 2833 597 2886 ut
630 2846 684 2905 pro
708 2827 763 2888 diis
788 2828 939 2898 colantur,
976 2827 1066 2888 luerit
1089 2819 1262 2889 sancitu'm‘l
1297 2826 1352 2886 sed

178 2929 331 2999 dicebant,
356 2930 411 2988 toti
433 2931 547 3007 patriae
570 2930 696 2991 salutem
722 2931 829 2992 afferre
845 2938 876 2992 ct
890 2930 1018 2992 Arabiae
1033 2931 1204 3010 Lybiaeque
1220 2932 1351 2992 latrones

176 3033 337 3111 prohibere
361 3030 492 3092 fluminis
515 3036 652 3095 transitu.
698 3035 781 3096 Hanc
811 3039 958 3097 rationem
990 3039 1122 3116 assignat
1144 3036 1290 3097 Eusebius
1315 3035 1352 3094 de

177 3135 355 3214 Evangelica
387 3153 523 3214 praepar.
554 3135 587 3196 L.
622 3137 670 3201 ll.
703 3158 728 3199 c.
757 3137 783 3199 l.
819 3140 936 3200 dicens:
971 3137 1085 3199 Arabes
1118 3141 1149 3199 in
1181 3138 1353 3218 Aegyptum

176 3246 331 3311 natarent,
353 3241 414 3300 nisi
437 3240 615 3300 cocodrillos
640 3243 796 3314 timerent,
821 3251 852 3303 et
874 3242 943 3303 ideo
961 3261 1014 3321 pro
1030 3243 1085 3302 hac
1102 3242 1198 3302 salute
1214 3242 1354 3320 Aegyptii

178 3343 303 3405 adorant
325 3361 378 3404 eos
402 3350 434 3404 ut
457 3343 531 3405 deos
555 3349 764 3423 protectorios.
811 3347 908 3406 Aliam
931 3347 1084 3424 assignant
1114 3347 1274 3416 rationem,
1309 3343 1353 3403 di-

179 3455 300 3509 eentes:
324 3445 476 3519 Minoem,
499 3448 628 3528 Aegypti
652 3467 769 3528 regem,
793 3450 907 3528 fugisse
931 3452 1126 3528 insequentes
1151 3469 1185 3510 se
1208 3467 1298 3509 canes
1324 3456 1355 3508 et

178 3569 195 3612 a
226 3550 389 3611 cocodrillo
419 3559 607 3630 susceptum
641 3556 672 3612 in
707 3555 973 3632 continentemque
1011 3553 1152 3614 delatum.
1198 3552 1247 3614 ·Ut
1282 3569 1354 3628 ergo

178 3656 306 3732 gratiam
330 3655 448 3715 animali
471 3654 661 3727 refunderet,
697 3659 848 3719 civitatem
872 3658 939 3717 loco
963 3661 1127 3737 proximam
1155 3656 1354 3718 Cocodrillam

62 3769 65 3772 ’
131 3822 135 3833 ,
178 3758 342 3818 nominavit
374 3757 467 3837 (llll
483 3754 526 3837 a)
559 3760 772 3838 mandavitque
803 3762 928 3833 accolis,
962 3769 996 3822 ut
1026 3781 1080 3840 pro
1114 3760 1172 3820 deo
1204 3761 1355 3820 coleretur

177 3862 275 3922 bestia
298 3869 329 3923 et
352 3880 455 3942 agrum
479 3880 548 3923 eum
571 3862 691 3923 devovit
706 3863 837 3936 bestiae,
861 3883 896 3925 ac
912 3866 1100 3944 pyramidem
1114 3869 1145 3927 in
1161 3865 1355 3944 sepulchrum

180 3966 235 4026 sibi
258 3966 297 4025 lbi
321 3966 474 4044 ingentem
498 3972 528 4027 et
552 3964 756 4026 admirandam
778 3970 873 4028 erexit
897 3975 927 4029 et
943 3970 1141 4049 labyrinthum
1159 3977 1189 4032 et
1203 3973 1243 4030 lta
1259 3970 1353 4030 horri-

178 4069 272 4130 bilem
294 4070 410 4130 bestiae
434 4068 549 4130 cultum
571 4070 710 4131 instituit.
756 4071 801 4132 De
824 4073 871 4132 his
896 4072 1057 4134 dicendum
1080 4076 1162 4137 venit
1177 4076 1209 4135 in
1224 4089 1354 4152 sequen·

181 4173 277 4245 tibus,
302 4172 353 4235 lol.
382 4171 451 4238 120.
