2874 4770
157 323 214 383 bus
236 327 267 382 et
290 322 420 382 recessit
439 321 610 384 nobiscum.
653 323 787 403 Semper
806 329 912 384 autern
932 338 1022 383 mane
1044 319 1207 382 deseendit
1229 319 1269 381 ad
1290 338 1344 381 me

159 429 190 488 in
213 427 351 487 cumbam
379 445 481 487 meam
513 426 552 486 ad
574 425 738 486 dicendum
760 444 882 486 mecum
903 426 1053 496 odicium,
1076 428 1148 503 quia
1168 442 1283 504 perse
1306 425 1345 485 li·

159 532 248 592 bmm
269 549 331 590 non
364 530 478 590 habuit
523 529 624 602 Quem
651 528 725 589 dum
755 530 994 607 interrogarem,
1023 529 1074 589 ubi
1096 547 1187 589 suum
1216 529 1346 589 haberet

159 635 363 702 breviarium,
390 651 461 693 cum
484 635 601 710 gemitu
629 639 662 692 el
683 632 837 692 lachrimis
859 632 979 691 occulte
1001 631 1076 692 dixit
1097 632 1189 704 mihi,
1212 651 1248 694 se
1271 650 1344 694 esse

160 738 313 815 captivum
341 754 397 814 pro
419 754 475 807 eo,
508 734 591 814 quod
611 737 798 794 mentionem
820 733 947 794 lecisset
967 736 1000 794 in
1014 734 1147 813 quadam
1159 753 1236 814 vaga
1257 738 1344 798 locu·

160 841 244 899 tione
274 837 313 898 de
342 856 416 917 rege
446 838 586 917 eligendo
613 838 646 898 iu
676 837 793 916 Cypro,
824 846 949 917 propter
970 837 1054 916 quod
1075 841 1176 899 subito
1198 858 1272 899 eum
1295 858 1341 900 ra·

161 942 301 1020 puissent
322 943 355 1000 in
376 942 494 1019 galeam
523 959 582 1001 nee
613 943 645 1001 ei
667 939 799 1000 reditum
820 943 853 1000 in
874 959 963 1001 suam
984 941 1201 1002 habitationem
1224 942 1263 1002 ad
1285 942 1345 1002 tol-

161 1044 287 1105 lendum
319 1045 502 1105 breviarium
533 1050 565 1104 et
598 1061 727 1123 cappam
759 1044 969 1105 indulsissent.
1022 1045 1236 1122 compatiebar
1269 1048 1344 1117 viro,

164 1151 235 1226 quia
257 1155 438 1228 personatus
461 1155 494 1208 el
515 1148 665 1209 discretus
687 1149 839 1218 vinciat,
873 1150 903 1208 ei
931 1149 1011 1208 bene
1032 1166 1050 1207 a
1072 1145 1186 1208 tannis
1210 1149 1346 1228 college·

162 1258 217 1313 rat.
262 1251 299 1312 Et
320 1257 435 1313 tantum
459 1250 499 1312 de
522 1253 644 1332 regibus
667 1251 759 1331 Cypri
781 1259 814 1311 et
836 1250 874 1312 de
896 1252 1045 1313 saeculari
1067 1249 1136 1328 ejus
1160 1259 1254 1313 statu.

443 1550 495 1623 De
521 1551 790 1641 Episcopatihus
816 1551 919 1640 regni
945 1551 1063 1640 Cypri.

250 1778 451 1858 Episoopatus
473 1778 523 1842 tel
545 1777 706 1840 diocaeses
728 1786 859 1859 quatuor
878 1784 950 1840 sunt
979 1781 1011 1839 in
1032 1785 1098 1839 toto
1121 1796 1217 1858 regno
1242 1780 1346 1860 Cypri.

163 1884 363 1961 Episcopatus
387 1884 504 1960 primus
526 1889 575 1942 est
596 1885 626 1942 in
648 1884 785 1952 Nicoma,
815 1901 893 1962 quae
915 1889 965 1944 est
986 1883 1164 1962 metropolis
1186 1887 1291 1961 regni,
1316 1891 1349 1944 el

164 1995 213 2048 est
234 1984 326 2045 hodie
349 1987 454 2046 civitas
469 2003 592 2063 magna,
615 2006 677 2047 non
699 1989 865 2059 maritima,
887 1987 944 2048 sed
964 1986 1113 2047 in-cordc
1135 1988 1254 2048 insulae
1278 1990 1345 2060 sita,

164 2092 299 2168 quinque
321 2088 516 2149 alemannicis
539 2089 714 2150 milliaribus
743 2108 760 2150 a
793 2092 869 2151 mari
898 2090 1032 2162 (Ιὶεωιε,
1067 2092 1166 2151 cineta
1196 2091 1347 2154 fertilibus

164 2195 318 2256 montibus
346 2199 379 2254 et
406 2193 559 2264 amoenis3
590 2212 646 2272 per
673 2194 809 2255 medium
842 2196 971 2254 civitatis
994 2199 1042 2253 est
1065 2201 1183 2254 torrens
1205 2212 1345 2274 maguus,

162 2303 214 2380 qui
237 2302 300 2360 suis
322 2298 508 2378 temporibus
523 2297 673 2359 redundat
687 2301 773 2377 aquis
787 2300 960 2377 impetuose
975 2296 1214 2368 decurrentibus,
1239 2316 1347 2358 verum

163 2403 284 2484 quando
307 2418 365 2479 ego
388 2418 472 2461 eram
494 2400 545 2470 ibi,
567 2418 628 2460 nnn
650 2400 781 2463 habehat
801 2409 918 2480 guttam
939 2417 1046 2478 aquae.

252 2506 298 2566 De
322 2507 464 2565 universo
488 2503 602 2564 mundo
624 2512 696 2564 sunt
718 2507 749 2564 in
770 2505 828 2566 hae
849 2486 1154 2575 urbe'mercatores,
1183 2502 1293 2564 fideles
1316 2510 1347 2564 et

166 2611 316 2673 infideles.
360 2607 476 2670 blnltae
501 2614 568 2669 sunt
592 2610 633 2669 ihi
661 2609 827 2687 apothecae
857 2615 890 2668 el
917 2611 1087 2688 pretiosae,
1118 2609 1188 2686 quia
1211 2614 1347 2668 aromata

166 2716 260 2777 cruda
292 2716 416 2774 orientis
438 2713 498 2772 huc
528 2711 706 2772 deteruntur
737 2720 768 2773 et
797 2719 861 2773 arte
883 2714 1152 2791 pigmentariorum
1180 2710 1346 2770 conficiun-

166 2827 229 2890 tur,
258 2818 314 2878 sed
344 2825 375 2878 et
398 2820 429 2877 in
459 2819 525 2895 ipsa
553 2814 652 2876 insula
674 2824 816 2877 crescunt
848 2820 1001 2896 pigmenta
1023 2823 1055 2877 et
1076 2815 1174 2876 fluunt
1195 2822 1346 2885 aromata;

164 2921 235 2985 iden
267 2922 432 2998 apothecae
462 2921 543 2980 illius
574 2920 703 2981 civitatis
735 2926 805 2979 sunt
835 2921 921 2998 quasi
944 2922 1094 2997 origines,
1123 2918 1291 2996 exquibus
1316 2921 1347 2978 iu

168 3024 241 3085 alias
265 3024 368 3084 mundi
391 3023 554 3102 apothecas
577 3021 674 3083 fluunt
696 3025 859 3102 pigmenta.

255 3124 410 3187 Ecclesiae
433 3127 545 3187 multae
567 3132 639 3186 suni
660 3127 691 3186 in
713 3125 764 3186 illa
779 3126 871 3197 urbe,
894 3132 957 3185 tam
973 3124 1086 3184 latinae
1100 3141 1191 3202 quam
1207 3143 1345 3203 graecae.

167 3229 202 3291 ln
230 3229 329 3290 latinis
358 3238 428 3290 suut
456 3231 635 3310 campanilia
665 3247 735 3290 curn
763 3231 934 3308 campanis,
965 3235 997 3288 et
1020 3245 1089 3288 eum
1112 3229 1231 3289 clericis
1252 3229 1347 3290 latino

168 3351 255 3393 more
276 3332 486 3394 officiantibus.
530 3332 564 3393 ln
587 3336 702 3413 graecis
727 3341 798 3394 sunt
821 3332 981 3412 pinnacula
1006 3350 1077 3392 eum
1103 3331 1211 3410 ligneis
1234 3335 1345 3393 instru-

169 3437 296 3506 mentis,
328 3436 435 3514 quibus
470 3443 638 3498 convocant
667 3455 756 3497 suum
789 3438 935 3517 populum
963 3436 1002 3497 ad
1032 3436 1146 3508 divina,
1176 3444 1208 3496 et
1237 3455 1347 3515 graece

169 3546 281 3600 canunt
303 3548 333 3601 et
355 3540 470 3616 legunt.
514 3539 652 3600 Ecclesia
674 3539 906 3617 metropolitana
928 3547 974 3600 est
997 3539 1104 3609 latina,
1129 3546 1161 3600 el
1184 3539 1294 3601 dicitur
1309 3540 1348 3601 ad

169 3647 304 3702 sanctam
331 3641 492 3720 Sophiam,
524 3648 632 3719 estque
662 3650 874 3721 competenter
909 3660 1017 3722 magna
1052 3649 1083 3702 et
1119 3644 1198 3704 bene
1231 3652 1347 3717 ornata,

170 3761 241 3805 cum
271 3743 518 3822 archiepiscopo,
552 3747 704 3807 canonicis
732 3751 766 3806 et
798 3747 880 3808 clero
903 3749 1032 3826 provisa.
1077 3743 1124 3806 Ad
1146 3747 1225 3808 latus
1247 3749 1347 3809 eecle-

44 3920 57 3935 ,
170 3849 234 3908 siae
257 3846 395 3907 dextrum
419 3851 468 3907 est
482 3863 543 3908 una
557 3846 691 3925 capella,
714 3851 745 3908 in
767 3849 882 3910 bonore
898 3850 1000 3912 Sancti
1018 3847 1153 3911 Thomae
1175 3851 1213 3912 de
1226 3850 1348 3930 Aquino

170 3955 361 4021 consecrata,
384 3951 417 4010 in
439 3965 498 4026 qua
518 3948 665 4028 Legenda
687 3951 820 4013 doctoris
843 3956 940 4017 sancti
962 3953 1168 4033 pulcherrimo
1186 3954 1348 4016 schemate

170 4062 219 4117 est
249 4054 383 4133 depicto,
410 4058 443 4112 et
474 4052 574 4114 tabula
601 4070 692 4115 aurea
715 4055 816 4115 altaris
841 4054 909 4132 ejus
937 4060 1072 4118 continet
1093 4065 1190 4138 gesta.
1235 4059 1267 4121 ln
1290 4059 1348 4120 bae

73 4248 79 4258 .
172 4157 288 4239 erpelle
316 4156 374 4218 hoc
399 4154 577 4219 memoriale
598 4156 718 4236 insigne
741 4154 820 4228 vidi,
850 4159 934 4235 quod
953 4160 1108 4235 sequitur:
1146 4163 1244 4226 stabat
1266 4165 1349 4229 enim
