2874 4770
656 172 718 254 lli

103 361 172 440 quia
189 361 274 422 cibus
297 359 390 420 otiam
412 362 530 418 sumtus
552 372 612 417 non
628 361 748 443 poterat
762 357 800 417 in'
811 358 956 419 subverso
969 355 1127 418 stomacho
1143 373 1276 419 manere.

103 462 175 523 Sole
198 469 299 523 autern
323 461 482 522 ocetdente
506 468 537 521 et
555 460 692 521 ‘tenebris
715 461 923 538 ingruentibus
955 453 1080 538 invaluit
1102 466 1209 522 ventus
1232 463 1276 521 ni-

101 568 180 627 mius
209 573 240 626 et
262 582 344 625 mare
367 546 506 626 saeviens
528 563 650 624 fremuit
678 570 709 623 et
731 565 948 642 intemperatae
979 566 1126 643 aquarum
1152 563 1277 625 inunda-

100 673 200 737 tiones
215 672 246 729 in
258 649 375 729 tristem
389 685 445 728 nos
459 669 715 746 exspectationem
725 662 780 746 (b)
791 668 870 727 omni
884 673 1037 728 momento
1052 668 1215 745 rapiebant.
1244 665 1278 727 In

102 774 309 855 superioribus
326 772 428 851 galeae
452 772 526 832 nihil
551 779 628 842 erat,
652 770 732 848 quod
748 789 808 831 non
832 772 861 830 io
885 787 961 847 aqua
977 768 1071 830 sta'ret
1086 777 1137 831 aut
1152 775 1276 841 nataret,

101 877 181 940 unde
204 877 319 938 domini
340 894 448 946 omnes
471 876 509 962 de
534 875 658 936 castello
691 881 723 935 et
746 874 784 935 de
808 874 1013 954 superioribus
1044 874 1145 951 galeae
1161 871 1276 945 oculor

102 989 209 1063 gerunt
231 982 269 1044 ad
291 967 406 1054 intima,
430 983 499 1060 quia
522 979 674 1060 procellae
691 977 884 1066 elevabantur
906 995 996 1057 supra
1020 974 1135 1054 galeam
1159 984 1190 1036 et
1212 977 1278 1037 sine

100 1100 242 1150 mensura
266 1085 444 1148 decidebant
468 1101 564 1163 aquae
594 1086 625 1144 in
656 1101 732 1161 eam.
778 1082 870 1143 Erant
899 1089 1000 1167 autem
1023 1081 1161 1159 galeotae
1183 1077 1278 1140 XVIII

100 1194 322 1261 febricitantes,
344 1181 452 1252 Infirmi
473 1191 505 1251 in
525 1188 819 1270 Alexandria,‚laeti‚
854 1191 905 1267 qui
927 1207 984 1248 nec
1008 1206 1099 1266 supra
1121 1204 1179 1247 nec
1202 1185 1278 1246 intra

100 1315 154 1360 sua
175 1303 306 1359 transtra
328 1312 450 1355 manere
473 1300 628 1373 poterant,
651 1312 708 1356 nee
722 1293 807 1355 IiouIt
822 1292 866 1354 eis
883 1296 947 1375 sine
963 1294 1084 1353 lieentia
1099 1293 1129 1351 in
1146 1275 1278 1349 carinam

100 1401 296 1464 descendere.
346 1397 384 1460 IIi
415 1380 532 1458 stabant
563 1397 600 1458 ad
633 1415 668 1456 os
704 1400 823 1458 cantuae
855 1398 1084 1458 lamentabiliter
1118 1402 1277 1475 precautes

100 1507 275 1576 intromitti,
298 1521 337 1564 ne
353 1502 464 1580 frigore
481 1507 682 1561 morerentur.
715 1500 787 1562 Post
801 1499 912 1563 multas
928 1518 1035 1580 preces
1052 1501 1246 1560 obtinuerunt
1261 1516 1277 1558 a

101 1608 230 1669 dominis
259 1614 290 1667 et
312 1606 535 1669 descendentes
559 1612 717 1684 angustam
741 1609 872 1668 eartnam
895 1607 1033 1667 lecerunt
1056 1624 1184 1685 eamque
1209 1589 1275 1666 loe'·

99 1719 166 1774 tore
189 1713 391 1792 repleverunt.
436 1711 563 1773 invaluit
594 1718 694 1771 autem
727 1719 892 1792 tempestas
912 1696 955 1772 et
983 1710 1073 1772 tanta'
1097 1715 1164 1770 erat
1192 1710 1301 1769 navis·

101 1818 237 1896 agitatio,
261 1816 341 1895 quod
355 1823 435 1877 stare
453 1826 548 1877 'nemo
572 1822 690 1896 poterat
712 1834 769 1876 nec
792 1816 901 1876 sedere
924 1797 982 1876 nisi
999 1833 1068 1875 oum
1083 1813 1276 1875 adhaerentia

99 1920 228 1999 alicujus
251 1923 295 1982 rei
316 1921 432 1984 stabilis
456 1929 487 1983 et
508 1921 622 1983 firmae.
653 1919 856 1983 decurrentes
881 1928 981 1984 autem
1003 1938 1098 2000 aquae
1113 1917 1278 1980 influebant

99 2045 196 2105 usque
219 2027 257 2089 ad
280 2028 402 2089 cumbas
425 2033 456 2088 et
480 2027 589 2088 cubilia
611 2034 730 2098 nostra,
765 2034 794 2088 et
818 2043 873 2106 per
895 2029 1084 2105 insuspectos
1106 2025 1197 2084 rimas
1222 2021 1275 2082 de-

99 2130 249 2192 stillabant
270 2131 428 2208 usquead
443 2149 514 2203 nos;
539 2130 614 2215 adeo
638 2139 740 2192 autem
755 2130 829 2192 dure
853 2138 883 2193 et
904 2118 1075 2210 impetuose
1091 2129 1275 2207 repercutie-

97 2233 185 2294 batur
207 2235 291 2295 navIs
314 2235 349 2295 ab
374 2234 600 2318 accurrentibus
609 2235 729 2313 aquis,
761 2251 796 2294 ae
819 2235 845 2296 si
868 2232 991 2312 grandia
1017 2250 1090 2293 saxa
1112 2233 1149 2292 de
1173 2235 1275 2290 monte

98 2337 349 2397 submitterentur
363 2338 394 2396 in
409 2336 513 2414 galeae
528 2334 622 2397 latera
639 2354 770 2407 currere,
794 2354 830 2397 ex
846 2353 905 2414 quo
922 2343 1021 2397 tantos
1037 2335 1170 2414 tragoies
1184 2353 1276 2396 naves

97 2439 206 2500 dabant
229 2440 384 2509 conIInue,
407 2437 627 2507 utriderentur
643 2438 767 2500 dissolvi
790 2442 820 2500 in
837 2441 975 2500 omnibus
996 2441 1120 2500 nexibus
1144 2448 1175 2501 et
1186 2437 1272 2516 juno·

98 2545 172 2603 turis
195 2544 267 2602 suis.
313 2540 360 2602 Ad
383 2543 451 2602 illos
475 2550 576 2602 autem
602 2538 760 2603 'terribiles
794 2543 927 2620 fragores
957 2546 1108 2622 perterriti
1132 2544 1275 2603 continuo

98 2645 306 2716 clamavimus,
331 2663 366 2706 ae
389 2647 415 2705 si
434 2644 497 2723 jam
521 2653 608 2724 rupta
624 2647 691 2706 navi
706 2646 877 2714 Involvendi
893 2647 979 2708 undis
996 2656 1143 2718 essemus,
1166 2647 1275 2725 sphae-

98 2751 176 2809 ricos
200 2751 281 2808 enim
295 2748 525 2812 bombardorum
548 2749 663 2830 lapides
687 2752 717 2817 in
740 2769 829 2829 prora
839 2748 977 2827 jacentes
1001 2754 1177 2814 saevissima
1201 2755 1275 2816 haec

97 2860 264 2931 tempestas
289 2852 416 2916 elevant
440 2870 594 2933 acusque
620 2856 651 2915 in
667 2854 809 2915 medium
833 2856 936 2934 galeae
961 2865 1064 2918 contra
1080 2858 1192 2919 malum
1209 2857 1275 2936 jac·

96 2958 185 3028 tavit,
222 2954 324 3036 plures
356 2959 446 3017 etiarn
479 2957 517 3018 ad
542 2975 630 3046 ⁴snare
661 2955 798 3036 projecit.
844 2955 961 3020 Interea
987 2972 1090 3043 amore
1114 2970 1144 3023 et
1166 2965 1274 3023 tImore

97 3061 197 3123 allecti
210 3063 382 3152 ‘plurimum
403 3063 529 3136 luimus,
553 3066 732 3142 vertiginem
755 3071 788 3126 et
809 3067 1023 3126 evomitionem
1047 3084 1153 3128 onrnos
1176 3062 1272 3144 patie-

95 3166 214 3238 bamur,
244 3167 353 3228 infirmi
384 3167 470 3245 pejus
505 3168 652 3230 habebant
687 3177 718 3229 et
747 3173 814 3250 sani
844 3173 925 3249 aegri
949 3171 1072 3242 fiebant,
1104 3177 1135 3230 et
1157 3169 1273 3231 duravit

96 3276 262 3347 tempestas
285 3271 336 3332 illa
359 3279 422 3332 tota
457 3279 562 3343 noete,
594 3275 624 3332 in
649 3290 707 3351 qua
738 3273 798 3336 duo
827 3275 964 3352 galeotae
995 3277 1104 3336 mortui
1139 3283 1210 3335 sunt
1243 3279 1274 3334 et

97 3372 170 3433 nudi
192 3361 329 3433 inmane
353 3373 611 3453 projectibelluis
635 3375 811 3450 devorandi,
846 3378 996 3457 siquidem
1019 3379 1076 3438 hoc
1100 3397 1184 3438 mare
1201 3379 1272 3439 Car-

97 3480 230 3556 patioum
253 3478 368 3539 belluas
391 3478 602 3546 ferocissimas..
619 3488 759 3558 generat,
793 3483 904 3560 phocas
928 3489 960 3542 et
981 3481 1112 3553 lelohos,
1145 3500 1273 3559 quorum

95 3590 200 3660 pastor
222 3582 343 3661 tingitur
366 3582 461 3644 fuisse
477 3582 620 3657 Proteus,
642 3603 679 3647 ex
703 3604 748 3656 eo,
763 3587 841 3665 apula
858 3588 1022 3665 antiquitus
1047 3603 1097 3647 rer
1114 3585 1151 3646 ad
1173 3585 1273 3647 littora

95 3683 185 3762 hujus
215 3689 306 3757 maris
339 3686 405 3747 tuit.
451 3687 527 3749 Sunt
557 3696 658 3749 autern
689 3689 805 3769 phocae
833 3690 926 3751 boves
953 3693 1101 3765 marinae,
1134 3698 1272 3760 animalia

95 3786 274 3861 fortissima,
299 3792 433 3850 animosa
458 3797 489 3850 et
511 3791 653 3854 Iracunda
675 3811 736 3853 non
759 3800 874 3855 tantum
898 3793 935 3855 ad
959 3794 1014 3856 alia
1038 3791 1192 3873 animabo,
1217 3804 1272 3864 sed

96 3896 188 3955 etiam
211 3893 248 3956 ad
270 3911 325 3956 sua
347 3892 531 3967 domestica,
563 3913 685 3975 semper
716 3898 798 3964 enim
827 3899 879 3959 vir
902 3917 971 3960 oum
1004 3905 1133 3966 muliere
1160 3913 1273 3985 pugnat

96 3988 163 4057 nec·
175 3997 324 4077 placatur,
350 3999 448 4061 donec
464 4018 532 4062 eam
547 4002 722 4076 interficiat,
746 4009 777 4066 et
800 3993 899 4091 ejecta
913 4005 963 4074 illa
980 4007 1068 4069 aliam
1088 4007 1179 4080 ducit,
1204 4026 1272 4069 cum

96 4117 287 4176 quartorum
310 4103 460 4181 proelium
482 4098 686 4184 implacabilis
700 4108 874 4170 inimicitiae
897 4111 1011 4190 incipit,
1037 4119 1067 4174 et
1087 4115 1128 4173 ita
1151 4128 1273 4191 semper

96 4207 264 4268 antristis
296 4214 348 4271 aut
378 4205 475 4272 victor
504 4211 639 4272 moritur.
685 4209 788 4274 Felobi
817 4218 918 4282 autem
951 4221 1022 4274 sunt
1047 4217 1132 4277 vituli
1154 4216 1271 4280 marini.

1002 4329 1061 4384 19*
