2902 4710
682 105 754 179 ’449

133 285 236 351 italice
258 305 275 350 a
297 291 456 368 putaoone.
503 283 658 358 Quaedam
681 286 779 356 enirn,
809 287 841 344 ut
865 282 988 355 dicitur,
1017 282 1137 346 domina
1157 289 1257 346 terrae
1279 284 1311 348 in

134 393 202 453 loco
236 393 327 453 castri
360 391 416 451 sibi
446 388 569 449 hortum
596 387 728 458 iecerat,
764 403 856 466 quem
885 388 951 466 ipsa
982 387 1101 449 serebat
1124 392 1154 449 et
1176 391 1309 467 putabat.

122 495 199 583 ¹ltali
223 503 325 557 autem
347 494 451 555 hortos
474 496 613 571 putastcs
635 491 800 552 nominant
838 488 921 550 Hanc
944 488 1096 551 dominam
1118 498 1198 574 pnto·
1214 493 1310 554 icisse

136 597 287 660 dominam
310 595 479 667 Multesch,
509 593 547 655 de
570 612 628 673 qua
657 600 720 655 tota
743 594 828 672 regio
849 590 1012 655 Mantuano
1035 593 1174 656 devoluta
1204 605 1250 659 est
1274 597 1311 658 ad
1395 660 1397 665 ,

136 700 231 763 duces
244 701 394 763 Austriae.
433 696 594 761 Teutonici
616 698 774 758 nominant
797 701 929 758 castrum
944 695 1111 759 Biitelstein
1134 699 1183 762 rol
1200 699 1310 763 Biiten·

135 807 228 877 stein,
251 804 284 865 id
306 810 354 866 eat
375 802 508 883 lapidem
530 805 710 862 taratantara
733 800 782 862 vel
803 798 933 879 lapidem
948 804 1119 881 praecepti,
1143 805 1211 882 quia
1233 808 1313 868 sicut

131 907 230 970 farina
251 925 307 986 per
328 892 509 969 taratantara
532 887 693 965 mundatur
715 903 899 983 adponam,
922 905 966 964 sic
991 922 1097 967 omnes
1120 912 1311 972 transeuntes

134 1028 190 1091 per
212 1028 319 1072 manus
341 1011 462 1072 illorum
485 1008 647 1070 custodum
670 1007 851 1080 cribrantur,
874 1007 924 1069 rel
939 1025 1045 1070 omnes
1059 1016 1251 1073 transeuntes
1273 1012 1312 1074 ad

134 1120 298 1195 praecepta
321 1113 455 1176 custodis
478 1113 655 1174 subsistunt.
701 1110 734 1171 ln
756 1109 815 1171 hoc
838 1111 906 1171 loco
928 1109 1040 1173 desinit
1061 1112 1228 1177 dominium
1250 1116 1311 1178 Ve-

136 1226 277 1281 netorum
300 1224 332 1280 ct
353 1220 455 1296 lingna
470 1214 622 1278 italorum.
668 1215 777 1294 incipit
798 1220 900 1275 autem
916 1213 1080 1278 dominium
1105 1221 1250 1281 comitum
1273 1220 1311 1283 de

126 1323 237 1396 sorio,
261 1330 293 1384 et
313 1322 414 1401 lingna
429 1317 597 1381 Teutonica
620 1320 683 1381 sive
699 1317 912 1390 Alemanniea,
936 1319 1010 1380 rnihi
1032 1320 1099 1383 sola
1121 1330 1258 1397 connata,
1281 1333 1312 1387 et

134 1426 173 1490 ad
194 1429 346 1505 integrum
367 1420 423 1505 (b)
447 1430 535 1495 nota,
558 1425 658 1505 lingua
681 1422 795 1501 judicio
819 1441 889 1484 meo
912 1424 1114 1498 nobilissima,
1147 1428 1312 1491 clarissima
1373 1436 1376 1443 “
1417 1465 1420 1469 -

136 1537 167 1592 et
189 1524 420 1600 humanissima,
444 1545 521 1606 quae
538 1525 661 1606 quidem
674 1525 773 1606 Syris,
791 1525 970 1605 Aegyptiis,
992 1526 1154 1602 Arabibua‚
1178 1531 1311 1606 Graecis,

136 1634 267 1704 Solaria,
296 1631 393 1704 italis,
422 1629 553 1702 Latinis,
583 1630 722 1701 Francis,
758 1627 850 1689 Gallis
873 1616 992 1691 videtur
1015 1649 1083 1693 esse
1106 1633 1258 1697 barbarica
1281 1645 1312 1699 et

135 1740 312 1811 inhumana,
346 1754 382 1798 cr
405 1754 459 1808 eo,
493 1737 563 1814 quia
592 1735 770 1796 brevissima
792 1733 893 1813 lingua
917 1741 966 1795 est
988 1742 1092 1797 nostra
1114 1754 1151 1798 ex
1172 1742 1312 1803 omnibus

135 1844 262 1923 linguis,
293 1843 335 1902 ita
366 1839 447 1920 quod
477 1839 581 1918 paucis
604 1837 725 1917 syllabis
749 1843 780 1898 et
800 1835 901 1898 verbis
923 1838 1017 1900 multa
1040 1842 1248 1920 exprimimus,
1282 1850 1313 1905 et

134 1947 185 2009 illa
207 1947 403 2026 praegnantia
424 1945 514 2006 verba
530 1949 560 2004 et
574 1943 676 2004 brevia
690 1941 801 2002 babent
816 1940 1022 2004 difficultatem
1036 1942 1115 2023 apud
1130 1964 1312 2010 non-assua-

135 2059 183 2115 tos
205 2053 236 2112 in
259 2069 294 2113 ea
319 2049 460 2111 discenda
483 2054 515 2110 at
537 2044 747 2126 exprimenda,
772 2053 803 2106 et
825 2046 938 2107 habent
960 2047 1069 2109 multas
1093 2049 1313 2129 adspirationes

136 2164 168 2218 et
190 2155 407 2235 diphthongos,
431 2169 507 2232 quaa
530 2149 670 2214 videntur
691 2167 801 2210 sonum
815 2150 1004 2213 barbaricum
1026 2150 1154 2224 habere,
1177 2154 1232 2217 sed
1255 2174 1314 2219 nna

136 2261 339 2340 diphthongus
377 2255 476 2318 addita
516 2253 649 2333 syllabae
681 2254 870 2332 impraegnat
902 2253 1047 2333 syllabam
1080 2256 1212 2337 lecitque
1246 2278 1314 2322 eam

136 2365 222 2444 plura
244 2361 427 2442 signiticare3
462 2358 505 2417 sie
528 2357 620 2416 etiam
643 2354 758 2416 iaciunt
785 2355 1016 2434 adspirationea.
1061 2358 1215 2421 Sufficiant
1236 2364 1312 2437 ista;

135 2466 265 2528 babeant
287 2463 331 2525 illi
353 2461 471 2539 linguas
493 2475 578 2530 suas,
610 2457 761 2520 dimittant
788 2459 875 2519 nobis
906 2467 1057 2532 nostram,
1090 2462 1184 2525 velint
1208 2465 1313 2541 nolint,

135 2569 252 2648 linguas
285 2582 391 2630 eorum
426 2562 513 2625 facile
546 2560 704 2625 addiscere
736 2579 900 2640 possumus
933 2570 963 2624 et
993 2563 1190 2628 disertissime
1229 2569 1313 2648 loqui

136 2690 258 2734 omnem
280 2672 428 2751 linguam,
452 2664 507 2727 sed
529 2665 630 2727 nullus
654 2665 775 2739 Gallus,
798 2664 906 2741 italus,
930 2669 1072 2743 Sclavus,
1096 2669 1230 2735 Graecus
1253 2681 1311 2736 etc.

137 2778 255 2840 adultus
278 2782 379 2855 potest
410 2773 546 2854 perlecto
577 2770 734 2834 addiscere
765 2772 898 2851 lingnam
920 2779 1071 2846 nostram,
1104 2781 1136 2836 et
1157 2777 1199 2849 si,
1232 2778 1314 2857 qnod

135 2887 239 2944 tamen
261 2880 390 2943 maximo
413 2878 516 2939 labore
538 2879 587 2950 iit,
621 2877 734 2958 aliquid
756 2877 989 2959 apprehenderit
1018 2881 1056 2942 da
1079 2881 1179 2961 lingua
1201 2889 1314 2956 nostra,

137 2983 361 3063 apprehensum
382 2981 649 3062 imperfectissima
681 2982 796 3062 profert
826 2989 857 3046 et
877 3001 1008 3064 semper·
1025 3001 1080 3046 sua
1103 2985 1215 3048 locutio
1238 3004 1313 3066 puc-

135 3088 230 3152 riliter
252 3094 350 3150 sonat
395 3087 465 3150 Vidi
488 3087 604 3167 aliquos
627 3085 729 3149 Gallos
751 3094 783 3148 et
803 3087 894 3150 ltalos
923 3088 1024 3151 multis
1048 3091 1133 3152 annis
1156 3092 1186 3152 in
1209 3097 1313 3153 nostro

135 3193 287 3253 territorio
309 3197 455 3264 versatos,
479 3198 511 3252 et
524 3191 619 3253 multo
641 3190 742 3253 studio
759 3190 944 3254 conabantur
966 3190 1078 3254 idioma
1100 3200 1236 3256 nostrum
1260 3194 1313 3256 ud-

136 3294 273 3366 discere,
306 3293 361 3355 sed
388 3294 466 3356 ultra
496 3290 646 3375 puerilem
676 3294 860 3356 locutionem
876 3312 952 3358 ,non
974 3302 1114 3374 poterant
1136 3296 1314 3377 procedere,

135 3400 227 3460 etiam
250 3393 303 3456 XL
325 3398 411 3457 annis
435 3396 603 3459 studentes.
648 3397 738 3476 Apud
760 3398 853 3477 Syros
876 3400 1039 3477 practicavi
1060 3399 1119 3460 hoc
1144 3414 1214 3461 cum
1236 3417 1313 3478 quo·

135 3498 206 3561 dam
229 3500 396 3561 Sarraceno
429 3498 510 3560 iacto
539 3500 616 3561 mibi
648 3499 802 3569 familiari,
835 3501 884 3559 cui
916 3499 975 3561 dixi
1001 3501 1094 3563 verba
1110 3501 1161 3563 de
1193 3503 1313 3574 nostris,

136 3621 214 3683 quac
237 3603 319 3664 nullo
342 3602 433 3664 modo
457 3605 626 3681 exprimere
648 3604 763 3682 potuit,
793 3604 884 3663 etiam
908 3604 934 3663 si
957 3587 1119 3681 quiscum
1141 3605 1313 3678 occidisset,

136 3707 192 3771 sed
213 3708 313 3769 omnia
336 3724 389 3769 sua
413 3708 478 3768 sine
502 3704 675 3768 difficultate
699 3708 843 3785 expressi.
1104 3783 1107 3789 1

223 3811 279 3873 Est
294 3808 448 3889 quaedam
470 3827 544 3890 gens
566 3811 597 3870 in
619 3807 718 3871 insula
733 3807 848 3871 Oceani
870 3808 1088 3885 meridionalis,
1112 3811 1150 3873 de
1166 3828 1225 3892 qua
1240 3811 1313 3875 llio-

136 3915 228 3979 doms
249 3914 449 3993 Antiquarum
472 3912 672 3975 ilistoriarum
694 3910 729 3974 t.
753 3910 801 3974 lil.
826 3930 852 3974 o.
875 3914 996 3987 ultimo,
1019 3928 1097 3994 quae
1120 3917 1233 3996 optima
1255 3919 1313 3980 uti·

133 4024 186 4081 tur
207 4019 326 4100 lingua,
348 4018 459 4081 babent
475 4019 556 4079 enim
570 4017 742 4080 membmm
755 4017 875 4097 bagnae
891 4017 1037 4092 divisum,
1060 4020 1119 4091 ita,
1142 4018 1225 4099 quod
1247 4021 1313 4100 qui-

135 4119 212 4185 libet
232 4120 307 4186 duas
328 4122 441 4187 habere
462 4121 582 4187 videaur
601 4121 736 4203 mutas,
768 4140 840 4186 cum
861 4127 965 4186 aunon
994 4139 1031 4186 ex
1051 4120 1155 4186 radico
1185 4125 1223 4186 sit
1245 4139 1313 4198 una
