2874 4770
649 156 713 225 tib

96 339 175 398 sicut
196 333 336 395 dicebant
357 333 443 392 nobis
467 327 564 390 Mauri
587 336 705 391 nautae.
751 330 836 392 lianc
866 329 995 389 insulam
1018 333 1049 388 et
1071 326 1137 404 ejus
1168 324 1271 384 littora

94 439 212 517 lugiunt
236 436 406 507 cocodrilli,
438 436 508 512 quia
530 435 668 494 homines
690 434 770 493 illius
794 432 910 493 insulae
934 431 1001 491 illos
1026 432 1147 508 capiunt
1170 435 1201 487 et
1216 427 1270 488 do-

95 524 188 604 mant.
233 539 349 601 Habent
372 540 453 598 enim
475 540 592 615 tuguria
616 556 708 616 super
730 537 814 597 littus
838 534 968 594 lluminis
985 541 1016 593 et
1031 533 1148 593 latitant
1163 534 1192 592 in
1209 534 1270 602 eis;

96 648 123 706 si
157 643 276 724 quando
308 649 409 704 autem
438 640 634 724 cocodrillus
655 643 685 700 in
720 658 797 718 aqua
829 646 934 703 natans
968 640 1008 699 ibi
1042 639 1272 717 appropinquat,

97 765 167 808 mox
188 747 277 815 bomo
301 751 427 825 repente
450 744 488 804 de
512 745 630 823 tugurio
654 745 794 805 exsiliens
817 745 847 804 iu
872 760 979 820 aquam
1004 759 1095 819 super
1118 739 1274 800 cocodrilli

97 867 208 929 corpus
232 848 320 909 saltat
343 864 473 931 eumque
497 846 576 907 lerro
599 846 697 907 frenat
719 853 750 907 et
773 846 855 907 ducit
883 865 942 924 quo
972 847 1045 908 vult.
1090 845 1166 905 Nam
1196 845 1273 902 miro

97 953 188 1017 modo
220 955 298 1013 bene
330 960 432 1014 natare
463 952 563 1010 sciunt
584 947 725 1029 Aegyptii
755 955 785 1009 et
816 957 898 1010 tanta
920 951 1051 1028 agilitate
1075 954 1106 1008 ei
1128 947 1274 1009 facilitate

99 1064 258 1122 moventur
272 1058 302 1117 in
316 1059 416 1135 aquis,
440 1057 518 1114 sicut
534 1055 650 1131 pisces,
674 1054 729 1114 sub
746 1054 831 1132 aquis
847 1055 938 1114 etiam
954 1053 991 1114 ad
1005 1054 1128 1132 longum
1143 1055 1276 1131 spatium

99 1181 133 1224 se
157 1163 312 1222 continent
336 1167 367 1219 et
389 1157 516 1228 vadunt;
549 1155 629 1216 unde
662 1157 779 1217 incolae
802 1158 969 1218 habitantes
990 1158 1192 1220 inlittoribus
1216 1157 1275 1216 Nili

99 1270 204 1328 natant
226 1263 264 1324 ad
286 1261 433 1322 nundinas
457 1279 578 1321 sursum
606 1262 638 1319 in
661 1260 783 1323 Cairum
808 1270 838 1331 et
861 1261 898 1322 ad
921 1264 978 1323 alia
1001 1263 1067 1322 loca
1090 1263 1140 1322 ubi
1164 1262 1277 1334 volunt,

101 1376 133 1431 et
154 1368 227 1429 dum
248 1369 279 1426 in
303 1367 454 1427 civitatem
478 1366 634 1436 venerint,
670 1365 902 1427 accommodant
933 1370 990 1429 sibi
1023 1369 1058 1428 ab
1082 1370 1181 1448 aliquo
1204 1377 1277 1430 nuto

101 1479 220 1536 vestem
251 1477 282 1529 et
313 1470 402 1529 emtis
437 1468 588 1535 mercibus
616 1469 647 1526 in
678 1486 769 1531 naves
801 1480 951 1552 reponunt
982 1479 1013 1533 et
1041 1493 1160 1536 rursum
1192 1477 1278 1553 aquis

102 1572 252 1645 insiliunt,
282 1578 452 1632 renatantes
485 1570 522 1630 ad
552 1572 619 1631 loca
647 1581 752 1634 suaet
777 1576 879 1636 multis
901 1577 982 1636 horis
1007 1580 1094 1638 citius
1117 1581 1280 1639 terminum

104 1666 253 1757 attingunt
276 1695 365 1755 quam
388 1693 489 1737 naves.
535 1672 611 1734 Tota
641 1675 774 1752 praelata
807 1679 920 1751 insula,
955 1682 1093 1744 homines
1127 1689 1157 1743 et
1190 1690 1279 1753 terra,

104 1784 225 1860 reginae
248 1782 341 1840 servit
364 1793 541 1857 supremae,
573 1793 651 1853 quae
682 1779 775 1837 etiam
806 1798 873 1840 eam
908 1785 1066 1858 inhabitat,
1099 1789 1124 1847 si
1148 1786 1280 1847 Soldano

104 1885 221 1964 placet:
245 1882 395 1961 siquidem
419 1884 485 1959 ipse
509 1898 560 1940 rex
583 1887 711 1958 quatuor
732 1883 822 1944 habet
837 1903 961 1958 uxores,
985 1890 1120 1968 quamvis
1136 1887 1189 1948 llll
1204 1889 1279 1967 legi-

106 1987 195 2048 timas
217 1986 328 2045 habere
351 1986 448 2062 possit
471 1990 502 2044 et
525 1986 707 2045 concubinas
731 1987 768 2047 ad
791 1987 943 2065 placitum,
967 1999 996 2050 et
1020 2009 1080 2052 uua
1101 2011 1207 2053 eorum
1231 2011 1280 2052 su-

105 2105 210 2171 prema
232 2090 263 2148 in
286 2088 344 2147 hoe
367 2089 436 2166 loco
460 2091 660 2149 communiter
682 2072 822 2162 habitat,
847 2093 921 2153 aliae
956 2068 1029 2155 vero
1052 2097 1083 2155 in
1107 2097 1172 2156 aliis
1195 2097 1280 2165 locis,

106 2212 168 2255 non
199 2194 280 2253 enim
314 2191 363 2254 vel
393 2209 460 2251 raro
491 2190 602 2252 habent
634 2192 708 2253 duas
740 2212 849 2254 uxores
883 2197 915 2255 in
945 2217 1005 2258 uno
1037 2198 1126 2260 domo
1159 2205 1282 2277 propter

106 2300 202 2378 litigia
224 2297 358 2369 vitanda,
383 2295 437 2357 sed
460 2313 514 2373 per
536 2294 603 2355 loca
626 2290 744 2357 diversa
768 2297 879 2358 habent
894 2306 925 2358 et
939 2318 1020 2383 nunc
1035 2301 1178 2371 camilla,
1203 2316 1282 2358 nunc

108 2421 178 2465 eum
203 2403 260 2463 alia
282 2402 363 2481 degit
386 2403 440 2462 vir.
474 2400 625 2477 ‘Vidimus
659 2404 690 2462 iu
722 2403 772 2463 illa
802 2403 900 2464 insula
923 2403 1137 2465 habit-ationem
1162 2405 1283 2481 reginae

109 2507 295 2578 solemnem,
330 2506 415 2583 quasi
447 2489 608 2576 castrum,
632 2495 865 2566 delectationem
898 2524 1037 2585 magnam
1065 2507 1222 2568 habuimus
1254 2507 1284 2565 in

110 2618 236 2691 asp-ectu
259 2610 339 2670 illius
362 2608 582 2686 pulcherrimae
607 2612 737 2687 regionis
761 2617 791 2670 et
814 2612 849 2670 ab
866 2618 991 2688 utraque
1007 2617 1091 2689 parte
1108 2612 1285 2691 voluptuosa

110 2717 178 2796 loca
207 2714 381 2783 habuimus,
411 2714 496 2789 quasi
528 2713 736 2790 navigaremus
765 2730 819 2791 per
849 2713 983 2774 medium
1015 2715 1153 2793 paradisi.
1201 2713 1287 2774 Circa

112 2816 270 2878 meridiem
293 2814 492 2894 applicuimus
516 2813 553 2874 ad
576 2815 721 2893 oppidum
737 2815 886 2894 quoddam
902 2835 994 2894 super
1014 2818 1098 2878 littus
1113 2818 1181 2889 Nili,
1204 2815 1287 2875 Phua

113 2919 244 2990 dictum,
277 2918 358 2996 quod
389 2935 498 2977 nomen
532 2921 657 2978 aestimo
687 2920 757 2980 huic
791 2918 902 2998 oppido
925 2919 1028 2982 datum
1051 2938 1068 2980 a
1090 2920 1213 2981 ludaeis
1236 2918 1287 2978 illo

113 3031 267 3102 tempore,
291 3023 364 3083 dum
386 3021 501 3081 Pharao
525 3038 577 3081 eos
602 3024 772 3094 tribularet,
794 3025 825 3083 in
850 3027 1026 3085 memoriam
1042 3030 1219 3102 perpetuam
1235 3023 1287 3082 ob-

114 3125 281 3196 stetricum,
306 3142 383 3203 quae
398 3141 508 3183 necare
526 3125 666 3186 nolebant
685 3126 824 3198 infantes,
841 3125 895 3187 sed
911 3144 964 3187 eos
981 3128 1146 3197 servabant,
1163 3143 1289 3204 quarum

114 3247 174 3291 uua
191 3227 351 3296 ,dicebatur
373 3227 469 3300 Phua,
493 3230 570 3289 sicut
594 3229 652 3289 hoc
676 3232 835 3309 oppidum,
860 3238 892 3293 ut
915 3231 1042 3292 habetur
1064 3229 1156 3291 Exodi
1180 3229 1208 3293 l.
1253 3228 1291 3287 Et

115 3340 239 3415 propter
262 3332 339 3393 hanc
355 3333 498 3409 pietatem
514 3333 680 3395 aedificavit
695 3336 754 3395 illis
768 3336 876 3402 dumos
892 3336 1028 3396 manibus
1044 3334 1174 3394 liliorum
1188 3330 1290 3402 lsrael,

117 3437 213 3515 quieti
235 3437 325 3495 etiam
348 3435 406 3495 hoc
429 3435 572 3514 oppidum
595 3437 844 3511 aedificaverunt]
868 3441 917 3498 cui
941 3445 972 3498 et
994 3457 1104 3499 nomen
1120 3437 1290 3498 obstetricis

118 3539 274 3602 dederunt.
321 3539 358 3598 Et
381 3540 509 3616 ingressi
532 3543 684 3602 civitatem
707 3543 742 3602 ab
765 3542 920 3623 Aegyptiis
953 3541 1011 3602 illis
1043 3544 1170 3602 emimus
1200 3540 1291 3601 victui

117 3645 305 3714 necessaria,
328 3660 438 3720 panes,
462 3645 600 3722 gallinas,
632 3662 688 3705 ova
711 3652 742 3706 et
763 3645 895 3716 fructus3
934 3653 1042 3707 cuncta
1067 3652 1181 3716 autem,
1215 3658 1292 3721 quae

119 3751 266 3817 emimus,
294 3748 512 3826 reportavimus
536 3755 566 3806 et
588 3750 620 3808 in
643 3750 743 3809 littore
767 3747 805 3809 ad
828 3749 957 3809 civitatis
980 3768 1100 3812 murum
1123 3751 1226 3827 ignem
1247 3745 1292 3805 l-

119 3856 232 3926 oimus,
257 3855 436 3931 comparatis
461 3870 529 3913 caro
552 3851 619 3912 loro
635 3856 812 3925 sarmentis,
837 3855 903 3932 plus
920 3854 1000 3912 enim
1015 3871 1069 3934 pro
1086 3855 1129 3913 eis
1146 3851 1294 3920 dedimus,

120 3975 210 4037 quam
233 3976 286 4036 pro
309 3959 444 4033 panibus.
491 3953 632 4014 Colimus
656 3973 729 4033 ergo
752 3956 793 4016 ibi
817 3973 924 4017 carnes
948 3972 1030 4017 assas
1054 3964 1085 4017 et
1107 3957 1195 4027 lixas,
1225 3971 1295 4015 cum

121 4067 223 4123 autem
244 4078 359 4139 coquus
382 4058 479 4138 pullos
503 4057 655 4118 occideret
678 4059 799 4120 solvens
815 4056 936 4120 cultello
951 4076 1059 4120 venam
1075 4060 1162 4132 colli,
1179 4063 1210 4120 et
1226 4073 1293 4116 sau-

122 4165 189 4244 guis
220 4168 411 4242 erumperet,
446 4162 563 4226 stabant
585 4163 744 4226 Sarraceni
777 4171 809 4226 et
839 4165 872 4224 iu
903 4177 1036 4238 coquum
1067 4160 1236 4245 tremebant
1265 4165 1297 4220 et
