2874 4770
714 162 781 233 282

161 333 209 395 rel
232 337 349 396 cantari
376 336 425 397 rel
447 341 544 409 orari,
575 338 632 401 sed
653 343 825 420 meipsum
857 343 963 406 audire
985 350 1118 425 nequivi.
1162 349 1253 413 Aliae
1276 353 1345 414 oili·

163 441 248 500 cinae
265 448 432 501 conventus
446 448 515 502 sunt
526 445 618 503 etiam
629 445 783 522 pulchrae,
798 447 948 506 ecclesiae
963 450 1102 522 ambitus,
1117 451 1345 528 dormitorium,

162 543 356 604 relectorium
373 552 432 606 etc.
455 545 518 608 Sed
540 549 644 608 ruinas
665 548 844 610 cottidianas
859 569 951 611 nemo
972 553 1083 624 1311311,
1106 565 1136 616 31
1159 577 1255 619 33313
1273 569 1344 640 post

162 647 289 710 alterum
312 653 385 723 ruit,
418 658 449 713 et
472 653 561 730 pauci
583 659 653 712 suut
676 653 716 712 ibi
738 652 866 723 iratres,
898 658 950 732 qui
982 657 1040 716 sibi
1071 660 1147 735 ipsis
1177 663 1343 739 provident

161 774 223 816 non
246 762 386 817 curantes
416 755 454 816 de
487 757 582 816 ruinis
611 774 776 817 murorum.
820 757 940 818 Fratres
968 762 1060 820 etiam
1094 766 1229 824 minores
1262 766 1343 827 duos

159 862 270 925 babent
293 861 332 922 ibi
356 868 539 932 contentus,
560 880 654 921 uuum
676 864 851 923 incivitate
873 863 1034 942 grandem,
1062 867 1192 926 alterum
1212 871 1245 928 iu
1268 873 1342 931 sub-

160 968 265 1037 urbio,
288 969 320 1027 iu
343 985 403 1044 qno
421 969 513 1027 otiam
528 966 638 1026 1131133
651 967 893 1046 augustinenses
909 977 1089 1029 conventum
1104 971 1216 1031 habent
1232 975 1342 1050 pulch-

161 1091 242 1145 rum,
265 1073 317 1152 qui
339 1091 400 1135 nou
421 1071 511 1149 lunge
535 1073 637 1132 aberat
652 1072 783 1152 bospitio
799 1081 914 1133 nostro.
945 1073 1039 1134 Stella
1062 1075 1110 1136 131
1123 1074 1229 1135 sedilia
1255 1077 1343 1137 chori

160 1183 232 1240 suut
253 1179 412 1255 ingenioso
427 1172 553 1236 artificio
575 1174 613 1235 de
635 1176 725 1254 lignis
740 1178 924 1254 cypressinis
940 1177 1039 1248 13313,
1062 1179 1116 1249 113,
1141 1179 1223 1257 quod
1248 1199 1341 1258 supra

160 1281 317 1363 quodlibet
339 1279 435 1341 sedile
462 1285 511 1339 331
533 1279 650 1358 sculpta
681 1281 782 1357 imago
809 1280 922 1358 aliqua,
953 1280 1075 1340 Domini
1107 1281 1198 1354 lesu,
1230 1285 1340 1346 beatae

160 1386 301 1503 Virlrsuis,
323 1383 532 1465 apostulorum
553 1385 700 1455 omnium,
722 1383 804 1443 beati
818 1387 995 1462 Augustini,
1019 1393 1050 1445 et
1073 1388 1221 1465 imagines
1237 1397 1340 1468 patro-

159 1508 267 1553 norum
291 1490 450 1550 ecclesiae.
496 1488 559 1549 Sed
581 1490 729 1566 imagines
751 1488 821 1547 illae
843 1504 953 1566 passae
975 1496 1047 1550 sunt
1068 1490 1224 1568 injuriam,
1260 1511 1338 1572 quae

160 1597 251 1658 etiam
274 1594 424 1672 usquein
447 1593 662 1653 contumeliam
676 1593 906 1672 imaginatorum
929 1595 1087 1671 pertingit;
1110 1596 1234 1674 quidam
1257 1601 1339 1658 eninr

152 1706 285 1781 'gracum
314 1699 498 1768 haereticus,
529 1697 648 1758 occulte
680 1700 835 1776 ingressus
867 1699 1047 1770 eeclesiam,
1086 1701 1213 1761 abscidit
1246 1721 1339 1762 nasos

159 1807 293 1866 omniurn
325 1805 489 1882 imaginum
521 1809 553 1862 ct
581 1821 659 1882 opus
692 1804 849 1881 egregium
872 1810 903 1863 ct
925 1790 1068 1865 devotum
1092 1806 1238 1866 confudit.
1286 1808 1338 1867 Sic

159 1912 238 1971 enim
262 1909 378 1979 Graeci,
401 1908 749 1987 ubicumquepussunt,
772 1915 891 1967 nostras
916 1908 1104 1970 confundunt
1126 1910 1283 1981 ecelesias,
1307 1918 1338 1970 et

158 2016 185 2076 si
208 2015 253 2075 313
276 2013 376 2075 aditus
398 2012 436 2074 ad
459 2030 545 2074 sacra
568 2020 600 2073 et
621 2012 850 2074 sacramentalia
872 2020 966 2092 patet,
988 2016 1020 2074 in
1042 2013 1145 2074 odium
1159 2013 1337 2075 Latinorum

157 2120 206 2184 vel
229 2137 265 2180 ea
287 2117 424 2181 13133131
446 2118 494 2178 131
511 2116 685 2198 3113311331.
1349 2185 1352 2189 y

244 2224 277 2286 ln
301 2225 410 2286 eodem
444 2223 586 2284 suburbio
619 2230 667 2283 est
689 2221 837 2301 hospitale
861 2233 1004 2301 maguum
1026 2222 1058 2283 S.
1081 2221 1222 2294 Antonii,
1255 2223 1337 2302 quod

158 2331 248 2395 babet
271 2329 479 2392 dormitorium
502 2345 571 2389 cum
593 2328 695 2388 1331113
719 2325 803 2387 331113
820 2345 874 2405 pro
890 2327 1090 2387 collocatione
1105 2329 1336 2406 peregrinorum

158 2432 198 2496 de
219 2431 388 2496 Jerusalem
410 2433 610 2502 venientium,
644 2434 675 2502 in
698 2431 874 2510 quostiam
897 2431 1058 2509 aliquando
1081 2431 1251 2510 hospitatus
1275 2431 1334 2503 fui3

158 2538 320 2601 modernus
344 2538 555 2616 hospitalarius
581 2544 627 2596 est
650 2535 837 2597 Teutonicus
860 2534 897 2597 de
914 2534 1103 2597 -Landsbuta

244 2646 332 2706 Extra
356 2645 459 2705 urbem
484 2661 578 2721 prope
603 2624 775 2713 estunam,
801 2643 915 2720 inquo
939 2647 986 2700 est
1008 2643 1226 2701 monasterium
1250 2659 1334 2720 mag·

158 2771 231 2817 num
257 2751 472 2828 Cologerorum
496 2746 609 2808 ordinis
640 2752 671 2806 31
693 2746 816 2825 regulae
838 2744 870 2804 S.
894 2744 997 2806 Basilii
1020 2745 1075 2805 sub
1099 2746 1207 2806 abbate
1230 2764 1335 2805 mona·

157 2855 242 2915 sterii
272 2854 302 2912 S.
335 2853 511 2914 Catharinae
545 2852 600 2912 sub
633 2859 747 2932 monte·
774 2850 875 2920 Sinai,
920 2850 958 2911 ad
989 2849 1070 2929 quod
1103 2852 1194 2910 etiam
1226 2867 1334 2910 omnes
1410 2906 1414 2913 .

157 2957 293 3021 decimae
316 2963 408 3020 tutius
430 2957 545 3018 insulae
568 2963 724 3036 spectant,
758 2973 832 3034 quas
864 2955 989 3015 contulit
1021 2957 1065 3014 eis
1088 2948 1212 3033 quidam
1235 2955 1335 3014 archi-

157 3063 319 3141 episcopus
352 3063 507 3124 Cretensis
537 3063 575 3123 0b
608 3062 810 3123 devotionem·
832 3060 869 3120 ad
897 3061 928 3121 S.
955 3060 1153 3121 Cathariuarn.
1200 3058 1270 3118 Vidi
1303 3061 1334 3118 in

158 3162 265 3225 eadem
289 3166 418 3226 33313313
442 3167 532 3226 etiarn
555 3166 666 3227 bullam
684 3164 841 3243 papalem,
865 3166 895 3225 in
919 3181 977 3242 qua
999 3163 1203 3242 indulgentiae
1226 3162 1336 3223 dantur

157 3269 377 3348 porrigentibus
401 3288 507 3331 manus
530 3269 693 3346 adiutrices
715 3269 759 3328 1111
782 3269 981 3339 13333313113;
1016 3274 1047 3328 31
1068 3267 1149 3345 apud
1181 3284 1230 3326 133
1260 3268 1335 3326 33113

156 3374 291 3436 mirabile
308 3380 369 3446 331,
394 3373 474 3454 quod
491 3373 628 3434 decimae
645 3382 677 3435 et
690 3372 895 3452 indulgentiae
919 3372 1027 3433 dantur
1042 3375 1182 3451 personis
1204 3390 1261 3433 nou
1274 3367 1333 3450 (lt)

157 3478 323 3540 catholicis.
360 3478 472 3540 Notum
496 3479 575 3539 enirn
599 3487 646 3540 331
668 3479 819 3550 31331133,
844 3481 894 3557 qui
918 3480 949 3539 in
973 3486 1074 3538 monte
1098 3475 1336 3544 §insiluerunt

156 3583 236 3662 quod
259 3585 398 3644 monachi
421 3586 547 3646 illinon
570 3588 697 3648 subsunt
712 3602 860 3646 romanae
884 3584 1050 3655 ecclcsiae,
1083 3584 1141 3644 nisi
1164 3581 1277 3660 fingant
1299 3601 1336 3644 33

155 3694 279 3767 propter
301 3686 417 3746 lucrum
439 3689 582 3759 subesse,
607 3689 645 3750 de
669 3689 819 3768 quotide
843 3688 894 3748 tol.
920 3686 971 3751 70.

241 3788 364 3850 Praeter
399 3792 567 3853 nominatas
602 3795 747 3856 eeclesias
786 3800 857 3855 sunt
894 3794 991 3855 adbuc
1020 3796 1122 3874 plures
1146 3794 1337 3857 Graecorum

156 3895 314 3957 ecelesiae.

241 3999 323 4062 11333
346 3996 442 4060 insula
465 3995 522 4059 1311
544 3998 616 4060 olirn
638 4018 694 4080 per
716 4021 751 4064 se
774 4022 916 4083 regnum,
943 4014 974 4066 et
996 4005 1218 4067 bellicosissimi
1242 4025 1337 4086 reges

155 4106 185 4168 in
209 4121 243 4166 ea
267 4102 404 4172 luerunt.
438 4101 489 4182 qut
512 4100 659 4165 mundum
693 4104 889 4178 domuerunt,
924 4109 979 4170 sed
1011 4118 1116 4191 postca
1143 4111 1181 4172 ad
1205 4129 1338 4190 regnum

155 4208 338 4275 Graecorum
361 4212 406 4268 est
430 4210 563 4270 assumta
586 4206 862 4290 31113331313313
885 4214 1011 4290 privata,
