2874 4770
180 352 184 360 -
250 266 306 357 i·-
696 308 736 379 ra

126 506 194 552 rum
216 428 457 591 rcqmepro
478 486 619 548 balneare
642 486 821 548 volentibus.
866 485 919 546 Est
940 485 1023 546 enim
1045 501 1122 564 aqua
1151 485 1241 556 haec,
1269 491 1304 546 ut

127 610 165 655 ex
186 582 471 685 praedicdgsspatet,
495 589 622 651 salubris
646 591 707 651 et
698 608 729 651 ru
753 607 821 656 eam
836 589 994 650 Sarraceoi
1017 607 1035 649 a
1057 589 1227 668 longinquis
1249 605 1302 651 ve·

127 699 214 759 uiuat
232 686 388 773 omniun
411 691 448 754 ad
469 693 601 754 thermas
623 693 775 755 naturales
798 699 829 754 et
850 692 1026 755 balneantur
1047 692 1088 752 ibi
1104 694 1247 764 manime,
1270 695 1304 752 ut

127 799 310 861 mundentur
332 813 348 858 a
372 797 528 858 teterrimo
550 794 683 868 foetore,
707 813 767 874 quo
790 796 937 875 squalent
985 794 1046 856 Sed
1070 802 1101 857 et
1123 794 1178 857 oos
1200 798 1259 876 ipsi
1272 797 1304 858 in

122 921 164 965 ea
184 901 314 963 balneati
337 917 442 962 sumus
458 905 498 960 ιι
519 897 693 961 mundiores
715 897 788 960 iacti
810 905 900 978 atque
918 897 1105 960 validiores
1133 899 1170 961 Et
1184 905 1303 962 tantum

127 1005 167 1066 de
188 1004 273 1068 fonte
295 1003 358 1064 illo.

458 1352 651 1478 Descriptio
678 1369 779 1446 Horti
804 1371 974 1460 Balsamb-
1054 1461 1056 1464 ,
1119 1390 1122 1393 ’

213 1609 344 1672 balsami
374 1610 496 1670 hortum
523 1626 602 1671 nunc
632 1609 805 1673 describere
833 1610 902 1672 volo
932 1618 961 1672 et
995 1611 1095 1691 ipsum
1125 1616 1302 1678 balsamum.

127 1714 239 1777 Hortus
260 1712 385 1777 balsami
408 1719 463 1797 est·
476 1694 563 1776 valde
590 1730 731 1792 maguus,
755 1731 841 1775 muro
857 1713 1078 1789 circumdatus;
1100 1734 1178 1819 ager
1193 1725 1304 1792 autem,

126 1819 175 1881 vel
196 1817 312 1879 loeus
303 1834 334 1877 ιιι
356 1808 495 1889 bortQ
483 1832 597 1901 affluo
620 1816 746 1879 balsami
760 1825 915 1890 crescunt,
937 1836 998 1879 uon
1014 1826 1062 1880 est
1077 1836 1220 1899 magnus,
1243 1840 1304 1885 non

128 1922 209 1982 enim
229 1913 308 1988 ultra
328 1921 507 2000 quingentas
531 1936 639 1999 cypros
661 1921 710 1983 vel
729 1921 879 1984 balsamus
894 1921 1001 1995 habet;
1026 1930 1056 1985 et
1071 1920 1182 2005 dicitur
1196 1926 1303 2001 hortus

127 2024 178 2087 illa
205 2024 243 2086 ab
264 2014 398 2093 Avicena
430 2021 537 2083 oculus
566 2024 656 2096 solis,
688 2041 741 2097 eo,
773 2023 854 2104 quod
880 2026 926 2086 sol
959 2043 1030 2087 eum
1051 2026 1303 2091 'foecundissimis

127 2127 218 2190 radiis
242 2127 390 2206 inspiciat.
435 2123 599 2187 Arbustum
622 2117 723 2189 autem
746 2128 871 2189 balsami
894 2128 1003 2191 dicitur
1024 2131 1073 2194 vel
1087 2133 1238 2195 balsamus
1255 2134 1305 2196 vel

127 2248 254 2311 cyprus3
279 2229 378 2308 liquor
400 2245 472 2290 vero
497 2228 544 2290 vel
567 2237 755 2309 unguentum
775 2232 825 2294 vel
844 2249 946 2294 aroma
961 2232 1000 2295 de
1015 2234 1149 2296 balsamo
1164 2254 1305 2314 pressum

127 2334 236 2395 dicitur
256 2330 439 2393 Balsamum.
485 2328 578 2392 Porro
606 2334 648 2393 ita
675 2340 756 2395 terra
785 2335 865 2396 horti
892 2335 973 2397 illius
1006 2339 1232 2416 proportionata
1255 2345 1305 2400 est

127 2437 261 2498 balsamo
278 2443 316 2496 -ιι
336 2434 487 2496 balsamus
511 2442 626 2508 terrae,
650 2436 732 2515 quod
753 2455 833 2499 nunc
855 2456 916 2498 non
931 2442 1041 2501 crescit
1054 2442 1086 2500 in
1101 2440 1222 2515 mundo,
1244 2441 1304 2504 nisi

128 2543 161 2602 in
182 2542 251 2601 loco
273 2539 340 2612 illo,
362 2550 419 2600 uec
441 2546 544 2618 potest
566 2540 786 2620 transplantari.
832 2540 1079 2619 Transplantatur
1093 2542 1224 2622 quidem,
1248 2543 1305 2607 sed

128 2661 191 2706 non
215 2644 343 2714 crescit;
363 2643 439 2715 banc
462 2650 563 2711 autem
588 2638 643 2723 (1))
668 2645 894 2723 proportionem
916 2642 995 2705 horti
1017 2651 1048 2705 et
1068 2644 1208 2731 balsami,
1239 2647 1303 2708 bal·

129 2749 216 2810 salmi
239 2754 269 2809 ιι
291 2747 385 2819 borti,
413 2754 517 2810 causat
538 2746 605 2808 ions
627 2747 733 2809 beatae
757 2747 888 2827 Virginis
911 2754 943 2809 et
964 2755 1122 2826 respectus
1145 2749 1218 2814 solis
1241 2752 1302 2812 sin·

129 2846 255 2931 gulari's,
277 2853 335 2924 ita,
367 2849 448 2930 quod
463 2857 549 2918 ¹terra
571 2853 637 2930 ipsa
658 2851 801 2913 translata
822 2855 853 2912 iu
875 2852 966 2914 alium
989 2852 1090 2929 locum
1113 2860 1144 2913 et
1166 2870 1244 2932 aqua
1263 2853 1303 2929 de

128 2954 211 3016 tonte
234 2955 307 3016 solis
330 2954 419 3017 allata
442 2956 532 3034 eique
553 2954 667 3029 inlusa,
691 2956 789 3018 adhuc
803 2976 864 3018 non
879 2957 1001 3020 virescit
1015 2957 1129 3018 inserta
1142 2942 1303 3032 balsamus,

128 3076 185 3121 nec
206 3059 358 3121 virescere
381 3064 483 3138 potest
502 3061 536 3120 in
558 3058 617 3120 alio
640 3077 726 3138 agro,
759 3061 816 3121 nisi
839 3063 905 3139 quis
929 3066 1041 3123 terram
1068 3059 1164 3133 illam,
1196 3078 1305 3141 aquam

127 3164 232 3235 istam,
255 3164 356 3225 locum
379 3162 459 3224 bunc
482 3170 513 3224 et
536 3163 613 3224 coeli
637 3170 794 3244 aspectum
817 3164 907 3225 simul
928 3162 1091 3225 transferre
1114 3172 1228 3243 posset.

213 3263 306 3328 Porro
330 3265 374 3327 de·
389 3268 456 3345 ipso
479 3265 627 3338 balsamo,
652 3283 729 3346 quae
752 3266 828 3346 legi,
850 3265 1000 3327 inducam.
1032 3264 1129 3328 Allata
1145 3276 1193 3329 est
1206 3271 1304 3348 primo

128 3369 166 3431 de
189 3368 281 3434 India,
325 3369 407 3432 luter
429 3372 590 3448 praecipua
612 3371 694 3431 enim
716 3386 958 3449 munera,1quae
981 3373 1084 3449 regina
1104 3372 1183 3433 Saba
1205 3373 1305 3435 attulit

128 3475 298 3547 Salomoni,
321 3475 429 3539 obtulit
451 3474 508 3536 sibi
530 3474 664 3537 radicem
684 3474 823 3546 balsami,
846 3480 880 3534 ut
903 3472 974 3534 dicit
995 3470 1141 3552 Magister
1163 3476 1193 3535 in
1212 3475 1302 3554 Spec.

128 3580 212 3651 bist,
241 3596 390 3658 nusquam
418 3578 530 3639 inillis
553 3579 641 3638 terris
664 3579 761 3639 visam
791 3577 884 3656 prius.
929 3575 1012 3637 Hanc
1044 3578 1195 3657 accipiens
1218 3578 1304 3640 Salo-

129 3701 216 3756 mon,
240 3701 308 3744 eam
331 3682 475 3768 plantavit
496 3683 527 3742 in
550 3686 652 3740 monte
675 3678 808 3759 Enggadi
832 3686 862 3741 et
885 3679 1099 3759 multiplicatae
1122 3689 1192 3743 sunt
1215 3682 1303 3744 arbu-

128 3785 243 3857 stulae‚
276 3791 310 3846 ut
340 3787 432 3846 etiarn
455 3783 515 3845 diri
537 3782 575 3845 de
598 3783 748 3845 montibus
772 3783 906 3863 Engaddi
926 3782 959 3844 P.
986 3781 1013 3845 1.
1038 3783 1089 3845 iol.
1113 3781 1186 3849 246.
1232 3783 1305 3845 l’ost

127 3889 186 3950 hoc
208 3887 501 3967 transplantaverunt
524 3904 591 3947 eam
614 3887 651 3948 ad
674 3887 777 3949 hortos
808 3887 929 3949 iericho
953 3886 1043 3948 etad
1066 3889 1123 3949 alia
1146 3889 1212 3949 loca
1235 3894 1304 3968 apta

127 3993 160 4053 iu
182 3992 334 4067 montibus
357 3989 468 4063 lsrael,
492 4006 569 4069 quae
593 3992 793 4069 respiciebant
809 3992 956 4051 orientem
974 3998 1005 4052 et
1019 3991 1167 4052 habebant
1184 4006 1301 4070 aquam.

127 4095 193 4157 Nec
215 4094 272 4157 init
295 4101 395 4168 terra,
418 4095 469 4155 ubi
492 4101 645 4155 cresceret
665 4094 833 4167 balsamus,
865 4111 956 4173 quarn
977 4101 1057 4156 terra
1079 4101 1199 4178 sancta,
1221 4094 1302 4157 unda

128 4199 271 4261 Salomon
292 4214 367 4260 suae
390 4197 519 4265 delictas
543 4212 665 4259 carmen
687 4201 816 4269 cecinit,
847 4198 885 4259 de
908 4199 965 4258 bac
988 4195 1091 4257 dicens
1115 4197 1230 4259 Cantici
1255 4196 1302 4262 1.;

128 4300 238 4369 merua
258 4303 345 4382 cypri
366 4299 495 4372 dilectus
517 4317 605 4363 meus
627 4292 701 4363 mihi
733 4303 765 4362 iu
793 4301 889 4363 vineis
911 4298 1054 4384 Engaddi.
1100 4299 1235 4382 Cyprus,
1268 4304 1303 4373 ut
