2902 4710
736 150 802 226 448

179 325 249 383 sunt
271 318 432 383 dilacerata
456 328 487 383 et
509 324 721 389 miserabiliter
747 324 921 407 dependent
942 331 1042 411 petiae
1066 331 1104 394 ad
1127 351 1268 415 corpora,
1292 339 1365 416 qui·

177 423 234 483 bus
257 430 327 485 sunt
350 432 517 504 compacta.
548 426 594 489 De
617 429 676 491 illis
700 432 877 509 corporibus
901 433 1007 512 vulgus
1030 437 1125 500 multa
1146 437 1229 500 dicit.
1258 438 1365 520 Aliqui

180 525 296 618 dicunt,
329 528 410 605 qnod
434 530 494 590 sint
517 549 644 610 corpora
665 550 852 612 paganorum
884 537 1021 600 conlecta
1049 541 1233 603 aromatibus
1265 543 1366 605 etita

180 639 372 705 conservata,
396 639 427 694 et
448 641 571 712 putant,
595 638 696 699 villam
719 640 755 699 ab
775 640 821 700 eis
837 639 1040 714 denominari,
1064 661 1133 704 curn
1157 643 1267 706 dicitur
1289 664 1364 708 zum

178 734 303 798 Heiden.
349 733 408 796 Alii
431 735 550 799 dicunt.
575 739 656 818 quod
678 744 737 802 sint
767 760 895 822 corpora
921 744 1160 808 Christianorum
1182 749 1214 808 in
1238 766 1365 810 excom·

167 834 381 901 ¹municatione
404 839 610 919 sepultorum,
633 842 702 904 ideo
725 846 756 905 in
778 846 936 924 pulverem
959 866 1020 909 non
1044 849 1156 912 cadunt
1178 857 1248 912 ante
1273 853 1365 914 abso·

178 942 333 1004 lutionem.
381 940 483 1022 Aliqui
506 943 627 1017 dicunt,
661 946 742 1025 quod
765 965 802 1008 ex
832 950 897 1011 aliis
920 953 1021 1012 causis
1047 953 1092 1013 sic
1113 961 1364 1033 perscrutentur.

179 1043 237 1107 Pro
254 1063 314 1124 quo
329 1045 502 1118 notandum,
520 1048 601 1126 quod
615 1052 821 1127 praeservatio
835 1053 1017 1132 integritatis
1028 1054 1183 1119 cadaueris
1199 1058 1365 1136 aliquando

178 1148 212 1211 llt
234 1165 251 1209 a
273 1156 396 1222 natura,
421 1149 580 1228 aliquando
604 1151 640 1212 ab
664 1160 743 1223 arte,
767 1154 926 1233 aliquando
950 1175 968 1219 a
989 1157 1075 1231 Deo,
1107 1161 1268 1238 aliquando
1291 1162 1364 1224 Deo

179 1256 373 1334 permittente
398 1253 516 1331 adjicio.
546 1253 646 1316 Primo
670 1255 761 1317 modo
784 1258 816 1319 lit
839 1278 875 1320 ex
895 1261 1034 1322 siccitate
1052 1255 1268 1342 complexionis
1292 1283 1365 1326 cor·

179 1363 261 1440 poris
283 1366 432 1439 personae
455 1357 630 1432 deiunctae,
655 1361 702 1422 vel
719 1363 913 1440 esqualitate
929 1364 1005 1438 loci,
1030 1368 1101 1445 quia
1121 1366 1200 1428 forte
1223 1374 1365 1430 semotus

181 1474 228 1533 est
250 1467 286 1528 ab
308 1464 548 1547 humectatione,
574 1463 622 1524 vel
645 1482 681 1526 ex
704 1465 803 1544 aliquo
827 1466 961 1529 siderum
983 1474 1014 1529 et
1037 1470 1114 1531 coeli
1136 1470 1260 1533 inlluru.
1303 1472 1365 1533 Se-

181 1570 279 1633 cundo
301 1567 391 1630 modo
413 1566 446 1626 lit
468 1572 531 1626 arte
554 1566 701 1640 bumana,
724 1577 773 1642 ut,
797 1570 918 1650 quando
935 1590 1062 1660 corpora
1086 1575 1290 1636 balsamantur
1313 1576 1366 1638 vel

181 1675 362 1739 aromatibus
386 1670 450 1732 aliis
473 1669 662 1744 inficiuntur,
686 1672 846 1752 aliquando
862 1675 1003 1736 intestina
1026 1684 1057 1737 ct
1070 1678 1208 1738 molliora
1230 1677 1269 1739 dc
1293 1696 1364 1740 cor-

180 1797 255 1860 pore
286 1773 445 1844 tolluntur,
479 1780 510 1833 et
545 1774 694 1852 reliquum
726 1777 894 1838 exsiccatur
923 1779 972 1840 rel
994 1780 1131 1843 insumo
1153 1780 1256 1842 relin
1279 1783 1364 1843 alite.

179 1883 283 1946 Tertio
307 1879 398 1941 modo
423 1877 520 1939 aDeo
544 1879 746 1958 cri-singulari
772 1882 930 1961 privilegio
944 1881 995 1955 dt,
1019 1885 1098 1944 sicut
1113 1899 1207 1961 saepe
1229 1882 1365 1972 legimus

181 1988 218 2051 de
242 1985 370 2048 Sanctis.
417 1980 530 2058 Quarto
554 1979 645 2042 modo
666 1983 699 2068 iit
721 1992 786 2045 arte
809 1985 988 2058 diabolica,¹
1011 1985 1048 2046 ad
1079 1985 1285 2048 inducendum
1308 1988 1365 2048 ali·

181 2109 273 2170 quem
297 2104 447 2156 errorem,
472 2064 550 2145 sicut
573 2091 656 2164 patet
679 2105 769 2167 supra
791 2088 854 2150 Fol.
871 2084 914 2153 80
933 2090 961 2150 b.
986 2089 1024 2151 de
1048 2092 1232 2154 coemeterio
1257 2090 1365 2153 Sarra·

181 2211 340 2265 cenorum,
362 2194 394 2256 in
419 2207 478 2269 quo
502 2206 628 2268 corpora
643 2197 830 2254 mortuorum
853 2211 887 2254 se
911 2195 1030 2271 erigunt
1053 2195 1144 2255 certis
1161 2194 1365 2273 temporibus.

184 2299 281 2364 Credo
306 2297 423 2358 illorum
441 2293 532 2355 trium
548 2300 736 2356 mortuorum
752 2314 880 2376 corpora
904 2315 940 2358 ex
963 2313 1053 2361 causa
1074 2300 1170 2377 prima
1193 2298 1388 2372 subsistere,

182 2412 213 2468 et
235 2401 372 2465 indurata
396 2416 482 2469 esse,
505 2396 553 2460 vel
577 2415 612 2459 ex
635 2399 769 2462 secunda
794 2420 884 2464 causa
912 2403 1011 2481 quoad
1037 2404 1177 2466 ultimum
1192 2405 1365 2476 articulum,

181 2510 261 2570 sicut
282 2504 418 2568 videmus
443 2519 570 2583 corpora
593 2521 812 2584 suspensorum
834 2509 865 2567 in
887 2508 1029 2586 patibulis
1051 2509 1168 2587 integra
1189 2525 1326 2570 manere.

275 2609 332 2672 Die
349 2607 445 2680 xxi,
468 2625 546 2687 quae
570 2613 616 2668 est
639 2607 671 2668 S.
686 2607 813 2697 Agnetis
828 2611 960 2690 virginis,
984 2618 1053 2672 ante
1074 2611 1175 2672 lucem
1197 2613 1365 2676 refecimus

182 2734 238 2792 nos
271 2721 302 2776 et
333 2730 428 2791 equos
461 2718 598 2783 nostros;
637 2730 697 2791 quo
727 2720 852 2792 peracto
887 2730 943 2793 per
971 2716 1113 2777 aulonem
1130 2710 1364 2779 'adscendimus

182 2838 238 2902 per
259 2818 368 2880 malam
392 2818 471 2877 viam
494 2813 595 2887 valde,
629 2816 699 2893 quia
722 2815 830 2893 cadem
852 2824 943 2878 nocte
965 2820 1016 2880 nir
1037 2837 1114 2881 nova
1148 2817 1302 2880 ceciderat
1332 2826 1367 2882 ct

181 2924 285 2986 foveas
308 2921 442 2983 tenuiter
464 2919 642 2998 repleverat,
667 2926 698 2979 ct
721 2938 802 2980 nunc
824 2920 884 2980 huc
906 2939 987 2982 nunc
1009 2921 1081 2983 illuc
1096 2917 1166 2983 cum
1181 2922 1288 2985 bestiis
1310 2939 1365 2984 ce·

182 3025 329 3096 cidimus,
363 3041 423 3083 non
447 3024 549 3083 autem
582 3021 669 3082 aliter
697 3029 870 3101 poteramus
904 3025 961 3084 nisi
991 3022 1177 3106 pedetentim
1208 3025 1369 3104 equitarc;¹

181 3130 373 3212 pervenimus
402 3144 474 3206 ergo
498 3118 600 3204 usque
624 3123 660 3185 ad
684 3122 843 3198 Putasten,
877 3134 1009 3188 castrum
1032 3129 1133 3190 italice
1156 3129 1201 3189 sic
1224 3129 1365 3191 nomina·

180 3241 262 3308 tum,
286 3231 440 3293 teutonice
466 3228 574 3290 dicitur
595 3226 778 3302 Blitelstein,
806 3230 887 3309 quod
909 3232 939 3291 in
965 3231 1024 3293 alto
1052 3234 1198 3294 situatum
1222 3238 1271 3293 cst
1292 3250 1364 3293 sco·

180 3337 268 3422 pulo,
292 3336 384 3399 valles
402 3341 504 3396 autem
518 3332 677 3394 inferiores
695 3341 765 3394 sunt
779 3337 900 3413 penitus
915 3337 1028 3409 inviae,
1052 3338 1112 3410 ita,
1134 3336 1216 3416 quod
1235 3338 1365 3398 transire

179 3443 285 3508 volens
307 3459 436 3512 necesse
459 3439 550 3501 habet
573 3455 669 3516 usque
685 3437 723 3497 ad
739 3437 916 3499 fortalitium
931 3438 1134 3513 adscendere,
1158 3441 1227 3519 quia
1242 3440 1366 3518 publica

179 3549 228 3612 via
249 3565 305 3627 per
327 3563 473 3625 praeceps
496 3562 617 3605 sursum
640 3541 755 3614 tendit,
778 3560 834 3620 per
857 3560 947 3621 quam
963 3561 1069 3607 currus
1092 3545 1221 3617 onerarii
1236 3540 1365 3607 trabun-

180 3657 230 3712 tur
252 3652 381 3711 maximo
405 3667 474 3710 cum
496 3648 609 3709 labore.
638 3645 840 3707 Ascendimus
864 3664 936 3726 crgo
959 3666 1057 3727 usque
1081 3647 1119 3707 ad
1140 3645 1300 3719 Putasten,
1332 3653 1366 3709 ct

182 3761 378 3816 occurrerunt
400 3740 543 3822 custodes
566 3752 933 3834 fortalitiiquacrentes,
967 3753 1019 3830 qui
1048 3769 1188 3812 essemus
1218 3757 1249 3810 ct
1279 3749 1365 3812 unde

180 3860 371 3921 venissemus
402 3862 434 3917 ct
457 3873 516 3934 quo
547 3854 757 3928 tenderemus3
792 3861 823 3916 et
846 3854 954 3916 auditis
978 3857 1078 3916 causis
1100 3856 1212 3916 nostris
1234 3854 1365 3916 dimisc-

182 3968 251 4023 runt
274 3978 339 4021 nos.
382 3958 416 4020 ln
437 3959 495 4020 hoc
519 3965 616 4019 castro
642 3964 689 4019 est
710 3960 833 4019 ultimus
856 3961 1004 4021 terminus
1027 3957 1153 4023 dominii
1172 3957 1365 4020 Venetorum

176 4071 214 4130 et
236 4063 499 4144 diligentissimam
520 4060 688 4122 custodiam
710 4063 750 4123 ibi
773 4063 884 4124 habent
906 4070 1045 4150 tempore
1069 4074 1270 4142 ”guerrarum
1302 4079 1365 4123 nec

182 4168 299 4232 sinunt·
314 4167 432 4247 aliquos
460 4166 589 4229 transire
621 4166 681 4228 nisi
710 4168 884 4246 requisitos.
935 4165 1054 4227 Dicitur
1081 4170 1184 4227 autem
1214 4163 1368 4230 Putasten
