2902 4710
729 150 794 222 236

175 324 254 388 lllira
276 329 340 388 resi
364 326 559 390 damnarem
573 329 710 406 ingressa
725 328 849 402 luisset,
874 327 980 407 etjam
995 328 1084 408 longe
1099 329 1130 389 in
1145 329 1221 390 mari
1237 334 1354 400 essent,

174 432 258 490 omni
281 430 415 492 secundo
438 437 526 503 vento
550 439 729 504 caruerunt,
764 439 794 493 et
824 433 889 494 aliis
919 435 1043 495 naribus
1074 451 1221 512 prospere
1243 449 1353 511 proce-

177 532 317 594 dentibus
340 538 424 597 navis
446 535 497 596 illa
520 538 641 614 penitus
671 553 732 595 non
755 538 929 615 processit.-
961 536 1108 598 videntes
1139 543 1241 598 autem
1263 537 1352 596 mari·

175 638 252 697 narii
281 638 340 697 hoc
371 639 550 700 miraculose
580 638 661 709 fieri,
699 645 864 717 coeperunt
893 638 1132 708 mansiunculas,
1165 638 1354 718 singulorum

176 757 300 811 saccos,
330 758 418 818 peras
443 746 474 801 et
497 744 588 802 cistas
610 743 812 819 perscrutari,
844 741 935 803 etde
959 742 1085 820 singulis
1107 745 1238 803 inventis
1261 745 1353 804 ratio-

176 860 247 903 nem
270 850 393 922 petere,
422 846 501 905 sicut
523 846 616 905 moris
645 850 693 904 881
714 845 781 905 fieri
801 847 932 906 instante
955 845 1099 924 singulari
1120 846 1351 924 impedimento.

175 945 253 1006 Cum
284 950 385 1005 autem
413 945 589 1006 morsellum
617 949 778 1027 panniculo
813 948 981 1010 involutam
1015 951 1217 1027 reperissent,
1252 949 1354 1011 audita

174 1053 317 1123 veritate,
340 1067 431 1128 quam
453 1050 562 1111 mulier
585 1050 799 1124 confitebatur,
823 1051 979 1112 redierunt
992 1052 1024 1111 in
1039 1057 1159 1130 portum
1174 1052 1255 1114 unde
1270 1055 1353 1115 exie·

174 1160 254 1225 rant,
279 1161 309 1214 81
331 1156 433 1232 ipsum
455 1153 633 1214 morsellum
664 1172 734 1214 eum
756 1154 905 1215 inlocum
928 1173 1018 1215 suum
1041 1157 1268 1234 reposuissent,
1301 1174 1353 1218 ex·

173 1256 277 1336 pedito
310 1259 418 1318 itinere
449 1274 534 1318 mare
567 1257 732 1319 sulcabant.
778 1256 812 1317 ln
845 1257 902 1318 hac
932 1257 1005 1319 urbe
1035 1265 1083 1319 881
1113 1261 1206 1320 etiam
1228 1261 1352 1337 reginae

173 1361 336 1441 palatium,
360 1367 391 1421 et
413 1364 514 1422 omnia
538 1368 608 1421 sunl
630 1363 660 1421 in
682 1362 761 1422 bono
784 1362 850 1421 loro
873 1362 925 1422 ibi.
1281 1429 1283 1432 Α

261 1463 421 1525 Secundus
438 1467 645 1543 'episcopatus
677 1469 724 1524 est
751 1466 784 1523 in
805 1464 1000 1543 Famagusta,
1033 1482 1111 1543 8888
1134 1464 1206 1526 olim
1228 1465 1285 1526 luit
1306 1467 1352 1526 in·

174 1568 268 1646 signis
292 1574 323 1628 et
343 1570 436 1630 totius
460 1571 545 1648 regni
561 1574 651 1646 caput
675 1573 706 1628 81
729 1584 835 1645 regum
857 1567 958 1631 sedes.
992 1568 1057 1629 Sita
1074 1575 1126 1655 881
1148 1563 1224 1629 haec
1247 1570 1353 1629 civitas

173 1673 206 1731 in
238 1673 329 1731 maris
360 1671 478 1743 littore,
510 1678 541 1732 et
563 1677 684 1750 portum
707 1672 897 1748 aptissimum
921 1668 1035 1752 (babel)
1066 1671 1104 1732 ad
1126 1674 1353 1750 susceptionem

175 1776 328 1836 classium.
364 1775 552 1836 Conveniam
576 1774 687 1834 habent
708 1774 750 1834 ibi
772 1774 881 1835 1881888
903 1778 1014 1846 888181,
1037 1774 1093 1835 scd
1115 1793 1212 1854 paene
1235 1776 1351 1835 annihi-

174 1878 285 1948 latum,
317 1875 386 1956 8818
409 1881 525 1957 ruinam
549 1879 651 1938 omnia
673 1881 838 1952 minantur,
872 1881 950 1940 81881
983 1885 1014 1941 81
1042 1882 1109 1958 1888
1130 1881 1203 1940 urbs
1231 1877 1352 1939 indies

175 1979 293 2053 (1811811;
318 1980 435 2054 (118881,
459 1981 540 2061 quod
562 2000 652 2042 nemo
676 1988 778 2061 potest
800 1997 922 2043 manere
945 1983 987 2044 ibi
1008 1989 1133 2062 propter
1153 1983 1232 2042 818818
1254 1982 1351 2042 iulec-

173 2085 299 2146 tionem.
343 2083 375 2144 ln
398 2084 445 2145 his
469 2084 583 2146 duabus
608 2086 776 2146 civitatibus
801 2083 898 2166 (15ss
915 2082 958 2165 a)
981 2087 1037 2146 1811
1058 2086 1129 2147 olim
1146 2087 1243 2146 omnis
1260 2084 1352 2163 Cypri

174 2189 270 2268 gloria
301 2195 333 2250 81
365 2191 598 2250 mercantiamm
626 2191 714 2268 copia
753 2195 784 2251 81
814 2191 1138 2269 omniumlinguarum
1162 2191 1352 2268 algentium

171 2311 358 2366 concursus,
382 2293 490 2355 sedin
514 2294 579 2355 dies
602 2296 704 2356 omnia
728 2293 879 2355 deliciunt.
1297 2292 1300 2297 ’

261 2395 359 2477 Prope
375 2398 587 2476 Famaguslam
603 2405 675 2459 sunt
689 2399 795 2459 ruinae
810 2396 1034 2459 vetustissimae
1051 2397 1150 2468 urbis,
1173 2415 1251 2476 8888
1268 2395 1351 2457 (1188-

171 2501 261 2563 batur
283 2501 451 2574 Salamina3
475 2503 552 2563 haec
575 2519 592 2563 a
615 2502 747 2581 quodam
770 2501 851 2562 dicto
868 2500 986 2561 Teucro
1001 2499 1058 2560 luit
1074 2500 1238 2563 aedificata.
1271 2500 1351 2561 Dum

74 2659 80 2670 ,
171 2609 255 2666 enim
283 2607 333 2667 hic
356 2605 476 2668 Teucer
506 2626 575 2668 cum
605 2606 698 2667 188188
728 2607 833 2667 ivisset
863 2607 894 2665 in
927 2589 1077 2680 trojanum
1099 2603 1213 2664 bellum
1253 2611 1285 2666 et
1314 2621 1351 2664 88

173 2715 297 2788 8888818
321 2710 434 2787 absque
456 2709 548 2770 188188
570 2712 602 2770 18
624 2711 751 2792 patriam
773 2708 930 2780 rediisset,
955 2726 1015 2771 non
1037 2714 1198 2787 susceptus
1221 2709 1353 2769 secessit

173 2815 204 2872 in
230 2813 360 2891 Cyprum
402 2820 432 2874 81
463 2813 661 2874 Salaminam
677 2812 863 2885 aedificavit,
894 2819 928 2874 81»
954 2814 1052 2878 inea
1081 2814 1161 2873 vitae
1195 2810 1352 2872 residuum

173 2914 345 2987 1881118811,Ἷ
371 2914 456 2992 cujus
491 2924 577 2994 88188
598 2914 753 2977 Telamon
775 2918 890 2995 primus
920 2933 1022 2977 muros
1053 2916 1135 2977 urbis
1158 2913 1268 2993 Trojae
1301 2933 1350 2976 as·

175 3016 296 3088 cendit,
327 3023 358 3077 81
389 3017 556 3078 Hesionam
588 3020 770 3080 nobilissimi
805 3018 927 3080 Troiani
959 3017 1051 3092 liliam
1079 3021 1111 3078 in
1140 2999 1265 3079 uxorem
1297 3019 1350 3080 ba·

174 3120 256 3190 buit,
300 3136 336 3180 ex
373 3137 431 3198 qua
465 3119 591 3198 Ajacem
629 3121 845 3183 et-Teucrum
883 3125 1027 3202 suscepit.
1085 3122 1127 3184 Ex
1160 3123 1212 3183 illo
1250 3129 1353 3184 autem

175 3220 294 3282 Teucro
317 3223 453 3284 nonnulli
475 3227 634 3305 opinantur
657 3225 845 3288 Teucrorum
867 3226 1013 3304 populos,
1036 3224 1067 3285 id
1090 3231 1150 3297 881,
1173 3225 1351 3298 Turcorum,

172 3332 275 3385 ortum
297 3325 455 3400 babuisse,
486 3328 567 3389 unde
591 3328 681 3390 hodie
710 3330 792 3408 ipsos
816 3328 933 3390 Turces
954 3330 1125 3400 nominant,
1156 3336 1311 3408 tamquam
1335 3349 1353 3392 8

175 3427 294 3489 Teucro
317 3428 453 3492 diffusos.
499 3433 537 3493 Et
559 3413 653 3512 quum
677 3433 714 3494 de
739 3431 908 3493 Turcorum
931 3433 1046 3509 origine
1068 3431 1119 3491 hic
1141 3449 1214 3492 casu
1237 3434 1352 3493 mentio

174 3531 254 3592 lacta
277 3539 340 3604 881,
372 3552 433 3594 888
451 3533 556 3610 judico
579 3538 711 3597 alienum
743 3536 954 3613 aproposito‚
989 3533 1027 3595 (18
1050 3539 1117 3593 8818
1139 3523 1231 3610 hujus
1252 3536 1352 3613 gentis

173 3636 261 3696 nobis
285 3641 347 3695 tam
369 3640 545 3701 notissimae
570 3648 601 3702 81
622 3639 838 3700 formidulosac
861 3636 975 3716 aliquid
996 3638 1113 3699 beviter
1136 3638 1247 3698 (118888.

262 3736 320 3798 Pro
334 3741 432 3818 primo
448 3742 630 3814 notandum,
647 3741 728 3821 quod
743 3741 818 3803 duos
835 3738 970 3801 Teucros
993 3742 1024 3800 in
1046 3742 1200 3803 veteribus
1222 3741 1353 3820 legimus

170 3841 319 3912 -historiis,
338 3843 520 3920 quiluerunt
531 3846 716 3924 temporibus
733 3843 942 3929 Trojanorum.
966 3841 1050 3904 Unus
1066 3842 1216 3905 1811111188
1231 3842 1352 3919 Priami,

175 3945 256 4021 regis
266 3940 385 4019 Trojae,
402 3944 477 4007 alius
494 3946 552 4008 luit
562 3947 641 4009 lilius
660 3947 833 4009 Telamonis
847 3965 883 4008 ex
897 3947 1038 4020 Hesiona,
1053 3945 1268 4009 Laomedontis
1282 3948 1353 4019 iilia,

176 4051 228 4126 qui
244 4046 420 4110 Laomedon
435 4056 522 4127 pater
538 4050 595 4111 1811
607 4049 727 4111 Priami.
750 4049 868 4112 Primus
883 4052 973 4130 paulo
989 4057 1058 4113 ante
1070 4052 1184 4113 bellurn
1200 4051 1354 4130 trojanum

174 4153 289 4214 interiit
320 4153 357 4214 ab
389 4170 461 4216 urso
488 4154 638 4218 laceratus
646 4183 658 4227 ·,
688 4172 747 4216 nec
769 4153 840 4232 ejus
863 4155 965 4236 proles
987 4156 1148 4220 invenitur.
1192 4154 1355 4219 Secundus
