2902 4710
689 114 793 229 qua

174 294 300 372 longum
321 296 452 354 tractum
473 289 512 354 de
535 294 693 356 occidente
717 302 895 375 protensum
928 315 998 361 cum
1021 299 1125 363 multis
1146 300 1277 363 brachiis
1301 320 1357 366 en·

174 398 267 461 tentis
290 413 346 476 per
369 395 502 457 diversas
526 400 666 476 regiones
689 399 793 461 mundi
816 419 914 480 usque
944 404 974 463 in
1005 405 1156 466 orientem
1178 411 1356 480 extremam,

175 519 193 562 a
216 519 276 579 quo
297 505 394 561 tractu
418 500 586 579 procedunt
601 508 742 564 montana
757 503 899 576 Arabiae,
922 506 953 567 in
968 507 1078 584 quibus
1093 514 1141 569 est
1167 526 1254 569 mons
1270 510 1357 571 Sinai

175 611 208 668 et
229 604 359 665 Libanm
389 610 420 665 et
442 611 584 667 montana
607 611 726 680 nostra,
759 625 837 687 quae
859 611 959 673 omnia
982 609 1162 681 cohaerent,
1191 612 1249 672 nisi
1272 613 1358 692 quod

175 708 328 774 interdum
350 707 525 782 fluminibus
548 717 706 783 secantur,
730 711 907 781 sedstatim
929 713 966 775 ab
988 713 1046 775 alio
1059 713 1163 789 littore
1179 722 1356 793 resurgunt.

175 814 243 876 istis
260 811 423 874 adhaerent
437 818 555 873 montes
571 812 732 876 Armeniae
756 821 788 876 et
802 816 1033 878 Ceraunimons
1049 815 1150 896 (223
1158 814 1222 898 a),
1246 835 1356 899 qnam·

174 920 220 983 vis
242 915 396 978 interdum
417 915 543 979 vallibus
567 923 598 977 et
619 917 744 980 lacubus
767 936 803 981 ac
825 918 998 982 fluminibus
1025 919 1202 983 dividantur.
1343 984 1347 991 ,

174 1072 177 1077 4
232 1048 235 1059 ·
261 1018 368 1082 lneidit
402 1026 503 1082 autem
536 1018 659 1082 dubium
691 1022 869 1100 simpliciter
883 1025 942 1083 ‘sic
971 1022 1010 1084 de
1041 1025 1195 1086 montibus
1221 1023 1356 1104 legenti:

175 1129 256 1195 uude
278 1132 399 1187 montes
421 1117 578 1186 orientur?
605 1125 642 1185 lit
656 1143 693 1186 an
708 1124 779 1186 iacti
793 1128 854 1187 sint
870 1142 888 1188 a
903 1125 1073 1205 principio?
1096 1144 1227 1205 proquo
1244 1126 1357 1190 rudem

75 1297 79 1304 .
174 1240 245 1298 nota
267 1229 508 1308 responsionem.
553 1225 586 1289 ln
610 1229 771 1308 principio
794 1234 893 1289 terrae
927 1228 1032 1307 globus
1065 1229 1162 1293 stabat
1190 1232 1222 1291 in
1251 1230 1358 1295 medio

64 1328 76 1345 ⁸
175 1353 321 1417 aquarum
348 1330 482 1409 undique
505 1333 590 1411 aquis
608 1330 833 1411 circumdatus,
856 1331 1030 1395 secundum
1053 1326 1281 1407 wilhelmum,
1297 1336 1357 1398 aad

176 1442 234 1503 Dei
255 1437 416 1499 clementia
438 1433 553 1496 iactum
577 1441 643 1506 est,
666 1441 700 1496 ut
722 1435 841 1513 ignibus
863 1434 998 1497 siderum
1021 1438 1224 1500 exsiccaretur
1246 1443 1279 1500 et
1301 1456 1356 1500 ex·

174 1543 344 1620 hauriretur
366 1555 443 1617 aqua
465 1537 503 1599 de
526 1537 686 1619 superficie
701 1540 794 1617 partis
814 1540 980 1617 superioris
999 1545 1097 1603 terrae
1120 1559 1174 1621 pro
1196 1541 1358 1603 hominum

175 1656 208 1712 et
228 1649 393 1709 bestiarum
414 1645 615 1716 habitatione,
638 1645 745 1723 sicque
766 1643 880 1706 laetum
904 1650 970 1717 est,
992 1650 1025 1706 ut
1049 1662 1131 1706 mare
1155 1663 1191 1707 ex
1210 1650 1278 1707 toto
1297 1662 1357 1707 ex·

177 1755 295 1815 clusum
323 1755 406 1810 esset
428 1767 445 1810 a
468 1755 565 1820 terra,
601 1765 658 1809 nec
692 1753 774 1810 esset
804 1747 885 1809 aliud
908 1766 1007 1821 mare,
1042 1751 1100 1813 nisi
1129 1766 1281 1821 oceanus,
1316 1747 1357 1810 de

177 1856 263 1935 cujus
286 1853 387 1917 medio
409 1859 509 1914 terrae
524 1853 637 1931 ¹globus
661 1851 848 1925 elevabatur,
870 1870 927 1913 neo
950 1859 1022 1914 tunc
1046 1859 1130 1915 erant
1152 1859 1273 1914 montes
1296 1870 1358 1913 nec

175 1958 286 2030 valles,
319 1956 374 2019 sed
404 1963 503 2018 terrae
534 1956 641 2034 globus
665 1957 772 2034 planus
796 1962 827 2017 et
850 1956 1020 2029 delitiosus,
1053 1956 1090 2021 ad
1114 1960 1203 2019 suurn
1224 1955 1358 2018 tendens

176 2068 323 2126 centrum.
352 2061 604 2123 Deindaeautem
618 2059 823 2140 multiplicatis
839 2062 1025 2135 hominibus,
1049 2067 1082 2123 ut
1104 2060 1359 2139 tacetiapoetica

175 2173 258 2239 utar,
282 2167 365 2230 uenit
379 2166 507 2245 ilupiter
530 2170 561 2225 et
583 2166 743 2244 quinquies
767 2165 904 2229 lustravit
926 2169 1097 2228 universam
1119 2172 1248 2236 terram,
1272 2163 1358 2226 desi·

176 2271 345 2350 deransque
373 2271 472 2350 ipsam
506 2270 682 2347 latissimam
709 2276 745 2349 et
767 2272 852 2348 aquis
874 2273 906 2331 in
929 2270 1030 2337 medio
1060 2286 1116 2348 pro
1140 2266 1359 2329 commoditate

175 2375 380 2456 indigentem,
403 2373 565 2435 Herculem
587 2373 683 2439 tilium
705 2391 801 2459 suum⁴
818 2374 901 2436 misit
922 2376 954 2435 in
977 2373 1185 2445 occidentem,
1215 2370 1253 2432 ad
1276 2388 1357 2432 mar-

176 2481 292 2558 ginem,
327 2496 384 2558 qua
418 2476 556 2547 Oceanus
580 2491 604 2538 a'
619 2483 700 2539 terra
730 2477 959 2550 excludebatur,
994 2480 1046 2558 qui
1079 2479 1175 2557 ipsam
1207 2476 1360 2555 parietem

176 2593 346 2667 petraeam,
382 2599 458 2661 quae
482 2562 630 2662 perpetuo
650 2581 725 2661 jugo
758 2588 788 2643 et
812 2584 954 2643 continuo
984 2581 1184 2651 vinctatuit,
1218 2581 1302 2658 rupit
1324 2591 1358 2645 et

177 2690 278 2753 divisit
300 2690 404 2767 sieque
428 2704 543 2748 oceano
570 2687 717 2766 gurgitem
742 2685 829 2758 lecit,
853 2688 958 2764 sieque
981 2683 1125 2749 effluendi
1149 2701 1205 2763 per
1219 2678 1359 2745 medium

177 2793 263 2856 divisi
286 2792 491 2870 rupislooum
514 2790 612 2862 dedit,
647 2794 678 2850 et
699 2791 740 2850 ita
764 2807 845 2852 mare
870 2790 1139 2861 mediterraneum,
1169 2787 1252 2868 quod
1285 2796 1358 2850 unte

176 2913 237 2957 non
260 2895 330 2965 fuit,
355 2896 443 2955 terris
466 2895 629 2955 intromisit
651 2912 706 2973 per
722 2893 854 2955 medium
871 2895 961 2974 Calpe
986 2900 1015 2954 et
1038 2890 1152 2953 Abilae.
1183 2891 1281 2970 Calpis
1297 2900 1358 2965 est,

176 3000 228 3061 ubi
251 3016 319 3077 pars
343 2999 467 3077 parietis
489 2999 570 3058 illius
593 2999 624 3057 in
647 3005 731 3076 parte
755 2997 926 3078 Hispaniae.
971 2996 1056 3057 Abila
1080 3002 1126 3056 est
1150 2994 1208 3055 alia
1222 2997 1252 3055 in
1268 3002 1357 3075 parte

175 3100 390 3172 Mauritaniae,
413 3107 445 3162 et
467 3102 519 3162 illo
543 3107 670 3180 angusto
693 3101 771 3163 ireto
785 3102 903 3182 Europa
927 3102 962 3163 ab
978 3100 1078 3161 Africa
1094 3099 1244 3163 dividitur.
1278 3098 1357 3161 Cum

178 3225 251 3286 ergo
275 3223 358 3266 mare
374 3207 541 3292 incurreret
556 3212 683 3275 terram,
708 3204 808 3266 divisit
832 3224 899 3266 eam
914 3207 944 3265 in
960 3211 1022 3265 tres
1038 3204 1219 3284 principales
1241 3209 1357 3283 partes,

175 3308 294 3382 Asiam,
326 3308 475 3381 Africam,
511 3317 542 3371 et
570 3310 736 3390 Europam,
772 3317 811 3403 εὶ1
833 3310 870 3372 ad
904 3309 970 3387 ejus
1000 3312 1156 3371 introitum
1189 3317 1358 3388 eruperunt

175 3420 299 3482 ilumina
329 3422 359 3477 et
391 3415 490 3477 tontes
526 3422 556 3477 et
588 3414 690 3485 lacus3
725 3421 756 3474 et
778 3416 896 3493 pluviae
926 3421 958 3475 et
985 3415 1068 3475 venti
1092 3419 1122 3474 et
1144 3411 1253 3474 diluvia
1277 3411 1359 3475 lacta

175 3530 262 3596 sunt,
296 3528 326 3582 et
348 3527 428 3583 terra
451 3521 550 3582 mollis
575 3523 694 3581 inventa
718 3537 734 3580 a
756 3500 823 3580 solo
857 3519 925 3580 loco
958 3527 1040 3580 mota
1063 3525 1130 3591 est,
1164 3516 1301 3596 duraque
1324 3525 1359 3581 et

173 3625 272 3686 solida
300 3627 453 3711 remansit.
499 3622 586 3698 Unde
615 3641 651 3685 er
680 3623 727 3684 his
754 3623 907 3694 omnibus,
940 3625 1014 3684 item
1042 3640 1078 3683 ex
1109 3620 1358 3685 inundationibus

174 3735 207 3790 ot
237 3728 373 3800 diluviis,
406 3746 443 3789 er
473 3730 572 3790 ventis
604 3734 635 3788 et
669 3745 705 3788 er
727 3733 826 3788 terrae
854 3727 986 3788 motibus
1018 3732 1050 3787 et
1081 3743 1116 3788 er
1145 3726 1358 3804 eruptionibus

176 3849 322 3912 aquarum
354 3831 391 3892 de
423 3838 503 3893 terra
536 3837 567 3892 et
590 3849 626 3892 er
648 3833 822 3892 corrosione
854 3847 998 3909 aquarum
1021 3831 1111 3890 maris
1142 3835 1173 3889 et
1193 3824 1357 3890 fluminum

177 3936 314 4017 genarati
336 3941 406 3994 sunt
428 3941 546 3995 montes
570 3938 600 3994 et
623 3934 715 3994 valles
738 3941 768 3996 et
792 3937 891 4015 campi
914 3934 1066 3996 montibus
1090 3935 1189 3995 cincti.
1272 4012 1275 4018 Ι

262 4036 355 4117 Alpes
379 4054 451 4115 ergo
474 4043 592 4098 montes
617 4037 756 4117 dicuutur
779 4039 814 4098 ab
838 4037 1011 4111 altitudine,
1043 4038 1234 4116 adquorum
1264 4054 1359 4099 cacu-

175 4145 258 4210 mina
280 4161 341 4205 non
362 4143 422 4204 nisi
443 4159 500 4221 per
523 4141 598 4203 altos
613 4139 708 4222 pedes
725 4142 848 4204 collium
864 4144 1055 4222 pervenitur,
1076 4147 1210 4220 suntque
1224 4139 1364 4210 excelcis⁸
