2874 4770
679 169 746 241 135

124 343 182 406 iuit
203 361 371 431 concursus
393 343 553 405 bominum
574 343 614 406 ad
635 343 864 406 Praedicatores
892 352 924 407 et
943 351 1063 410 tantum
1083 350 1302 430 spectaculum,

125 467 160 512 ao
184 453 210 511 si
231 453 373 511 innovata
394 446 491 506 Roma
513 454 596 508 esset
620 465 810 526 processura
854 448 1029 514 Advenerat
1056 455 1140 515 enim
1168 456 1202 516 in
1222 453 1302 516 liuo-

125 554 268 618 natatorio
290 567 366 614 nave
388 549 529 612 deaurata
551 550 656 629 grandi
678 550 737 612 dur
760 551 955 615 Venetiamm
983 573 1054 617 cum
1081 558 1248 636 patriarcba
1272 566 1305 619 et

127 667 234 725 senatu
267 663 299 718 et
337 658 491 717 canonicis
529 661 560 716 et
601 655 734 717 infulatis
772 657 943 729 abbatibus,
985 666 1018 720 et
1051 659 1109 723 alia
1148 663 1306 724 innumera

127 760 303 833 multitudo,
326 762 384 833 ita,
408 766 441 821 ut
464 758 595 831 canalia,
619 777 697 838 quae
720 769 903 822 conventum
925 763 1067 840 cingunt,
1088 763 1180 843 plena
1201 772 1306 825 essem

125 869 222 930 barcis
249 871 281 925 et
302 864 392 944 longe
424 864 504 925 ultra
534 881 696 924 nnmerum
718 864 921 926 millenarium
944 866 1136 928 excederent.
1180 866 1309 948 lusuper

127 971 267 1033 dominae
289 969 491 1038 Venetianae,
513 967 686 1028 licentiatae
709 986 728 1028 a
750 969 881 1039 maritis,
904 976 988 1030 tanto
1011 978 1120 1031 ornatu
1142 979 1175 1032 et
1195 990 1307 1052 pompa

127 1075 340 1147 adventarunt,
363 1082 397 1135 ut
410 1080 534 1153 putares
551 1071 705 1133 Venerem
728 1089 764 1133 ex
781 1091 837 1134 suo
851 1080 957 1132 monte
980 1091 1050 1134 cum
1072 1076 1137 1136 suis
1156 1075 1309 1138 sodalibus

126 1183 266 1262 erupisse
304 1186 336 1241 et
373 1176 505 1265 capitulo
542 1182 647 1237 nostro
688 1194 706 1237 a
734 1177 845 1238 Sataua
883 1181 1093 1253 transmissas,
1132 1197 1210 1259 quae
1247 1199 1308 1243 non

126 1291 244 1346 tantum
273 1286 305 1344 in
335 1282 586 1351 ecclesianam,
623 1279 680 1341 sed
702 1299 758 1359 per
787 1289 888 1342 totum
919 1283 1105 1360 vagabantur
1126 1293 1309 1346 conventum

127 1399 160 1453 et
197 1390 299 1452 omnia
331 1388 498 1449 lustrabant
536 1383 712 1446 dormitoria
752 1385 905 1464 cellasque
945 1389 1095 1450 intrabant
1140 1391 1307 1469 hospitum,

128 1496 255 1558 fratrum
288 1499 320 1554 et
351 1496 572 1561 intraneorum,
604 1496 636 1550 et
658 1492 760 1551 omnia
789 1494 965 1552 monasterii
995 1494 1161 1572 penetralia
1187 1497 1308 1557 curiose

129 1598 385 1678 perambulabant.
429 1595 568 1675 Denique
597 1595 700 1656 dicere
730 1595 775 1656 las
803 1613 865 1656 non
898 1604 962 1667 est,
995 1605 1124 1675 quauta,
1156 1617 1218 1659 non
1240 1598 1309 1660 dico

133 1701 330 1772 solennitate,
346 1699 399 1761 sed
415 1685 653 1781 pompanium
669 1701 769 1762 divina
784 1702 1016 1780 peragebantur,
1037 1706 1201 1783 praecipue
1215 1703 1308 1766 blissa

133 1813 164 1867 et
187 1807 433 1885 completorium,
465 1823 542 1884 quae
563 1808 595 1866 iu
617 1806 780 1885 figurativis
811 1809 949 1884 organis,
981 1807 1061 1868 tubis
1090 1815 1122 1868 et
1149 1811 1308 1887 trompetis

132 1911 318 1981 finiebantur,
337 1911 386 1981 ita,
408 1915 442 1970 ut
457 1908 689 1990 completorium
706 1911 800 1971 tribus
816 1909 938 1971 duraret
952 1910 1036 1970 boris
1052 1912 1117 1972 sine
1132 1911 1233 1973 taedio
1257 1911 1308 1972 ad·

131 2016 275 2076 stantium
298 2019 422 2093 propter
444 2015 578 2074 musicae
601 2011 802 2075 diversitates.
847 2013 894 2075 Ad
917 2014 993 2075 baec
1022 2014 1173 2077 ecclesiae
1196 2015 1309 2077 decoro

134 2115 362 2197 incomparabili
385 2135 490 2178 omnes
514 2118 647 2197 parietes
675 2116 793 2178 obsitae
821 2124 908 2178 erant
934 2120 1042 2196 pannis
1071 2122 1309 2199 pretiosissimis,

132 2223 237 2290 omnia,
257 2221 433 2283 dormitoria
456 2227 487 2281 et
511 2220 622 2301 cellae,
657 2238 763 2281 omues
786 2220 942 2294 officinae,
974 2225 1074 2283 omnia
1096 2223 1257 2285 refectoria
1279 2231 1311 2283 et

134 2327 296 2390 coenacula
319 2328 438 2397 obtecta
455 2327 563 2405 pannis
584 2327 724 2403 pretiosis
750 2331 837 2385 erant
859 2333 890 2386 et
912 2325 1214 2399 omnialectistemia
1237 2345 1311 2388 con·

134 2439 215 2493 tecta
230 2433 429 2502 ornamentis,
453 2431 616 2510 praecipue
631 2435 733 2490 tamen
750 2446 869 2490 camera
884 2427 1067 2502 dillinitorii,
1089 2432 1121 2491 iu
1137 2448 1196 2510 qua
1210 2436 1312 2509 patrea

135 2538 256 2617 negotia
276 2537 444 2601 tractabant
466 2533 596 2605 ordinis,
621 2538 685 2594 erat
707 2551 770 2592 non
793 2534 882 2593 textis
897 2532 1060 2610 figurarum
1075 2536 1181 2613 pannis
1196 2541 1310 2606 ornata,

136 2639 191 2701 sed
213 2641 312 2702 aureis
334 2639 532 2702 velaminibus
554 2639 675 2717 penitus
699 2636 832 2716 undique
866 2639 1100 2699 circumamicta.
1144 2638 1178 2699 lu
1200 2641 1314 2700 mensis

137 2745 359 2807 ministrabatur
381 2746 466 2806 cibus
489 2744 603 2804 etvini
626 2747 715 2821 potus
732 2740 770 2802 ad
786 2741 1011 2811 sufficientiam,
1034 2743 1067 2801 iu
1081 2741 1189 2802 tabulis
1213 2750 1313 2803 autem

128 2852 367 2935 praecipuorum
389 2847 594 2909 membrorum
610 2844 732 2925 capituli
750 2847 897 2924 exquisita
912 2852 999 2906 erant
1024 2844 1139 2906 lercula
1162 2852 1193 2906 et
1210 2847 1315 2908 riuum

136 2956 333 3034 praecipuum
355 2959 387 3014 et
409 2949 573 3022 abundans,
594 2947 791 3022 Metouionm,
815 2949 977 3023 Creticum,
999 2949 1150 3011 Graecum
1172 2957 1231 3011 etc.
1255 2950 1315 3012 Zu-

136 3059 261 3120 obarum
283 3064 385 3120 autem
408 3063 440 3116 et
462 3055 600 3117 coniecta
623 3054 726 3115 Sicula
755 3056 804 3116 vix
827 3053 1051 3132 reputabantur.
1097 3053 1208 3115 Penset
1240 3071 1314 3131 ergo

135 3164 244 3236 lector,
277 3164 304 3224 si
330 3161 496 3240 capitulum
523 3159 648 3220 fratrum
677 3158 914 3220 mendicantium
937 3158 1048 3221 Veneti
1075 3159 1117 3219 ita
1139 3156 1315 3234 disponunt,

136 3267 209 3349 quid
232 3270 271 3329 sit
289 3269 321 3327 in
341 3266 621 3345 congregationibus
637 3265 821 3342 principum,
845 3280 967 3340 regum,
992 3265 1019 3323 si
1032 3261 1113 3342 apud
1128 3278 1183 3322 eos
1197 3259 1317 3320 diaetae

136 3372 336 3434 celebrantur.
380 3368 452 3431 lllae
475 3386 548 3447 ergo
570 3369 821 3446 congregationes
846 3366 885 3427 de
908 3367 1058 3428 universis
1074 3365 1238 3443 provinciis
1260 3380 1315 3424 no·

136 3479 281 3538 minatam
303 3475 380 3536 banc
403 3473 532 3536 reddunt
554 3474 671 3535 urbem.

99 3648 102 3653 ,
224 3579 329 3642 Tertio
361 3578 480 3641 decimo
503 3575 754 3639 commendantur
776 3572 887 3634 Veneti
920 3577 1046 3652 propter
1074 3569 1196 3648 grandia
1227 3569 1317 3648 privi-

136 3688 229 3766 legia,
268 3702 352 3765 quae,
375 3683 494 3745 babent.
540 3681 618 3742 Nam
647 3696 724 3739 anno
756 3676 880 3737 Domini
915 3671 999 3738 1171
1030 3674 1225 3735 Sebastianus
1257 3671 1317 3734 dux

136 3791 325 3854 Venetorum
362 3784 559 3849 concordavit
591 3798 745 3843 summum
777 3778 951 3859 pontificem
984 3776 1186 3840 Alexandrum
1213 3774 1253 3837 lll
1285 3781 1318 3838 et

136 3897 351 3975 imperatorem
373 3891 560 3953 fridericum
581 3887 729 3965 primum,
746 3885 810 3962 'qui
832 3900 941 3963 papam
973 3883 1011 3945 de
1035 3882 1129 3943 Roma
1153 3880 1317 3961 expulerat,

138 3998 176 4061 de
199 4017 259 4078 quo
281 3998 372 4076 longa
394 3996 523 4058 babetur
544 3989 691 4070 legenda3
717 3996 748 4050 et
769 3991 840 4068 quia
855 3988 915 4050 dux
936 4006 995 4051 eos
1011 3985 1212 4057 concordavit,
1233 3983 1318 4047 dedit

139 4104 168 4163 ei
189 4110 221 4165 et
242 4105 305 4164 suis
321 4098 551 4164 successoribus
565 4096 642 4157 baec
657 4093 828 4174 privilegia:
863 4090 893 4173 1)
915 4093 1018 4155 iunale
1040 4089 1212 4160 eauddum,
1235 4085 1319 4166 quod

139 4206 238 4270 solum
251 4204 442 4288 pontificibus
449 4201 593 4265 Romanis
604 4197 788 4289 portandum
801 4195 993 4261 romoetudo
1006 4193 1163 4268 concedit;
1186 4189 1220 4271 2)
1236 4188 1320 4270 quod

1051 4310 1110 4365 280
