2874 4770
683 180 747 251 153

126 350 198 423 Erat
213 365 315 422 autem
331 360 377 442 vir
390 374 557 439 pancomm
570 358 732 422 verborum
755 365 787 422 et
799 378 861 422 non
874 360 1055 440 litigamus,
1077 356 1133 419 sed
1148 362 1299 429 strennus,

129 471 161 525 et
183 471 359 543 suspectum
382 464 541 524 habuimus
564 453 807 542 Tanguardinum
836 463 874 524 de
896 463 1007 533 Caino,
1032 461 1115 542 qnod
1143 461 1194 522 ille
1229 479 1301 521 enm

130 569 251 645 scriptis
284 569 466 645 corruperit,
503 565 541 627 ad
571 567 784 628 excoriandum
814 545 869 629 nos
908 566 1064 627 inducens.
1120 566 1157 625 Et
1191 567 1233 624 ita
1262 564 1300 624 de

129 670 208 731 lacto
230 671 296 730 luit.
344 669 405 730 Sed
429 676 460 730 et
480 668 580 730 Halliu
603 689 659 730 nos
683 673 773 731 etiam
795 673 946 749 promovit
969 676 1000 731 et
1027 668 1174 749 perdidit;
1206 670 1237 727 in
1265 684 1300 726 se

126 791 199 834 vero
221 775 267 834 vir
284 771 387 849 jnstus
409 772 465 832 luit
492 775 559 851 ipse
583 773 769 844 Schambek‚
803 774 920 835 nullum
951 791 1077 852 gravans
1108 778 1139 832 et
1172 771 1302 832 fideliter

125 882 300 954 protegens.
346 876 397 936 Sic
421 893 493 954 ergo
516 883 548 937 et
569 877 628 936 boc
651 877 699 937 die
720 878 752 936 in
767 877 899 955 hospitio
914 879 1096 948 mansimus,
1118 875 1301 936 sednnllnm

126 979 279 1040 delectum
316 997 375 1041 nec
411 981 472 1040 vini
509 996 568 1040 nec
605 979 732 1057 alicujus
766 981 811 1038 rei
845 982 1037 1040 necessariae
1071 983 1151 1058 passi
1184 995 1299 1038 sumus.

126 1081 277 1144 Vicesima
292 1082 457 1154 sertadie,
481 1098 559 1160 quae
575 1091 640 1143 erat
655 1083 806 1143 dominica
818 1080 910 1144 XXII.
925 1089 995 1160 post
1010 1083 1178 1153 Trinitatis,
1194 1084 1301 1140 missas

126 1185 345 1248 celebravimus
374 1191 406 1246 et
434 1187 566 1264 quietius
597 1187 748 1249 devotioni
778 1188 836 1247 bac
866 1186 916 1246 die
949 1190 1088 1247 stetimus
1117 1194 1147 1247 et
1177 1185 1301 1263 prandio

125 1296 225 1348 sumto
257 1290 290 1349 in
312 1289 463 1349 umbrosis
496 1287 573 1348 locis
602 1308 659 1351 nos
691 1292 894 1350 continuimus
916 1297 1042 1368 propter
1062 1292 1303 1350 intensissimnm

126 1391 197 1450 solis
220 1390 389 1462 fervorem,
410 1408 481 1451 nam
503 1409 575 1452 cum
595 1392 648 1453 illo
669 1396 855 1471 intempore
870 1395 909 1452 sit
926 1391 1005 1470 apud
1019 1411 1076 1452 nos
1092 1396 1177 1472 quasi
1193 1393 1302 1462 biems,

127 1492 169 1551 ibi
192 1493 288 1553 adbuc
311 1499 398 1553 erant
419 1493 593 1555 calidissimi
620 1496 702 1567 dieo,
735 1498 814 1556 sicut
843 1510 1008 1572 numquam
1037 1503 1108 1556 sunt
1136 1495 1217 1574 apud
1246 1512 1302 1554 nos

129 1597 242 1658 aestivo
264 1602 415 1676 tempore.
458 1596 739 1678 Advesperaseente
757 1600 807 1659 dic
821 1601 932 1659 iterum
948 1597 1115 1659 audirimus
1131 1599 1304 1676 clangorem

129 1699 269 1758 tubarum
291 1706 322 1760 et
336 1699 487 1779 fragorem
507 1702 738 1763 bombardarnm
752 1701 790 1763 ad
804 1703 1014 1779 receptionem
1030 1702 1154 1762 aliarum
1169 1703 1301 1762 navium

130 1799 332 1864 Ascendimus
356 1823 429 1883 ergo
449 1807 583 1892 ¹altanam
605 1812 636 1865 et
657 1804 786 1868 vidimus
801 1803 947 1884 grandem
969 1804 1087 1881 galeam
1102 1804 1304 1864 Christianam

129 1913 249 1984 portum
271 1909 392 1969 intrare.
436 1907 576 1982 Misimus
608 1926 680 1987 ergo
710 1927 833 1970 sermm
853 1927 949 1970 nuum
972 1907 1011 1968 de
1033 1907 1124 1969 domo
1148 1909 1186 1970 ad
1208 1926 1301 1980 mare,

129 2019 162 2072 ut
185 2013 370 2090 exploraret,
402 2015 483 2076 unde
517 2017 602 2093 galea
635 2014 686 2074 illa
706 2015 842 2076 venisset
864 2020 895 2074 et
917 2031 993 2093 quas
1015 2029 1135 2072 merces
1168 2011 1299 2072 afferret.

128 2115 256 2178 ltevenit
278 2135 350 2195 ergo
374 2135 479 2178 servus
504 2117 625 2189 dicens,
656 2135 765 2179 navem
787 2119 878 2178 istam
901 2116 939 2177 de
962 2115 1142 2194 Campaniae
1158 2116 1302 2193 partibus,

126 2239 204 2299 quae
235 2228 283 2282 est
311 2225 499 2283 contermina
520 2220 647 2300 Apuliae
680 2228 712 2282 et
739 2218 858 2293 ltaliae,
890 2224 1010 2283 venisse
1040 2227 1073 2280 et
1100 2220 1200 2280 nullas
1229 2219 1302 2277 alias

128 2341 248 2384 merces
269 2323 397 2397 habere,
419 2326 478 2384 nisi
501 2322 668 2394 avellanas,
692 2340 766 2400 quas
787 2341 844 2383 nos
865 2341 1010 2385 vocamus
1027 2341 1123 2384 nnces
1146 2320 1302 2390 avellanas,

130 2444 257 2505 quarum
280 2427 367 2504 galea
388 2431 452 2486 tota
473 2425 598 2503 repleta.
637 2426 670 2486 Si
696 2425 820 2504 quidem
843 2427 1005 2506 Campania
1032 2427 1083 2489 illa
1111 2445 1206 2487 nuces
1229 2429 1302 2485 istas

128 2532 161 2590 in
184 2545 291 2608 magna
315 2531 402 2606 copia
430 2528 585 2607 producit,
616 2529 696 2589 unde
724 2531 817 2591 etiam
847 2529 1034 2613 appellantur
1063 2531 1233 2600 abellanae,
1266 2528 1303 2586 ab

128 2632 247 2704 Ellana,
278 2631 609 2711 oppido·Campaniae‚
640 2650 698 2693 nec
726 2641 867 2694 crescunt
888 2637 920 2694 in
941 2635 1135 2696 orientalibus
1157 2633 1302 2713 partibus,

130 2736 226 2818 (128
242 2734 286 2814 a)
310 2742 435 2814 propter
457 2738 626 2799 siccitatem
648 2744 681 2798 et
695 2735 827 2797 calorem
840 2744 957 2810 terrae,
980 2739 1036 2800 sed
1051 2739 1150 2799 aolurn
1162 2740 1303 2797 crescunt

127 2843 158 2901 in
181 2840 256 2900 locis
279 2839 421 2912 humidis,
444 2839 560 2917 frigidis
583 2847 615 2901 et
635 2843 745 2901 macris
767 2848 800 2902 et
820 2841 889 2902 ideo
911 2842 1063 2904 ducuntur
1084 2842 1124 2902 de
1140 2841 1303 2920 Campania

127 2947 158 3005 in
182 2945 300 3023 Syriam
329 2952 361 3005 et
381 2943 569 3023 Aegyptum,
603 2950 757 3023 tamqnam
787 2947 966 3024 peregrinae
993 2953 1026 3006 et
1054 2961 1142 3006 carae
1172 2960 1301 3004 merces.

127 3049 380 3126 Interrogavimus
404 3056 504 3110 autem
527 3049 576 3108 die
592 3055 741 3126 sequente
756 3067 849 3108 nnnm
864 3047 1102 3120 Tbentonienm,
1125 3051 1177 3127 qui
1194 3046 1303 3107 eadem

128 3154 213 3230 galea
229 3158 352 3229 venerat
374 3159 403 3213 et
421 3153 539 3230 galeota
555 3160 634 3224 erat,
653 3155 757 3231 quanti
780 3156 869 3231 pretii
894 3155 1128 3213 aestimarentur
1149 3150 1302 3212 avellanae

126 3260 203 3318 istae
226 3258 324 3317 simul.
371 3255 547 3335 Respondit,
571 3255 652 3335 quod
672 3258 848 3336 inexpertus
870 3259 919 3317 vix
949 3254 1060 3325 eredit,
1092 3253 1174 3332 qnod
1196 3254 1302 3331 galeae

126 3367 271 3441 patronus
295 3366 441 3438 speraret,
464 3377 498 3420 se
521 3359 615 3420 multa
636 3360 729 3420 millia
751 3360 930 3421 ducatorum
953 3365 1147 3436 recepturum
1169 3375 1225 3435 pro
1246 3358 1302 3415 eis.

127 3463 266 3524 Scribere
289 3481 350 3522 non
374 3461 471 3522 audeo
493 3478 653 3540 numerum
682 3464 811 3524 millium
842 3463 1040 3533 ducatorum,
1073 3478 1165 3538 qoem
1195 3476 1302 3521 servus

125 3567 177 3628 ille
201 3567 288 3627 nobis
311 3564 510 3626 determinate
533 3570 690 3644 expressit.
737 3567 831 3627 Carae
847 3568 928 3627 enim
941 3564 1029 3627 valde
1043 3569 1115 3623 sunt
1130 3565 1159 3622 in
1175 3561 1302 3622 Oriente

125 3687 221 3730 nuces
243 3668 313 3728 illae
336 3676 368 3727 et
389 3667 526 3727 homiues
559 3671 722 3731 orientales
744 3670 943 3731 libentissime
967 3685 1019 3729 eas
1042 3666 1204 3729 comedunt
1225 3673 1302 3726 tam-

127 3788 218 3848 quam
238 3761 306 3831 'rem
329 3771 494 3848 pretiosam
518 3777 550 3830 et
571 3773 616 3832 eis
638 3788 758 3842 sanam,
781 3790 852 3832 enm
874 3779 976 3832 tamen
993 3771 1072 3850 apud
1087 3789 1142 3831 nos
1157 3788 1216 3830 noo
1233 3786 1303 3846 pre·

126 3877 223 3935 tiosae
245 3892 303 3934 nec
325 3890 416 3934 sanae
439 3879 524 3945 sunt,
558 3873 614 3934 sed
644 3876 779 3951 puerulis
810 3875 848 3935 ad
871 3874 1038 3936 ludendum
1058 3879 1250 3952 exponuntur
1272 3878 1304 3932 et

127 3978 206 4037 inter
227 3977 374 4038 silvestria
398 3983 628 4055 computantur,
651 3977 729 4035 sicot
744 3956 782 4035 ⁴et
805 3977 940 4055 glandes.
984 3977 1099 4038 Verum
1112 3985 1214 4036 minen
1230 3976 1302 4034 alias

130 4080 314 4143 conditiones
329 4100 449 4143 merces
465 4081 535 4142 illae
552 4081 710 4158 acquirunt
724 4070 838 4140 ductae
850 4083 881 4141 in
897 4079 1071 4152 Orientem,
1086 4094 1177 4157 quam
1192 4077 1303 4156 habent

130 4184 210 4262 apud
230 4204 295 4247 nos.
339 4187 417 4248 Nam
447 4187 606 4247 nobiscnm
636 4183 715 4245 ultra
736 4202 848 4246 anunm
868 4190 1041 4246 reservatae
1063 4183 1224 4244 tabescunt
1253 4178 1302 4242 vel
