2874 4770
680 160 745 228 art

127 345 160 402 ct
181 337 296 400 ltaliam
326 337 362 398 ab
384 333 560 398 dlemmnia
582 332 727 396 dividunt.
773 333 800 394 0
822 351 913 414 quam
943 335 1077 401 laetabar
1107 339 1207 403 auimo
1229 338 1301 403 Ale·

127 444 279 506 manniam
302 456 401 501 meam
423 437 542 501 videret
571 436 650 498 Olim
674 437 797 515 quidem
819 437 994 517 prudentia,
1016 445 1166 520 potentia,
1190 444 1302 507 divitiis

129 547 253 618 exilem,
281 564 364 606 nunc
386 549 488 605 autem
511 542 599 603 claris
630 541 772 621 operibus
803 559 863 601 uon
893 549 1007 604 tanturn
1039 546 1212 625 aequalem,
1246 549 1302 613 sed

128 653 288 728 loquacem
326 664 470 725 superare
504 645 676 717 Graeciam,
716 644 877 723 superbam
910 647 1092 710 antecedere
1124 648 1240 712 ltaliam
1271 659 1303 713 et

128 754 347 815 contentiosam
369 767 509 828 premere
526 749 691 810 Franciam.
723 747 821 821 Quam
843 766 951 810 verum
973 757 1022 811 est
1041 750 1116 813 illud
1130 757 1302 832 poeticum:

128 857 224 919 Dulce
246 854 345 917 natale
367 853 476 925 solum,
500 852 582 931 quod
598 854 795 914 immemores
809 869 869 913 uon
885 852 957 912 sinit
980 870 1049 914 esse
1072 856 1137 916 suit
1158 855 1196 916 Et
1217 860 1303 938 potui
1328 915 1331 921 .

127 959 242 1021 dicere·
335 1042 424 1113 saepe
442 1040 604 1112 peregrim
622 1056 743 1111 „agana
762 1039 940 1092 transmissus
958 1039 988 1092 ia
1007 1057 1083 1110 oras,

404 1127 577 1197 Regredieus
596 1128 700 1197 patriae
718 1126 826 1180 moenia
843 1128 899 1193 jam
917 1125 1005 1181 video.

334 1218 433 1272 Dulcis
451 1233 501 1269 ave
519 1216 618 1269 natalia
637 1217 749 1283 humus,
768 1223 796 1268 tu
816 1215 917 1268 Suevia
935 1216 1015 1282 salix,

405 1304 503 1358 Inclita
520 1305 585 1357 urbs
603 1309 630 1356 tu
650 1303 744 1371 Ulma,
763 1303 856 1356 nobile
875 1302 1030 1374 palladium.

214 1397 261 1459 Ad
277 1398 394 1459 socium
417 1404 518 1459 autern
532 1412 635 1456 meum
658 1394 734 1456 diri:
758 1412 847 1466 ecce,
871 1393 992 1457 domiue
1018 1394 1188 1472 lohannes,
1211 1401 1304 1464 limen

111 1503 242 1582 'patriae
266 1509 417 1563 etterrac
440 1517 527 1561 meae
550 1496 755 1570 soroudon,
789 1515 859 1559 nam
885 1504 1004 1561 montes
1027 1502 1119 1575 istos,
1155 1522 1231 1582 quos
1254 1507 1303 1567 bic

128 1606 257 1666 inmari
280 1606 451 1675 cernimus,
473 1603 582 1663 iratres
605 1603 666 1662 mei
689 1603 720 1662 iu
744 1609 894 1663 conventu
917 1600 1055 1665 Ulmensi
1077 1623 1132 1686 per
1155 1608 1304 1670 fenestras

130 1708 297 1771 dormitorii
319 1711 473 1769 intuentur
495 1713 527 1767 et
549 1722 658 1767 sereno
683 1708 754 1767 adra
778 1707 900 1768 cottidie
923 1707 1035 1770 vident.
1081 1707 1142 1771 lste
1165 1718 1213 1772 est
1235 1712 1303 1774 the·

130 1830 251 1883 saurus‚
289 1806 382 1891 quem
405 1812 491 1872 ambo
513 1813 545 1873 in
566 1811 626 1871 boc
654 1816 757 1871 monte
779 1813 966 1885 invenimus,
1001 1814 1118 1876 scilicet
1147 1824 1304 1895 aspectum

129 1920 326 1980 terminorum
349 1924 496 1978 terrarum
518 1923 703 1988 nostrarum,
737 1935 827 1994 quam
858 1916 956 1978 dulcis
987 1925 1089 1980 autem
1118 1921 1158 1980 sit
1179 1922 1304 1984 intuitus

128 2024 242 2103 proprii
265 2021 321 2081 soli
345 2025 377 2081 et
398 2022 562 2092 memoria,
585 2019 654 2081 vide
677 2018 767 2099 supra
790 2019 852 2083 Fal.
877 2016 921 2084 48
950 2028 981 2082 ct
1010 2022 1072 2083 Fol.
1101 2019 1171 2088 112.
1210 2022 1303 2104 Igitur

129 2145 197 2189 curn
222 2126 258 2189 ad
280 2127 385 2187 boram
407 2128 437 2187 in
461 2126 666 2206 promontorio
687 2116 877 2198 fuissemus,
894 2127 939 2186 ab·
955 2125 1011 2186 alia
1026 2133 1127 2204 parte,
1150 2128 1201 2187 ubi
1223 2135 1305 2190 terra

129 2233 287 2292 continens
310 2237 371 2303 est,
406 2227 619 2290 descendimus
646 2245 706 2307 per
734 2235 836 2309 petras
871 2234 902 2289 et
924 2227 1049 2290 frutices
1085 2236 1116 2292 et
1142 2233 1173 2291 in
1202 2231 1304 2293 villam

129 2332 247 2396 Muters
269 2332 381 2395 dictam
402 2334 554 2403 venimus,
588 2338 619 2392 et
640 2330 730 2410 plena
760 2338 825 2393 crat
860 2332 986 2411 galeotis
1018 2332 1055 2396 de
1078 2334 1220 2407 navibus,
1253 2338 1305 2414 qui

131 2456 222 2500 omne
251 2439 354 2499 vinum
385 2443 416 2498 et
438 2453 560 2507 omnem
583 2451 694 2513 panem
729 2441 760 2496 et
785 2452 892 2495 omncs
917 2435 1042 2513 gallinas
1065 2442 1097 2497 et
1117 2439 1216 2499 omnia
1240 2458 1305 2512 ova,

131 2548 162 2602 et
185 2541 301 2603 fructus
324 2544 475 2611 emerant,
506 2556 564 2600 nec
592 2539 721 2601 frustum
752 2540 837 2618 panis
868 2544 1043 2619 poteramus
1075 2559 1130 2602 nos
1160 2544 1304 2606 invenire.

130 2645 164 2706 ln
187 2645 333 2724 capellam
356 2650 473 2715 autem,
496 2660 574 2721 quae
596 2645 626 2703 in
642 2642 711 2704 villa
727 2648 789 2715 cst,
812 2644 1005 2707 transivimus
1029 2651 1060 2706 et
1083 2645 1149 2708 tusa
1171 2650 1305 2710 oratione

130 2751 161 2811 in
185 2749 301 2828 galeam
323 2748 438 2808 reversi
460 2764 564 2807 sumus
587 2745 636 2833 dic
659 2745 943 2827 advesperascente.

217 2851 319 2914 Tertia
343 2851 408 2923 die,
432 2868 509 2930 quac
533 2857 581 2911 cst
603 2857 708 2912 octava
723 2853 820 2911 sancti
834 2849 979 2912 lobannis
996 2854 1215 2933 evangelistae,
1238 2875 1304 2918 mu·

130 2964 192 3019 tato
216 2959 287 3017 aere
302 2958 332 3016 in
348 2955 471 3026 melius,
493 2971 585 3016 naves
601 2961 681 3016 extra
699 2962 818 3034 portum
833 2955 918 3016 illurn
935 2954 1157 3030 educebantur,
1180 2966 1212 3020 et
1234 2957 1305 3021 dum

128 3063 158 3120 in
180 3062 273 3121 latum
296 3061 387 3119 maris
410 3060 619 3130 venissemus,
643 3060 742 3120 subito
764 3060 904 3121 terribilis
927 3058 1011 3122 affuit
1035 3060 1138 3136 italus,
1162 3065 1211 3125 cui
1234 3065 1304 3127 sub·

128 3170 281 3225 traxerunt
303 3164 385 3235 vela,
416 3169 447 3223 et
470 3165 572 3224 statim
596 3164 740 3235 cessavit,
772 3169 802 3225 et
824 3165 971 3225 restitutis
993 3164 1070 3227 velis
1094 3184 1185 3229 cursu
1207 3167 1305 3229 veloci

129 3266 167 3329 ad
176 3266 309 3337 ladram,
333 3267 483 3326 civitatem
499 3273 635 3328 veterem
650 3266 816 3327 Dalmatiae
831 3267 1016 3329 destructam
1030 3271 1183 3343 venimua3
1208 3270 1307 3331 fuerat

130 3373 211 3431 enim
224 3368 376 3449 quondam
398 3371 478 3448 regis
489 3367 638 3448 ngariae
654 3372 743 3448 eique
760 3387 794 3430 se
810 3378 1003 3448 opposuerat,
1025 3389 1077 3432 rer
1100 3379 1201 3433 autem
1217 3372 1304 3433 dissi·

129 3474 254 3536 mulavit
275 3490 372 3551 usque
396 3471 432 3533 ad
454 3471 566 3534 testum
590 3473 621 3534 S.
639 3474 793 3535 Simeonis
815 3475 915 3546 senis,
938 3476 969 3535 in
985 3491 1045 3553 quo
1062 3478 1160 3536 omnis
1175 3476 1305 3555 populus

129 3594 147 3639 a
169 3579 295 3638 minimo
317 3593 413 3655 usque
437 3575 473 3637 ad
496 3579 657 3638 maximum
681 3596 751 3639 cunr
775 3594 865 3639 cruce
889 3583 972 3639 extra
1002 3579 1154 3639 civitatem
1177 3597 1305 3641 consue·

128 3688 213 3745 verat
234 3679 400 3760 procedere
423 3679 461 3741 ad
484 3680 645 3742 ecclesiam
665 3679 813 3760 praedicti
839 3680 942 3742 Sancti
964 3683 995 3744 in
1018 3679 1082 3758 ejus
1105 3682 1201 3756 festo,
1224 3683 1305 3763 quod

129 3790 177 3845 est
200 3783 248 3845 die
270 3779 301 3846 8.
326 3781 477 3845 Octobris.
522 3781 645 3844 Cunctis
669 3801 741 3862 ergo
774 3785 805 3845 in
837 3784 967 3846 ecclesia
1002 3793 1083 3847 extra
1113 3789 1305 3849 manentibus

129 3905 216 3949 auara
237 3889 343 3949 urbem
365 3906 418 3949 rer
442 3904 511 3948 curn
534 3888 597 3947 suis
619 3889 741 3949 intravit
770 3895 801 3948 et
823 3905 915 3967 super
948 3905 1014 3950 earn
1037 3890 1139 3962 irruit,
1167 3892 1305 3952 inventos

131 3990 257 4064 occidit,
280 3991 386 4053 domos
410 3991 540 4060 exussit,
563 4007 667 4051 muros
691 3990 837 4053 destruxit
859 3998 890 4053 et
906 3992 986 4054 abiit.
1018 3990 1180 4056 ledrenses
1204 4001 1306 4057 autem

131 4092 276 4158 derelicto
298 4097 367 4158 loco
390 4099 515 4158 crustae
531 4095 660 4156 civitatis
676 4095 909 4160 aedificaverunt
931 4113 1040 4160 novam
1056 4098 1208 4159 civitatem
1221 4095 1306 4175 juxta

132 4197 292 4262 ecclesiam
312 4199 345 4262 S.
368 4198 519 4262 Simeonis
542 4199 691 4264 minutam
713 4207 745 4265 et
766 4201 923 4283 pulchram
944 4218 1036 4281 super
1058 4199 1143 4328 ”2²⁰⁵
1166 4201 1267 4262 maris.

1032 4298 1067 4353 24
