2874 4770
674 173 741 243 433

130 372 267 426 navem,
289 350 439 432 depictam
463 366 534 410 auro
558 353 589 410 et
611 347 779 418 coloribus,
812 365 903 426 quam
924 350 1014 428 vulgo
1035 343 1229 413 Busalorium
1250 370 1305 413 uo·

130 460 260 528 minant,
293 447 378 534 qu‘ae.
395 454 521 514 aestimo
544 452 636 513 latine
658 451 831 531 Bucephala
852 452 961 514 dicitur
987 453 1023 514 ab
1045 472 1124 534 equo
1145 453 1305 519 Alexandri

129 557 241 638 Magni,
266 560 318 637 qui
333 565 394 619 tam
416 557 543 634 insignis
566 563 598 615 et
620 553 747 616 dilectus
762 553 930 618 Alexandro
954 563 1033 628 erat,
1055 564 1088 619 ut
1107 561 1140 619 in
1154 559 1232 630 loco,
1254 561 1305 621 uli

131 671 269 727 mortuus
292 662 402 733 iuerat,
426 661 578 721 civitatem
600 661 754 739 ingentem
778 659 929 721 aedificari
950 660 1121 734 mandaret,
1142 680 1231 741 quem
1244 661 1306 723 Bu·

132 767 290 846 cephalam
310 767 341 825 in
364 766 411 825 sui
435 765 504 842 equi
526 763 673 825 honorem
695 764 876 835 nominarit,
908 769 943 824 ut
963 763 1091 825 habetur
1118 767 1151 825 in
1178 765 1307 844 legende

130 868 289 932 Alexandri
311 865 354 928 M.
385 874 416 928 et
445 869 475 928 in
499 867 631 947 Speculo
663 866 819 928 Historias.
849 865 884 928 L.
906 866 943 929 V.
975 867 1010 928 G.
1032 863 1085 932 49.
1128 867 1243 939 Verum
1263 866 1307 931 ld.

127 973 240 1036 Anton.
271 970 439 1032 Sabellicus
473 971 556 1035 illam
587 987 696 1032 navem
719 968 873 1057 ducalem
909 973 1045 1032 nominat
1073 970 1308 1044 Bucentaurum,

128 1097 185 1158 per
207 1077 416 1139 excellentiam
437 1073 475 1135 ad
491 1073 668 1135 Centauros.
712 1073 798 1134 llanc
812 1072 1018 1153 Bucephalam
1039 1073 1199 1136 adscendit
1219 1093 1308 1154 prae·

129 1182 191 1243 fato
214 1179 263 1241 die
287 1178 346 1240 dux
369 1186 401 1239 et
422 1183 545 1238 senalus
575 1195 643 1238 cum
668 1176 852 1255 patriarcha,
880 1179 1033 1255 episcopis
1056 1186 1088 1238 et
1110 1181 1192 1238 omui
1217 1180 1308 1252 clero,

133 1292 165 1346 et
187 1281 457 1358 concomitantibus
472 1280 573 1341 multis
596 1279 683 1341 valde
709 1280 834 1342 navibus
857 1280 1027 1358 procedunt
1040 1282 1079 1343 ad
1092 1299 1176 1343 mare
1190 1284 1310 1346 solenni

131 1387 325 1467 spectaculo,
356 1392 392 1446 ut
422 1387 512 1445 etiam
545 1382 731 1444 dictumest
765 1382 800 1443 P.
824 1383 848 1444 l.
886 1383 949 1444 Fol
975 1381 1028 1448 37.
1061 1387 1118 1448 sul
1145 1386 1222 1448 vlu.
1258 1387 1309 1448 die

132 1489 222 1574 Maji,
246 1498 276 1551 et
299 1508 355 1569 per
376 1495 455 1550 totas
476 1495 598 1550 octavas
620 1490 807 1549 ascensionis
822 1483 879 1567 (b)
902 1494 973 1549 sunt
993 1489 1088 1551 ieriae
1102 1491 1312 1564 nundinarum,

134 1611 212 1673 quae
235 1610 304 1655 cum
326 1592 499 1654 cottidianis
521 1600 707 1671 peraguntur
726 1591 925 1670 spectaculis,
958 1599 989 1653 et
1012 1611 1195 1673 quamquam
1224 1614 1310 1656 mon-

133 1704 252 1758 struosa
272 1704 344 1758 tuno
364 1697 507 1759 videntur
537 1703 568 1756 et
591 1701 770 1757 exercentur
791 1697 824 1755 in
847 1696 985 1757 omnssms
1008 1699 1100 1758 totius
1123 1699 1208 1759 urbis
1234 1701 1310 1760 vicis
1391 1774 1396 1787 θ

132 1806 170 1861 et
186 1801 312 1879 plateis·
404 1848 409 1856 .

219 1906 363 1966 Similiter
394 1914 426 1967 et
452 1907 484 1966 iu
507 1903 557 1965 die
580 1905 716 1982 corporis
739 1903 850 1965 Christi
884 1911 914 1964 et
936 1906 968 1964 in
998 1908 1175 1985 receptione
1197 1906 1309 1982 princi·

131 2027 204 2090 pum
227 2017 259 2070 et
283 2009 451 2088 legatomm
483 2008 557 2067 mira
579 2006 718 2068 videntur
740 2008 825 2068 etin
847 2005 977 2068 aduentu
1007 2008 1150 2070 classium
1172 2015 1204 2068 et
1225 2010 1308 2088 capi-

130 2117 289 2176 taneorum
311 2114 460 2173 exercitus
484 2129 591 2171 eorum
621 2118 653 2171 et
674 2113 705 2171 in
727 2129 804 2191 pace
826 2110 905 2172 iacta
934 2116 1018 2173 etin
1040 2112 1308 2174 contaederatione

130 2221 230 2299 cupita
252 2220 328 2279 inita
351 2224 382 2278 et
404 2217 521 2278 minata
544 2214 610 2276 dies
632 2215 812 2293 gaudiorum
834 2219 1035 2288 constituunt,
1057 2219 1089 2276 iu
1104 2219 1214 2296 quillus
1235 2235 1310 2277 con·

128 2323 211 2383 tiuue
234 2338 395 2401 campanas
428 2320 550 2400 pulsant
583 2326 615 2379 et
636 2318 675 2380 de
707 2338 777 2381 sero
804 2322 892 2399 ignes
921 2324 952 2382 in
974 2324 1107 2384 turribus
1129 2321 1308 2384 accendunt.

129 2426 175 2487 De
198 2427 247 2489 die
269 2429 299 2487 in
322 2425 449 2487 navibus
473 2423 511 2485 ad
533 2441 616 2484 mare
639 2432 751 2486 exeunt
772 2443 844 2486 cum
873 2427 956 2485 omni
979 2443 1092 2504 genere
1124 2427 1309 2486 musicorum

127 2536 253 2591 etcum
284 2529 457 2590 lombardis
493 2536 525 2589 et
545 2528 612 2589 vela
642 2535 763 2590 vetusta
791 2527 959 2590 incendunt
986 2531 1019 2589 in
1041 2528 1182 2602 navibus,
1215 2536 1247 2588 et
1267 2531 1310 2590 ila

129 2635 205 2694 mira
236 2633 350 2696 iaciunt
382 2635 413 2692 in
446 2632 644 2694 solemnibus.
670 2633 736 2700 ⁴Dc
769 2632 829 2693 hoc
855 2632 925 2694 vide
958 2635 989 2693 in
1018 2632 1052 2694 P.
1074 2633 1097 2694 l.
1131 2632 1171 2695 de
1200 2631 1308 2694 diebus

130 2736 342 2818 supradictis.

201 2840 308 2902 -Porro
331 2841 370 2903 ad
390 2842 442 2902 illa
463 2840 541 2902 testa
563 2839 733 2920 procedunt
754 2840 895 2901 dominae
916 2839 1104 2902 Venetianae
1131 2859 1200 2902 cum
1223 2848 1307 2902 tanto

127 2946 224 3019 tastu,
247 2963 358 3026 pompa
381 2953 413 3006 et
432 2952 555 3017 ornatu,
578 2944 660 3024 quod
682 2963 743 3005 nou
765 2943 905 3006 videntur
927 2944 1164 3006 Christianorum
1186 2959 1306 3016 uxores,

129 3048 185 3110 sed
208 3047 425 3127 Troianorum,
449 3055 481 3110 et
502 3049 599 3128 ipsius
620 3047 757 3110 Helenae
780 3055 811 3109 et
832 3047 960 3110 Veneris
981 3047 1112 3112 sodales.

509 3474 691 3547 llaturitas
726 3470 917 3546 consulum

198 3756 380 3827 -Undecimo
403 3763 567 3848 plurimum
588 3766 758 3846 magnificat
781 3765 888 3827 urbem
910 3763 988 3824 hanc
1003 3768 1128 3824 senatos
1149 3762 1307 3823 maturitas

126 3875 157 3928 et
179 3868 354 3947 prudentia,
390 3873 441 3949 qui
464 3874 566 3933 omnia
598 3871 723 3949 pacifice
758 3871 925 3950 galement
955 3875 986 3930 et
1008 3868 1047 3930 dc
1068 3884 1144 3947 pace
1172 3873 1204 3926 et
1225 3873 1305 3926 tran·

126 3973 272 4050 quillitale
311 3992 385 4036 suae
425 3975 650 4036 communitatis
685 3973 809 4061 cottidie
844 3981 989 4047 tractant,
1028 3970 1198 4034 secuudum
1232 3966 1307 4031 illud

127 4079 284 4156 sapientis:
323 4078 373 4140 ubi
402 4079 497 4140 multa
529 4077 676 4167 consilia,
704 4078 748 4139 ihi
769 4079 864 4140 multa
884 4079 977 4141 salus.
1022 4077 1069 4139 De
1092 4076 1140 4138 his
1166 4076 1306 4156 superius

126 4182 231 4258 patuit.
