<?xml version="1.0" encoding="UTF-8"?>
<!DOCTYPE html PUBLIC "-//W3C//DTD XHTML 1.0 Transitional//EN"
    "http://www.w3.org/TR/xhtml1/DTD/xhtml1-transitional.dtd">
<html xmlns="http://www.w3.org/1999/xhtml" xml:lang="en" lang="en">
 <head>
  <title>
</title>
<meta http-equiv="Content-Type" content="text/html;charset=utf-8" />
  <meta name='ocr-system' content='tesseract 3.04.00' />
  <meta name='ocr-capabilities' content='ocr_page ocr_carea ocr_par ocr_line ocrx_word'/>
</head>
<body>
  <div class='ocr_page' id='page_1' title='image "./fratrisfelicisf00fabrgoog_0064.png"; bbox 0 0 2874 4770; ppageno 0'>
   <div class='ocr_carea' id='block_1_1' title="bbox 690 264 733 375">
    <p class='ocr_par' dir='ltr' id='par_1_1' title="bbox 690 264 733 375">
     <span class='ocr_line' id='line_1_1' title="bbox 690 264 733 375; baseline 0 -37"><span class='ocrx_word' id='word_1_1' title='bbox 690 264 733 375; x_wconf 71' lang='lat' dir='ltr'><strong>ea</strong></span> 
     </span>
    </p>
   </div>
   <div class='ocr_carea' id='block_1_2' title="bbox 125 422 1384 4344">
    <p class='ocr_par' dir='ltr' id='par_1_2' title="bbox 125 422 1321 1962">
     <span class='ocr_line' id='line_1_2' title="bbox 125 422 1300 525; baseline -0.003 -21"><span class='ocrx_word' id='word_1_2' title='bbox 125 441 200 523; x_wconf 85' lang='lat' dir='ltr'><strong>pulli</strong></span> <span class='ocrx_word' id='word_1_3' title='bbox 230 446 295 505; x_wconf 88' lang='lat' dir='ltr'><strong>arte</strong></span> <span class='ocrx_word' id='word_1_4' title='bbox 327 441 367 503; x_wconf 84' lang='lat' dir='ltr'><strong>de</strong></span> <span class='ocrx_word' id='word_1_5' title='bbox 395 443 460 504; x_wconf 85' lang='lat' dir='ltr'><strong>ovis</strong></span> <span class='ocrx_word' id='word_1_6' title='bbox 495 422 597 504; x_wconf 85' lang='lat' dir='ltr'><strong>educti</strong></span> <span class='ocrx_word' id='word_1_7' title='bbox 626 448 749 525; x_wconf 80' lang='lat' dir='ltr'><strong>currunt</strong></span> <span class='ocrx_word' id='word_1_8' title='bbox 780 448 856 523; x_wconf 79' lang='lat' dir='ltr'><strong>post·</strong></span> <span class='ocrx_word' id='word_1_9' title='bbox 880 422 1030 504; x_wconf 79' lang='lat' dir='ltr'><strong>homines</strong></span> <span class='ocrx_word' id='word_1_10' title='bbox 1052 448 1206 522; x_wconf 83' lang='lat' dir='ltr'><strong>tamquam</strong></span> <span class='ocrx_word' id='word_1_11' title='bbox 1229 443 1300 519; x_wconf 83' lang='lat' dir='ltr'><strong>post</strong></span> 
     </span>
     <span class='ocr_line' id='line_1_3' title="bbox 127 506 1321 626; baseline -0.002 -20"><span class='ocrx_word' id='word_1_12' title='bbox 127 546 275 624; x_wconf 75' lang='lat' dir='ltr'><strong>gallinam:</strong></span> <span class='ocrx_word' id='word_1_13' title='bbox 320 542 408 607; x_wconf 82' lang='lat' dir='ltr'>Unde</span> <span class='ocrx_word' id='word_1_14' title='bbox 431 563 485 606; x_wconf 89' lang='lat' dir='ltr'><strong>eos</strong></span> <span class='ocrx_word' id='word_1_15' title='bbox 509 545 624 606; x_wconf 89' lang='lat' dir='ltr'><strong>ducens</strong></span> <span class='ocrx_word' id='word_1_16' title='bbox 647 506 732 607; x_wconf 43' lang='lat' dir='ltr'><strong>tc&amp;</strong></span> <span class='ocrx_word' id='word_1_17' title='bbox 755 548 980 626; x_wconf 70' lang='lat' dir='ltr'><strong>manuringam</strong></span> <span class='ocrx_word' id='word_1_18' title='bbox 1003 548 1133 626; x_wconf 86' lang='lat' dir='ltr'><strong>longam,</strong></span> <span class='ocrx_word' id='word_1_19' title='bbox 1157 548 1189 606; x_wconf 92' lang='lat' dir='ltr'><strong>in</strong></span> <span class='ocrx_word' id='word_1_20' title='bbox 1212 542 1321 621; x_wconf 85' lang='lat' dir='ltr'><strong>cujus·</strong></span> 
     </span>
     <span class='ocr_line' id='line_1_4' title="bbox 127 647 1307 730; baseline -0.001 -22"><span class='ocrx_word' id='word_1_21' title='bbox 127 649 302 711; x_wconf 80' lang='lat' dir='ltr'><strong>summitate</strong></span> <span class='ocrx_word' id='word_1_22' title='bbox 324 649 511 730; x_wconf 87' lang='lat' dir='ltr'><strong>manipulum</strong></span> <span class='ocrx_word' id='word_1_23' title='bbox 534 667 701 727; x_wconf 91' lang='lat' dir='ltr'><strong>pennarum</strong></span> <span class='ocrx_word' id='word_1_24' title='bbox 728 649 818 709; x_wconf 87' lang='lat' dir='ltr'><strong>babet</strong></span> <span class='ocrx_word' id='word_1_25' title='bbox 849 648 1020 728; x_wconf 81' lang='lat' dir='ltr'><strong>alligatum,</strong></span> <span class='ocrx_word' id='word_1_26' title='bbox 1053 652 1132 711; x_wconf 84' lang='lat' dir='ltr'><strong>sicut</strong></span> <span class='ocrx_word' id='word_1_27' title='bbox 1153 647 1217 718; x_wconf 93' lang='lat' dir='ltr'><strong>illi,</strong></span> <span class='ocrx_word' id='word_1_28' title='bbox 1248 648 1307 725; x_wconf 83' lang='lat' dir='ltr'><strong>qui·</strong></span> 
     </span>
     <span class='ocr_line' id='line_1_5' title="bbox 127 738 1299 832; baseline -0.002 -20"><span class='ocrx_word' id='word_1_29' title='bbox 127 751 231 812; x_wconf 86' lang='lat' dir='ltr'><strong>volunt</strong></span> <span class='ocrx_word' id='word_1_30' title='bbox 253 752 398 812; x_wconf 88' lang='lat' dir='ltr'><strong>mundare</strong></span> <span class='ocrx_word' id='word_1_31' title='bbox 422 753 498 813; x_wconf 91' lang='lat' dir='ltr'><strong>altos</strong></span> <span class='ocrx_word' id='word_1_32' title='bbox 522 738 662 831; x_wconf 81' lang='lat' dir='ltr'><strong>parietes.</strong></span> <span class='ocrx_word' id='word_1_33' title='bbox 706 750 787 829; x_wconf 71' lang='lat' dir='ltr'><strong>ilum</strong></span> <span class='ocrx_word' id='word_1_34' title='bbox 819 752 870 831; x_wconf 73' lang='lat' dir='ltr'><strong>illa</strong></span> <span class='ocrx_word' id='word_1_35' title='bbox 904 746 977 831; x_wconf 80' lang='lat' dir='ltr'><strong>ergo</strong></span> <span class='ocrx_word' id='word_1_36' title='bbox 1006 756 1089 832; x_wconf 79' lang='lat' dir='ltr'><strong>virga</strong></span> <span class='ocrx_word' id='word_1_37' title='bbox 1112 750 1299 832; x_wconf 85' lang='lat' dir='ltr'><strong>praecedunt</strong></span> 
     </span>
     <span class='ocr_line' id='line_1_6' title="bbox 126 836 1301 935; baseline -0.001 -21"><span class='ocrx_word' id='word_1_38' title='bbox 126 871 251 932; x_wconf 83' lang='lat' dir='ltr'><strong>gregem</strong></span> <span class='ocrx_word' id='word_1_39' title='bbox 273 855 433 934; x_wconf 91' lang='lat' dir='ltr'><strong>pullorum,</strong></span> <span class='ocrx_word' id='word_1_40' title='bbox 456 862 581 916; x_wconf 87' lang='lat' dir='ltr'><strong>etcum</strong></span> <span class='ocrx_word' id='word_1_41' title='bbox 607 872 642 916; x_wconf 89' lang='lat' dir='ltr'><strong>ca</strong></span> <span class='ocrx_word' id='word_1_42' title='bbox 665 846 775 915; x_wconf 86' lang='lat' dir='ltr'><strong>terram</strong></span> <span class='ocrx_word' id='word_1_43' title='bbox 798 836 875 927; x_wconf 53' lang='lat' dir='ltr'><strong>via&#39;c,</strong></span> <span class='ocrx_word' id='word_1_44' title='bbox 898 873 1058 935; x_wconf 88' lang='lat' dir='ltr'><strong>perquam</strong></span> <span class='ocrx_word' id='word_1_45' title='bbox 1074 855 1171 934; x_wconf 87' lang='lat' dir='ltr'><strong>pullos</strong></span> <span class='ocrx_word' id='word_1_46' title='bbox 1187 854 1301 915; x_wconf 90' lang='lat' dir='ltr'><strong>ducere</strong></span> 
     </span>
     <span class='ocr_line' id='line_1_7' title="bbox 126 957 1302 1039; baseline 0 -22"><span class='ocrx_word' id='word_1_47' title='bbox 126 957 271 1029; x_wconf 78' lang='lat' dir='ltr'>intendit,</span> <span class='ocrx_word' id='word_1_48' title='bbox 305 960 581 1035; x_wconf 84' lang='lat' dir='ltr'><strong>everrittanquam</strong></span> <span class='ocrx_word' id='word_1_49' title='bbox 612 975 761 1036; x_wconf 75' lang='lat' dir='ltr'><strong>scopans,</strong></span> <span class='ocrx_word' id='word_1_50' title='bbox 797 964 827 1017; x_wconf 89' lang='lat' dir='ltr'><strong>et</strong></span> <span class='ocrx_word' id='word_1_51' title='bbox 861 970 968 1021; x_wconf 84' lang='lat' dir='ltr'><strong>everso</strong></span> <span class='ocrx_word' id='word_1_52' title='bbox 991 960 1118 1039; x_wconf 87' lang='lat' dir='ltr'><strong>pulvere</strong></span> <span class='ocrx_word' id='word_1_53' title='bbox 1141 961 1302 1019; x_wconf 82' lang='lat' dir='ltr'><strong>accurrunt</strong></span> 
     </span>
     <span class='ocr_line' id='line_1_8' title="bbox 128 1059 1303 1141; baseline -0.003 -20"><span class='ocrx_word' id='word_1_54' title='bbox 128 1059 264 1139; x_wconf 87' lang='lat' dir='ltr'><strong>gallinae,</strong></span> <span class='ocrx_word' id='word_1_55' title='bbox 289 1060 367 1138; x_wconf 88' lang='lat' dir='ltr'><strong>galli,</strong></span> <span class='ocrx_word' id='word_1_56' title='bbox 391 1063 475 1140; x_wconf 90' lang='lat' dir='ltr'><strong>parvi</strong></span> <span class='ocrx_word' id='word_1_57' title='bbox 499 1066 530 1120; x_wconf 88' lang='lat' dir='ltr'><strong>et</strong></span> <span class='ocrx_word' id='word_1_58' title='bbox 552 1062 662 1137; x_wconf 89' lang='lat' dir='ltr'><strong>magni,</strong></span> <span class='ocrx_word' id='word_1_59' title='bbox 688 1068 719 1121; x_wconf 88' lang='lat' dir='ltr'><strong>ct</strong></span> <span class='ocrx_word' id='word_1_60' title='bbox 741 1079 831 1138; x_wconf 90' lang='lat' dir='ltr'><strong>grana</strong></span> <span class='ocrx_word' id='word_1_61' title='bbox 855 1069 1012 1141; x_wconf 88' lang='lat' dir='ltr'><strong>quaerunt,</strong></span> <span class='ocrx_word' id='word_1_62' title='bbox 1044 1063 1137 1122; x_wconf 88' lang='lat' dir='ltr'><strong>etita</strong></span> <span class='ocrx_word' id='word_1_63' title='bbox 1160 1062 1303 1121; x_wconf 88' lang='lat' dir='ltr'><strong>continue</strong></span> 
     </span>
     <span class='ocr_line' id='line_1_9' title="bbox 126 1151 1300 1249; baseline -0.002 -26"><span class='ocrx_word' id='word_1_64' title='bbox 126 1169 296 1242; x_wconf 85' lang='lat' dir='ltr'><strong>sequuntur</strong></span> <span class='ocrx_word' id='word_1_65' title='bbox 317 1169 349 1225; x_wconf 91' lang='lat' dir='ltr'><strong>et</strong></span> <span class='ocrx_word' id='word_1_66' title='bbox 372 1172 496 1249; x_wconf 75' lang='lat' dir='ltr'><strong>currunt</strong></span> <span class='ocrx_word' id='word_1_67' title='bbox 510 1151 580 1242; x_wconf 90' lang='lat' dir='ltr'><strong>post</strong></span> <span class='ocrx_word' id='word_1_68' title='bbox 594 1164 689 1235; x_wconf 92' lang='lat' dir='ltr'><strong>illurn,</strong></span> <span class='ocrx_word' id='word_1_69' title='bbox 713 1166 764 1242; x_wconf 90' lang='lat' dir='ltr'><strong>qui</strong></span> <span class='ocrx_word' id='word_1_70' title='bbox 782 1167 1010 1225; x_wconf 87' lang='lat' dir='ltr'><strong>continuecum</strong></span> <span class='ocrx_word' id='word_1_71' title='bbox 1032 1166 1138 1243; x_wconf 89' lang='lat' dir='ltr'><strong>pennis</strong></span> <span class='ocrx_word' id='word_1_72' title='bbox 1155 1164 1300 1242; x_wconf 81' lang='lat' dir='ltr'><strong>pulveres</strong></span> 
     </span>
     <span class='ocr_line' id='line_1_10' title="bbox 128 1252 1302 1348; baseline -0.005 -18"><span class='ocrx_word' id='word_1_73' title='bbox 128 1252 200 1348; x_wconf 55' lang='grc' dir='ltr'><strong>(θ’Ῑῦ</strong></span> <span class='ocrx_word' id='word_1_74' title='bbox 217 1262 262 1344; x_wconf 76' lang='lat' dir='ltr'><strong>a)</strong></span> <span class='ocrx_word' id='word_1_75' title='bbox 286 1269 414 1338; x_wconf 84' lang='lat' dir='ltr'><strong>everrit,</strong></span> <span class='ocrx_word' id='word_1_76' title='bbox 450 1269 555 1346; x_wconf 85' lang='lat' dir='ltr'><strong>sicque</strong></span> <span class='ocrx_word' id='word_1_77' title='bbox 578 1267 668 1326; x_wconf 88' lang='lat' dir='ltr'><strong>simul</strong></span> <span class='ocrx_word' id='word_1_78' title='bbox 692 1274 723 1328; x_wconf 90' lang='lat' dir='ltr'><strong>et</strong></span> <span class='ocrx_word' id='word_1_79' title='bbox 745 1269 837 1328; x_wconf 88' lang='lat' dir='ltr'><strong>simul</strong></span> <span class='ocrx_word' id='word_1_80' title='bbox 858 1268 942 1329; x_wconf 91' lang='lat' dir='ltr'><strong>ducit</strong></span> <span class='ocrx_word' id='word_1_81' title='bbox 965 1266 1003 1328; x_wconf 91' lang='lat' dir='ltr'><strong>ad</strong></span> <span class='ocrx_word' id='word_1_82' title='bbox 1026 1267 1124 1328; x_wconf 86' lang='lat' dir='ltr'><strong>lorum</strong></span> <span class='ocrx_word' id='word_1_83' title='bbox 1148 1263 1302 1344; x_wconf 87' lang='lat' dir='ltr'><strong>quendam</strong></span> 
     </span>
     <span class='ocr_line' id='line_1_11' title="bbox 128 1368 1305 1449; baseline -0.005 -15"><span class='ocrx_word' id='word_1_84' title='bbox 128 1368 206 1435; x_wconf 61' lang='lat' dir='ltr'><strong>sstra</strong></span> <span class='ocrx_word' id='word_1_85' title='bbox 229 1371 409 1448; x_wconf 82' lang='lat' dir='ltr'><strong>quingentos</strong></span> <span class='ocrx_word' id='word_1_86' title='bbox 432 1371 540 1449; x_wconf 90' lang='lat' dir='ltr'><strong>pullos,</strong></span> <span class='ocrx_word' id='word_1_87' title='bbox 563 1388 621 1431; x_wconf 90' lang='lat' dir='ltr'><strong>nec</strong></span> <span class='ocrx_word' id='word_1_88' title='bbox 642 1371 760 1448; x_wconf 84' lang='lat' dir='ltr'><strong>lugiunt</strong></span> <span class='ocrx_word' id='word_1_89' title='bbox 783 1371 910 1442; x_wconf 90' lang='lat' dir='ltr'><strong>abillo,</strong></span> <span class='ocrx_word' id='word_1_90' title='bbox 945 1373 1036 1431; x_wconf 85' lang='lat' dir='ltr'><strong>etiarn</strong></span> <span class='ocrx_word' id='word_1_91' title='bbox 1058 1369 1229 1431; x_wconf 89' lang='lat' dir='ltr'><strong>bominibus</strong></span> <span class='ocrx_word' id='word_1_92' title='bbox 1253 1372 1305 1428; x_wconf 90' lang='lat' dir='ltr'><strong>aut</strong></span> 
     </span>
     <span class='ocr_line' id='line_1_12' title="bbox 125 1460 1303 1552; baseline -0.002 -20"><span class='ocrx_word' id='word_1_93' title='bbox 125 1468 273 1548; x_wconf 84' lang='lat' dir='ltr'><strong>jnmentis</strong></span> <span class='ocrx_word' id='word_1_94' title='bbox 287 1460 525 1535; x_wconf 79' lang='lat' dir='ltr'><strong>occurrentibus.</strong></span> <span class='ocrx_word' id='word_1_95' title='bbox 553 1472 591 1534; x_wconf 81' lang='lat' dir='ltr'><strong>Et</strong></span> <span class='ocrx_word' id='word_1_96' title='bbox 605 1476 742 1552; x_wconf 86' lang='lat' dir='ltr'><strong>quamvis</strong></span> <span class='ocrx_word' id='word_1_97' title='bbox 751 1474 787 1534; x_wconf 89' lang='lat' dir='ltr'><strong>id</strong></span> <span class='ocrx_word' id='word_1_98' title='bbox 802 1474 940 1536; x_wconf 81' lang='lat' dir='ltr'><strong>fictitium</strong></span> <span class='ocrx_word' id='word_1_99' title='bbox 954 1473 1050 1535; x_wconf 88' lang='lat' dir='ltr'><strong>rideri</strong></span> <span class='ocrx_word' id='word_1_100' title='bbox 1073 1475 1179 1551; x_wconf 86' lang='lat' dir='ltr'><strong>possit,</strong></span> <span class='ocrx_word' id='word_1_101' title='bbox 1202 1478 1303 1531; x_wconf 89' lang='lat' dir='ltr'><strong>tamen</strong></span> 
     </span>
     <span class='ocr_line' id='line_1_13' title="bbox 129 1575 1303 1656; baseline -0.003 -21"><span class='ocrx_word' id='word_1_102' title='bbox 129 1588 233 1637; x_wconf 80' lang='lat' dir='ltr'><strong>reuera</strong></span> <span class='ocrx_word' id='word_1_103' title='bbox 263 1577 305 1636; x_wconf 88' lang='lat' dir='ltr'><strong>ita</strong></span> <span class='ocrx_word' id='word_1_104' title='bbox 344 1594 413 1637; x_wconf 82' lang='lat' dir='ltr'><strong>sese</strong></span> <span class='ocrx_word' id='word_1_105' title='bbox 445 1577 544 1637; x_wconf 87' lang='lat' dir='ltr'><strong>babet.</strong></span> <span class='ocrx_word' id='word_1_106' title='bbox 590 1576 737 1639; x_wconf 77' lang='lat' dir='ltr'><strong>Nimirum</strong></span> <span class='ocrx_word' id='word_1_107' title='bbox 770 1578 910 1639; x_wconf 87' lang='lat' dir='ltr'><strong>animalia</strong></span> <span class='ocrx_word' id='word_1_108' title='bbox 942 1578 1008 1648; x_wconf 90' lang='lat' dir='ltr'><strong>illa,</strong></span> <span class='ocrx_word' id='word_1_109' title='bbox 1042 1594 1119 1656; x_wconf 90' lang='lat' dir='ltr'><strong>quae</strong></span> <span class='ocrx_word' id='word_1_110' title='bbox 1154 1575 1303 1635; x_wconf 88' lang='lat' dir='ltr'><strong>humanae</strong></span> 
     </span>
     <span class='ocr_line' id='line_1_14' title="bbox 128 1676 1302 1759; baseline -0.003 -20"><span class='ocrx_word' id='word_1_111' title='bbox 128 1678 204 1739; x_wconf 84' lang='lat' dir='ltr'><strong>artis</strong></span> <span class='ocrx_word' id='word_1_112' title='bbox 217 1676 371 1741; x_wconf 86' lang='lat' dir='ltr'><strong>industria</strong></span> <span class='ocrx_word' id='word_1_113' title='bbox 385 1680 577 1751; x_wconf 71' lang='lat' dir='ltr'><strong>excubamus,</strong></span> <span class='ocrx_word' id='word_1_114' title='bbox 602 1680 865 1759; x_wconf 75' lang='lat' dir='ltr'><strong>disciplinabilium</strong></span> <span class='ocrx_word' id='word_1_115' title='bbox 880 1687 951 1741; x_wconf 89' lang='lat' dir='ltr'><strong>sunt</strong></span> <span class='ocrx_word' id='word_1_116' title='bbox 965 1682 1021 1752; x_wconf 89' lang='lat' dir='ltr'><strong>bis,</strong></span> <span class='ocrx_word' id='word_1_117' title='bbox 1039 1698 1116 1758; x_wconf 90' lang='lat' dir='ltr'><strong>quae</strong></span> <span class='ocrx_word' id='word_1_118' title='bbox 1132 1676 1302 1740; x_wconf 83' lang='lat' dir='ltr'><strong>secuudum</strong></span> 
     </span>
     <span class='ocr_line' id='line_1_15' title="bbox 129 1780 1303 1885; baseline -0.001 -45"><span class='ocrx_word' id='word_1_119' title='bbox 129 1786 255 1841; x_wconf 81' lang='lat' dir='ltr'><strong>naturae</strong></span> <span class='ocrx_word' id='word_1_120' title='bbox 276 1782 508 1885; x_wconf 56' lang='lat' dir='ltr'><strong>boacgypcciem</strong></span> <span class='ocrx_word' id='word_1_121' title='bbox 540 1790 740 1861; x_wconf 60' lang='lat' dir='ltr'><strong>generantum</strong></span> <span class='ocrx_word' id='word_1_122' title='bbox 772 1792 941 1861; x_wconf 89' lang='lat' dir='ltr'><strong>sequuntur</strong></span> <span class='ocrx_word' id='word_1_123' title='bbox 964 1786 1044 1845; x_wconf 87' lang='lat' dir='ltr'><strong>enim</strong></span> <span class='ocrx_word' id='word_1_124' title='bbox 1076 1783 1214 1843; x_wconf 87' lang='lat' dir='ltr'><strong>homines</strong></span> <span class='ocrx_word' id='word_1_125' title='bbox 1248 1780 1303 1850; x_wconf 87' lang='lat' dir='ltr'><strong>sic,</strong></span> 
     </span>
     <span class='ocr_line' id='line_1_16' title="bbox 130 1850 498 1962; baseline 0.008 -19"><span class='ocrx_word' id='word_1_126' title='bbox 130 1890 164 1943; x_wconf 93' lang='lat' dir='ltr'><strong>ut</strong></span> <span class='ocrx_word' id='word_1_127' title='bbox 187 1884 259 1962; x_wconf 92' lang='lat' dir='ltr'><strong>pulli</strong></span> <span class='ocrx_word' id='word_1_128' title='bbox 283 1850 498 1955; x_wconf 56' lang='lat' dir='ltr'><strong>affimatrcs.</strong></span> 
     </span>
    </p>

    <p class='ocr_par' dir='ltr' id='par_1_3' title="bbox 129 1986 1384 4344">
     <span class='ocr_line' id='line_1_17' title="bbox 218 1986 1304 2068; baseline 0.003 -23"><span class='ocrx_word' id='word_1_129' title='bbox 218 1986 269 2048; x_wconf 89' lang='lat' dir='ltr'><strong>Sic</strong></span> <span class='ocrx_word' id='word_1_130' title='bbox 292 1989 384 2049; x_wconf 87' lang='lat' dir='ltr'><strong>etiarn</strong></span> <span class='ocrx_word' id='word_1_131' title='bbox 399 1992 479 2068; x_wconf 86' lang='lat' dir='ltr'><strong>ipsas</strong></span> <span class='ocrx_word' id='word_1_132' title='bbox 496 1990 649 2052; x_wconf 90' lang='lat' dir='ltr'><strong>columbas</strong></span> <span class='ocrx_word' id='word_1_133' title='bbox 673 1993 749 2051; x_wconf 88' lang='lat' dir='ltr'><strong>mira</strong></span> <span class='ocrx_word' id='word_1_134' title='bbox 770 1993 906 2053; x_wconf 88' lang='lat' dir='ltr'><strong>nutriunt</strong></span> <span class='ocrx_word' id='word_1_135' title='bbox 929 1998 1001 2063; x_wconf 88' lang='lat' dir='ltr'><strong>arte,</strong></span> <span class='ocrx_word' id='word_1_136' title='bbox 1025 1993 1074 2062; x_wconf 89' lang='lat' dir='ltr'><strong>ita,</strong></span> <span class='ocrx_word' id='word_1_137' title='bbox 1098 1995 1132 2051; x_wconf 89' lang='lat' dir='ltr'><strong>ut</strong></span> <span class='ocrx_word' id='word_1_138' title='bbox 1154 1990 1192 2050; x_wconf 88' lang='lat' dir='ltr'><strong>de</strong></span> <span class='ocrx_word' id='word_1_139' title='bbox 1214 1990 1304 2067; x_wconf 81' lang='lat' dir='ltr'><strong>pastu</strong></span> 
     </span>
     <span class='ocr_line' id='line_1_18' title="bbox 129 2090 1305 2161; baseline 0.003 -12"><span class='ocrx_word' id='word_1_140' title='bbox 129 2096 319 2151; x_wconf 85' lang='lat' dir='ltr'><strong>revertentes</strong></span> <span class='ocrx_word' id='word_1_141' title='bbox 342 2111 401 2153; x_wconf 92' lang='lat' dir='ltr'><strong>non</strong></span> <span class='ocrx_word' id='word_1_142' title='bbox 425 2094 486 2154; x_wconf 88' lang='lat' dir='ltr'><strong>nisi</strong></span> <span class='ocrx_word' id='word_1_143' title='bbox 506 2094 543 2154; x_wconf 91' lang='lat' dir='ltr'><strong>ad</strong></span> <span class='ocrx_word' id='word_1_144' title='bbox 566 2113 636 2156; x_wconf 84' lang='lat' dir='ltr'><strong>suas</strong></span> <span class='ocrx_word' id='word_1_145' title='bbox 652 2095 800 2155; x_wconf 80' lang='lat' dir='ltr'><strong>fenestras</strong></span> <span class='ocrx_word' id='word_1_146' title='bbox 815 2095 917 2156; x_wconf 88' lang='lat' dir='ltr'><strong>volent</strong></span> <span class='ocrx_word' id='word_1_147' title='bbox 932 2102 962 2155; x_wconf 89' lang='lat' dir='ltr'><strong>ct</strong></span> <span class='ocrx_word' id='word_1_148' title='bbox 976 2095 1048 2155; x_wconf 89' lang='lat' dir='ltr'><strong>alias</strong></span> <span class='ocrx_word' id='word_1_149' title='bbox 1064 2110 1170 2154; x_wconf 89' lang='lat' dir='ltr'><strong>secum</strong></span> <span class='ocrx_word' id='word_1_150' title='bbox 1183 2090 1305 2161; x_wconf 81' lang='lat' dir='ltr'><strong>ducant,</strong></span> 
     </span>
     <span class='ocr_line' id='line_1_19' title="bbox 131 2184 1307 2301; baseline 0.002 -49"><span class='ocrx_word' id='word_1_151' title='bbox 131 2199 162 2252; x_wconf 90' lang='lat' dir='ltr'><strong>et</strong></span> <span class='ocrx_word' id='word_1_152' title='bbox 184 2211 338 2301; x_wconf 56' lang='lat' dir='ltr'><strong>nucupam</strong></span> <span class='ocrx_word' id='word_1_153' title='bbox 369 2200 451 2258; x_wconf 83' lang='lat' dir='ltr'><strong>extra</strong></span> <span class='ocrx_word' id='word_1_154' title='bbox 483 2197 594 2259; x_wconf 89' lang='lat' dir='ltr'><strong>diutius</strong></span> <span class='ocrx_word' id='word_1_155' title='bbox 622 2207 782 2271; x_wconf 75' lang='lat' dir='ltr'><strong>rmncanr,</strong></span> <span class='ocrx_word' id='word_1_156' title='bbox 813 2199 869 2260; x_wconf 90' lang='lat' dir='ltr'><strong>scd</strong></span> <span class='ocrx_word' id='word_1_157' title='bbox 892 2217 962 2259; x_wconf 92' lang='lat' dir='ltr'><strong>curn</strong></span> <span class='ocrx_word' id='word_1_158' title='bbox 986 2184 1159 2258; x_wconf 79' lang='lat' dir='ltr'><strong>festinantia</strong></span> <span class='ocrx_word' id='word_1_159' title='bbox 1193 2190 1307 2255; x_wconf 73' lang='lat' dir='ltr'><strong>adm</strong></span> 
     </span>
     <span class='ocr_line' id='line_1_20' title="bbox 130 2296 1315 2383; baseline 0.001 -28"><span class='ocrx_word' id='word_1_160' title='bbox 130 2296 375 2383; x_wconf 69' lang='lat' dir='ltr'><strong>locdsrcvolcnt,</strong></span> <span class='ocrx_word' id='word_1_161' title='bbox 409 2303 527 2362; x_wconf 87' lang='lat' dir='ltr'><strong>etiarnsi</strong></span> <span class='ocrx_word' id='word_1_162' title='bbox 558 2320 613 2380; x_wconf 90' lang='lat' dir='ltr'><strong>per</strong></span> <span class='ocrx_word' id='word_1_163' title='bbox 640 2302 734 2362; x_wconf 91' lang='lat' dir='ltr'><strong>multa</strong></span> <span class='ocrx_word' id='word_1_164' title='bbox 765 2300 902 2362; x_wconf 90' lang='lat' dir='ltr'><strong>milliaria</strong></span> <span class='ocrx_word' id='word_1_165' title='bbox 933 2308 1015 2362; x_wconf 81' lang='lat' dir='ltr'><strong>cntra</strong></span> <span class='ocrx_word' id='word_1_166' title='bbox 1045 2308 1154 2361; x_wconf 87' lang='lat' dir='ltr'><strong>terram</strong></span> <span class='ocrx_word' id='word_1_167' title='bbox 1178 2296 1315 2371; x_wconf 67' lang='lat' dir='ltr'><strong>edecus„</strong></span> 
     </span>
     <span class='ocr_line' id='line_1_21' title="bbox 131 2394 1305 2485; baseline 0.003 -28"><span class='ocrx_word' id='word_1_168' title='bbox 131 2399 262 2459; x_wconf 59' lang='lat' dir='ltr'><strong>luerint*</strong></span> <span class='ocrx_word' id='word_1_169' title='bbox 296 2394 384 2463; x_wconf 91' lang='lat' dir='ltr'><strong>Unde</strong></span> <span class='ocrx_word' id='word_1_170' title='bbox 415 2406 440 2463; x_wconf 89' lang='lat' dir='ltr'><strong>si</strong></span> <span class='ocrx_word' id='word_1_171' title='bbox 471 2407 537 2482; x_wconf 85' lang='lat' dir='ltr'><strong>quis</strong></span> <span class='ocrx_word' id='word_1_172' title='bbox 567 2407 598 2464; x_wconf 92' lang='lat' dir='ltr'><strong>in</strong></span> <span class='ocrx_word' id='word_1_173' title='bbox 629 2423 718 2466; x_wconf 84' lang='lat' dir='ltr'><strong>cavea</strong></span> <span class='ocrx_word' id='word_1_174' title='bbox 750 2404 848 2467; x_wconf 85' lang='lat' dir='ltr'><strong>llvel</strong></span> <span class='ocrx_word' id='word_1_175' title='bbox 871 2403 913 2464; x_wconf 86' lang='lat' dir='ltr'><strong>lll</strong></span> <span class='ocrx_word' id='word_1_176' title='bbox 944 2404 1047 2484; x_wconf 88' lang='lat' dir='ltr'><strong>plures</strong></span> <span class='ocrx_word' id='word_1_177' title='bbox 1071 2409 1122 2464; x_wconf 84' lang='lat' dir='ltr'><strong>aut</strong></span> <span class='ocrx_word' id='word_1_178' title='bbox 1143 2402 1305 2485; x_wconf 65' lang='lat' dir='ltr'><strong>pflciorcs</strong></span> 
     </span>
     <span class='ocr_line' id='line_1_22' title="bbox 133 2500 1302 2588; baseline -0.002 -25"><span class='ocrx_word' id='word_1_179' title='bbox 133 2500 285 2587; x_wconf 61' lang='lat' dir='ltr'><strong>cglq&#39;nbas</strong></span> <span class='ocrx_word' id='word_1_180' title='bbox 308 2507 445 2569; x_wconf 80' lang='lat' dir='ltr'><strong>eduxerit</strong></span> <span class='ocrx_word' id='word_1_181' title='bbox 477 2528 532 2588; x_wconf 90' lang='lat' dir='ltr'><strong>per</strong></span> <span class='ocrx_word' id='word_1_182' title='bbox 555 2511 643 2588; x_wconf 88' lang='lat' dir='ltr'><strong>longa</strong></span> <span class='ocrx_word' id='word_1_183' title='bbox 666 2516 814 2570; x_wconf 89' lang='lat' dir='ltr'><strong>terrarum</strong></span> <span class='ocrx_word' id='word_1_184' title='bbox 837 2510 942 2587; x_wconf 88' lang='lat' dir='ltr'><strong>spatia,</strong></span> <span class='ocrx_word' id='word_1_185' title='bbox 966 2512 997 2567; x_wconf 90' lang='lat' dir='ltr'><strong>et</strong></span> <span class='ocrx_word' id='word_1_186' title='bbox 1018 2509 1060 2568; x_wconf 87' lang='lat' dir='ltr'><strong>ibi</strong></span> <span class='ocrx_word' id='word_1_187' title='bbox 1082 2522 1134 2566; x_wconf 86' lang='lat' dir='ltr'><strong>eas</strong></span> <span class='ocrx_word' id='word_1_188' title='bbox 1157 2502 1302 2571; x_wconf 78' lang='lat' dir='ltr'><strong>emiserit,</strong></span> 
     </span>
     <span class='ocr_line' id='line_1_23' title="bbox 133 2582 1333 2699; baseline -0.002 -31"><span class='ocrx_word' id='word_1_189' title='bbox 133 2616 191 2693; x_wconf 19' lang='lat' dir='ltr'><strong>mo,-</strong></span> <span class='ocrx_word' id='word_1_190' title='bbox 214 2582 364 2679; x_wconf 52' lang='lat' dir='ltr'><strong>stanuum</strong></span> <span class='ocrx_word' id='word_1_191' title='bbox 388 2612 604 2674; x_wconf 90' lang='lat' dir='ltr'><strong>columbarium</strong></span> <span class='ocrx_word' id='word_1_192' title='bbox 618 2619 816 2684; x_wconf 90' lang='lat' dir='ltr'><strong>revertentur,</strong></span> <span class='ocrx_word' id='word_1_193' title='bbox 832 2617 863 2671; x_wconf 89' lang='lat' dir='ltr'><strong>et</strong></span> <span class='ocrx_word' id='word_1_194' title='bbox 877 2610 946 2671; x_wconf 88' lang='lat' dir='ltr'><strong>idco</strong></span> <span class='ocrx_word' id='word_1_195' title='bbox 962 2608 1118 2671; x_wconf 91' lang='lat' dir='ltr'><strong>columbae</strong></span> <span class='ocrx_word' id='word_1_196' title='bbox 1133 2606 1165 2666; x_wconf 90' lang='lat' dir='ltr'><strong>ln</strong></span> <span class='ocrx_word' id='word_1_197' title='bbox 1179 2605 1306 2699; x_wconf 54' lang='lat' dir='ltr'><strong>Oriente</strong></span> <span class='ocrx_word' id='word_1_198' title='bbox 1329 2650 1333 2655; x_wconf 80' lang='lat'>-</span> 
     </span>
     <span class='ocr_line' id='line_1_24' title="bbox 132 2686 1306 2801; baseline 0.004 -31"><span class='ocrx_word' id='word_1_199' title='bbox 132 2704 163 2770; x_wconf 88' lang='lat' dir='ltr'><strong>s&#39;</strong></span> <span class='ocrx_word' id='word_1_200' title='bbox 178 2792 189 2801; x_wconf 92' lang='lat'><strong>..</strong></span> <span class='ocrx_word' id='word_1_201' title='bbox 291 2712 350 2774; x_wconf 81' lang='lat' dir='ltr'><strong>siae</strong></span> <span class='ocrx_word' id='word_1_202' title='bbox 374 2732 481 2793; x_wconf 79' lang='lat' dir='ltr'><strong>regum</strong></span> <span class='ocrx_word' id='word_1_203' title='bbox 504 2724 535 2777; x_wconf 90' lang='lat' dir='ltr'><strong>et</strong></span> <span class='ocrx_word' id='word_1_204' title='bbox 557 2720 736 2796; x_wconf 72' lang='lat' dir='ltr'><strong>perlatrices</strong></span> <span class='ocrx_word' id='word_1_205' title='bbox 759 2716 934 2786; x_wconf 89' lang='lat' dir='ltr'><strong>litterarum,</strong></span> <span class='ocrx_word' id='word_1_206' title='bbox 958 2719 989 2774; x_wconf 88' lang='lat' dir='ltr'><strong>et</strong></span> <span class='ocrx_word' id='word_1_207' title='bbox 1011 2686 1306 2799; x_wconf 52' lang='lat' dir='ltr'><strong>nondumne-fabi·</strong></span> 
     </span>
     <span class='ocr_line' id='line_1_25' title="bbox 132 2798 1307 2898; baseline -0.003 -25"><span class='ocrx_word' id='word_1_208' title='bbox 132 2808 331 2885; x_wconf 70' lang='lat' dir='ltr'><strong>mediantibus</strong></span> <span class='ocrx_word' id='word_1_209' title='bbox 360 2818 547 2896; x_wconf 76' lang='lat' dir='ltr'><strong>proditiones</strong></span> <span class='ocrx_word' id='word_1_210' title='bbox 580 2839 741 2898; x_wconf 90' lang='lat' dir='ltr'><strong>regnorum</strong></span> <span class='ocrx_word' id='word_1_211' title='bbox 771 2826 800 2878; x_wconf 88' lang='lat' dir='ltr'><strong>et</strong></span> <span class='ocrx_word' id='word_1_212' title='bbox 831 2818 985 2879; x_wconf 89' lang='lat' dir='ltr'><strong>civitatum</strong></span> <span class='ocrx_word' id='word_1_213' title='bbox 1017 2804 1107 2887; x_wconf 72' lang='lat' dir='ltr'><strong>liunt,</strong></span> <span class='ocrx_word' id='word_1_214' title='bbox 1140 2798 1249 2885; x_wconf 60' lang='lat' dir='ltr'><strong>e&#39;f&#39;eod</strong></span> <span class='ocrx_word' id='word_1_215' title='bbox 1276 2810 1307 2871; x_wconf 93' lang='lat' dir='ltr'><strong>in</strong></span> 
     </span>
     <span class='ocr_line' id='line_1_26' title="bbox 132 2914 1307 3007; baseline -0.001 -30"><span class='ocrx_word' id='word_1_216' title='bbox 132 2919 265 2995; x_wconf 90' lang='lat' dir='ltr'><strong>practica</strong></span> <span class='ocrx_word' id='word_1_217' title='bbox 289 2921 492 2998; x_wconf 87' lang='lat' dir='ltr'><strong>quottidiana,</strong></span> <span class='ocrx_word' id='word_1_218' title='bbox 527 2925 606 2986; x_wconf 89' lang='lat' dir='ltr'><strong>unde</strong></span> <span class='ocrx_word' id='word_1_219' title='bbox 629 2932 766 3005; x_wconf 79' lang='lat' dir='ltr'><strong>tempore</strong></span> <span class='ocrx_word' id='word_1_220' title='bbox 790 2939 968 3002; x_wconf 87' lang='lat' dir='ltr'><strong>qucrrarum</strong></span> <span class='ocrx_word' id='word_1_221' title='bbox 1000 2920 1126 2981; x_wconf 91' lang='lat' dir='ltr'><strong>habetur</strong></span> <span class='ocrx_word' id='word_1_222' title='bbox 1148 2914 1307 3007; x_wconf 62' lang='lat' dir='ltr'><strong>pinglparis</strong></span> 
     </span>
     <span class='ocr_line' id='line_1_27' title="bbox 132 3018 1309 3109; baseline -0.002 -29"><span class='ocrx_word' id='word_1_223' title='bbox 132 3028 299 3099; x_wconf 88' lang='lat' dir='ltr'><strong>respectus,</strong></span> <span class='ocrx_word' id='word_1_224' title='bbox 323 3031 357 3084; x_wconf 91' lang='lat' dir='ltr'><strong>ut</strong></span> <span class='ocrx_word' id='word_1_225' title='bbox 378 3026 513 3086; x_wconf 83' lang='lat' dir='ltr'><strong>volantes</strong></span> <span class='ocrx_word' id='word_1_226' title='bbox 536 3027 1099 3109; x_wconf 55' lang='lat' dir='ltr'><strong>columbacflolitariac«captiventur,</strong></span> <span class='ocrx_word' id='word_1_227' title='bbox 1130 3026 1160 3081; x_wconf 91' lang='lat' dir='ltr'><strong>et</strong></span> <span class='ocrx_word' id='word_1_228' title='bbox 1190 3018 1225 3080; x_wconf 92' lang='lat' dir='ltr'><strong>ad</strong></span> <span class='ocrx_word' id='word_1_229' title='bbox 1249 3019 1309 3078; x_wconf 87' lang='lat' dir='ltr'><strong>hoo</strong></span> 
     </span>
     <span class='ocr_line' id='line_1_28' title="bbox 132 3118 1306 3211; baseline -0.002 -28"><span class='ocrx_word' id='word_1_230' title='bbox 132 3125 304 3185; x_wconf 87' lang='lat' dir='ltr'><strong>nutriuntur</strong></span> <span class='ocrx_word' id='word_1_231' title='bbox 327 3134 358 3187; x_wconf 89' lang='lat' dir='ltr'><strong>ct</strong></span> <span class='ocrx_word' id='word_1_232' title='bbox 381 3127 617 3192; x_wconf 88' lang='lat' dir='ltr'><strong>domesticantur</strong></span> <span class='ocrx_word' id='word_1_233' title='bbox 638 3135 797 3211; x_wconf 87' lang='lat' dir='ltr'><strong>accipitres</strong></span> <span class='ocrx_word' id='word_1_234' title='bbox 814 3118 851 3191; x_wconf 55' lang='lat' dir='ltr'><strong>&#39;et</strong></span> <span class='ocrx_word' id='word_1_235' title='bbox 884 3130 1019 3190; x_wconf 80' lang='lat' dir='ltr'><strong>falcones</strong></span> <span class='ocrx_word' id='word_1_236' title='bbox 1057 3134 1089 3187; x_wconf 92' lang='lat' dir='ltr'><strong>et</strong></span> <span class='ocrx_word' id='word_1_237' title='bbox 1119 3131 1222 3185; x_wconf 90' lang='lat' dir='ltr'><strong>contra</strong></span> <span class='ocrx_word' id='word_1_238' title='bbox 1255 3140 1306 3182; x_wconf 90' lang='lat' dir='ltr'><strong>co·</strong></span> 
     </span>
     <span class='ocr_line' id='line_1_29' title="bbox 131 3227 1384 3304; baseline -0.001 -18"><span class='ocrx_word' id='word_1_239' title='bbox 131 3227 249 3288; x_wconf 87' lang='lat' dir='ltr'><strong>lumbes</strong></span> <span class='ocrx_word' id='word_1_240' title='bbox 264 3232 451 3304; x_wconf 88' lang='lat' dir='ltr'><strong>emittuntur,</strong></span> <span class='ocrx_word' id='word_1_241' title='bbox 474 3241 505 3293; x_wconf 90' lang='lat' dir='ltr'><strong>et</strong></span> <span class='ocrx_word' id='word_1_242' title='bbox 526 3236 643 3295; x_wconf 90' lang='lat' dir='ltr'><strong>nobiles</strong></span> <span class='ocrx_word' id='word_1_243' title='bbox 666 3237 736 3296; x_wconf 89' lang='lat' dir='ltr'><strong>talia</strong></span> <span class='ocrx_word' id='word_1_244' title='bbox 758 3234 887 3295; x_wconf 87' lang='lat' dir='ltr'><strong>volatilia</strong></span> <span class='ocrx_word' id='word_1_245' title='bbox 910 3235 940 3293; x_wconf 92' lang='lat' dir='ltr'><strong>in</strong></span> <span class='ocrx_word' id='word_1_246' title='bbox 964 3230 1098 3291; x_wconf 87' lang='lat' dir='ltr'><strong>exercitu</strong></span> <span class='ocrx_word' id='word_1_247' title='bbox 1116 3244 1220 3288; x_wconf 88' lang='lat' dir='ltr'><strong>secum</strong></span> <span class='ocrx_word' id='word_1_248' title='bbox 1236 3241 1306 3303; x_wconf 90' lang='lat' dir='ltr'><strong>por·</strong></span> <span class='ocrx_word' id='word_1_249' title='bbox 1376 3263 1384 3276; x_wconf 85' lang='lat'><strong>-.</strong></span> 
     </span>
     <span class='ocr_line' id='line_1_30' title="bbox 132 3323 1308 3412; baseline 0.002 -22"><span class='ocrx_word' id='word_1_250' title='bbox 132 3337 207 3390; x_wconf 80' lang='lat' dir='ltr'><strong>tant</strong></span> <span class='ocrx_word' id='word_1_251' title='bbox 221 3332 258 3393; x_wconf 94' lang='lat' dir='ltr'><strong>ad</strong></span> <span class='ocrx_word' id='word_1_252' title='bbox 288 3334 477 3412; x_wconf 87' lang='lat' dir='ltr'><strong>spoliandum</strong></span> <span class='ocrx_word' id='word_1_253' title='bbox 508 3338 673 3400; x_wconf 73' lang='lat' dir='ltr'><strong>cdlumbas.</strong></span> <span class='ocrx_word' id='word_1_254' title='bbox 718 3338 837 3400; x_wconf 77' lang='lat' dir='ltr'><strong>Accidit</strong></span> <span class='ocrx_word' id='word_1_255' title='bbox 867 3339 947 3397; x_wconf 88' lang='lat' dir='ltr'><strong>enim</strong></span> <span class='ocrx_word' id='word_1_256' title='bbox 970 3351 1047 3394; x_wconf 92' lang='lat' dir='ltr'><strong>anno</strong></span> <span class='ocrx_word' id='word_1_257' title='bbox 1070 3330 1190 3391; x_wconf 89' lang='lat' dir='ltr'><strong>Domini</strong></span> <span class='ocrx_word' id='word_1_258' title='bbox 1215 3323 1308 3397; x_wconf 82' lang='lat'><strong>1099,</strong></span> 
     </span>
     <span class='ocr_line' id='line_1_31' title="bbox 133 3434 1308 3511; baseline -0.003 -18"><span class='ocrx_word' id='word_1_259' title='bbox 133 3434 252 3511; x_wconf 90' lang='lat' dir='ltr'><strong>quando</strong></span> <span class='ocrx_word' id='word_1_260' title='bbox 277 3441 425 3498; x_wconf 81' lang='lat' dir='ltr'><strong>exercitus</strong></span> <span class='ocrx_word' id='word_1_261' title='bbox 450 3439 688 3503; x_wconf 87' lang='lat' dir='ltr'><strong>Christianorum</strong></span> <span class='ocrx_word' id='word_1_262' title='bbox 711 3441 748 3502; x_wconf 93' lang='lat' dir='ltr'><strong>de</strong></span> <span class='ocrx_word' id='word_1_263' title='bbox 772 3440 938 3501; x_wconf 88' lang='lat' dir='ltr'><strong>Occidente</strong></span> <span class='ocrx_word' id='word_1_264' title='bbox 961 3454 1044 3497; x_wconf 91' lang='lat' dir='ltr'><strong>marc</strong></span> <span class='ocrx_word' id='word_1_265' title='bbox 1061 3435 1185 3494; x_wconf 88' lang='lat' dir='ltr'><strong>transito</strong></span> <span class='ocrx_word' id='word_1_266' title='bbox 1200 3449 1308 3494; x_wconf 87' lang='lat' dir='ltr'><strong>ascen·</strong></span> 
     </span>
     <span class='ocr_line' id='line_1_32' title="bbox 132 3536 1308 3619; baseline -0.003 -22"><span class='ocrx_word' id='word_1_267' title='bbox 132 3537 251 3619; x_wconf 85' lang='lat' dir='ltr'><strong>derunt</strong></span> <span class='ocrx_word' id='word_1_268' title='bbox 266 3547 369 3603; x_wconf 90' lang='lat' dir='ltr'><strong>contra</strong></span> <span class='ocrx_word' id='word_1_269' title='bbox 392 3541 559 3604; x_wconf 83' lang='lat' dir='ltr'><strong>Jerusalem</strong></span> <span class='ocrx_word' id='word_1_270' title='bbox 583 3547 732 3605; x_wconf 84' lang='lat' dir='ltr'><strong>civitatem</strong></span> <span class='ocrx_word' id='word_1_271' title='bbox 766 3551 915 3613; x_wconf 88' lang='lat' dir='ltr'><strong>sanctam,</strong></span> <span class='ocrx_word' id='word_1_272' title='bbox 947 3548 980 3600; x_wconf 93' lang='lat' dir='ltr'><strong>ut</strong></span> <span class='ocrx_word' id='word_1_273' title='bbox 1008 3556 1075 3599; x_wconf 89' lang='lat' dir='ltr'><strong>eam</strong></span> <span class='ocrx_word' id='word_1_274' title='bbox 1104 3536 1141 3597; x_wconf 89' lang='lat' dir='ltr'><strong>de</strong></span> <span class='ocrx_word' id='word_1_275' title='bbox 1172 3536 1308 3597; x_wconf 83' lang='lat' dir='ltr'><strong>manibus</strong></span> 
     </span>
     <span class='ocr_line' id='line_1_33' title="bbox 134 3642 1308 3725; baseline -0.003 -24"><span class='ocrx_word' id='word_1_276' title='bbox 134 3642 291 3721; x_wconf 87' lang='lat' dir='ltr'><strong>gentilium</strong></span> <span class='ocrx_word' id='word_1_277' title='bbox 314 3646 481 3725; x_wconf 86' lang='lat' dir='ltr'><strong>eriperent,</strong></span> <span class='ocrx_word' id='word_1_278' title='bbox 515 3648 586 3709; x_wconf 91' lang='lat' dir='ltr'><strong>dum</strong></span> <span class='ocrx_word' id='word_1_279' title='bbox 608 3647 705 3709; x_wconf 86' lang='lat' dir='ltr'><strong>adbuc</strong></span> <span class='ocrx_word' id='word_1_280' title='bbox 737 3650 766 3707; x_wconf 89' lang='lat' dir='ltr'><strong>in</strong></span> <span class='ocrx_word' id='word_1_281' title='bbox 789 3647 955 3707; x_wconf 85' lang='lat' dir='ltr'><strong>Palaestina</strong></span> <span class='ocrx_word' id='word_1_282' title='bbox 976 3643 1058 3720; x_wconf 83' lang='lat' dir='ltr'><strong>juxta</strong></span> <span class='ocrx_word' id='word_1_283' title='bbox 1083 3658 1164 3701; x_wconf 87' lang='lat' dir='ltr'><strong>mare</strong></span> <span class='ocrx_word' id='word_1_284' title='bbox 1195 3644 1308 3709; x_wconf 85' lang='lat' dir='ltr'><strong>essent,</strong></span> 
     </span>
     <span class='ocr_line' id='line_1_34' title="bbox 133 3744 1309 3830; baseline -0.002 -26"><span class='ocrx_word' id='word_1_285' title='bbox 133 3744 282 3822; x_wconf 88' lang='lat' dir='ltr'><strong>quaedam</strong></span> <span class='ocrx_word' id='word_1_286' title='bbox 307 3749 443 3809; x_wconf 91' lang='lat' dir='ltr'><strong>columba</strong></span> <span class='ocrx_word' id='word_1_287' title='bbox 466 3751 576 3812; x_wconf 85' lang='lat' dir='ltr'><strong>volavit</strong></span> <span class='ocrx_word' id='word_1_288' title='bbox 598 3768 690 3830; x_wconf 91' lang='lat' dir='ltr'><strong>super</strong></span> <span class='ocrx_word' id='word_1_289' title='bbox 712 3752 877 3811; x_wconf 82' lang='lat' dir='ltr'><strong>exercitum</strong></span> <span class='ocrx_word' id='word_1_290' title='bbox 893 3764 983 3807; x_wconf 90' lang='lat' dir='ltr'><strong>cruce</strong></span> <span class='ocrx_word' id='word_1_291' title='bbox 1000 3747 1195 3823; x_wconf 89' lang='lat' dir='ltr'><strong>signatorum,</strong></span> <span class='ocrx_word' id='word_1_292' title='bbox 1219 3760 1309 3822; x_wconf 87' lang='lat' dir='ltr'><strong>quam</strong></span> 
     </span>
     <span class='ocr_line' id='line_1_35' title="bbox 135 3848 1308 3927; baseline -0.002 -20"><span class='ocrx_word' id='word_1_293' title='bbox 135 3848 258 3927; x_wconf 89' lang='lat' dir='ltr'><strong>quidam</strong></span> <span class='ocrx_word' id='word_1_294' title='bbox 280 3851 387 3910; x_wconf 90' lang='lat' dir='ltr'><strong>nobilis</strong></span> <span class='ocrx_word' id='word_1_295' title='bbox 410 3852 514 3913; x_wconf 87' lang='lat' dir='ltr'><strong>videns</strong></span> <span class='ocrx_word' id='word_1_296' title='bbox 538 3857 640 3914; x_wconf 85' lang='lat' dir='ltr'><strong>emisit</strong></span> <span class='ocrx_word' id='word_1_297' title='bbox 664 3862 767 3914; x_wconf 89' lang='lat' dir='ltr'><strong>contra</strong></span> <span class='ocrx_word' id='word_1_298' title='bbox 792 3870 858 3913; x_wconf 89' lang='lat' dir='ltr'><strong>earn</strong></span> <span class='ocrx_word' id='word_1_299' title='bbox 883 3851 1067 3927; x_wconf 86' lang='lat' dir='ltr'><strong>accipitrem,</strong></span> <span class='ocrx_word' id='word_1_300' title='bbox 1091 3849 1142 3924; x_wconf 90' lang='lat' dir='ltr'><strong>qni</strong></span> <span class='ocrx_word' id='word_1_301' title='bbox 1165 3861 1308 3924; x_wconf 86' lang='lat' dir='ltr'><strong>egressus</strong></span> 
     </span>
     <span class='ocr_line' id='line_1_36' title="bbox 136 3948 1309 4034; baseline -0.004 -21"><span class='ocrx_word' id='word_1_302' title='bbox 136 3972 203 4014; x_wconf 88' lang='lat' dir='ltr'><strong>carn</strong></span> <span class='ocrx_word' id='word_1_303' title='bbox 226 3956 314 4031; x_wconf 91' lang='lat' dir='ltr'><strong>cepit,</strong></span> <span class='ocrx_word' id='word_1_304' title='bbox 339 3961 369 4014; x_wconf 91' lang='lat' dir='ltr'><strong>et</strong></span> <span class='ocrx_word' id='word_1_305' title='bbox 393 3959 543 4034; x_wconf 88' lang='lat' dir='ltr'><strong>unguibus</strong></span> <span class='ocrx_word' id='word_1_306' title='bbox 566 3956 761 4034; x_wconf 89' lang='lat' dir='ltr'><strong>palpitatione</strong></span> <span class='ocrx_word' id='word_1_307' title='bbox 784 3955 920 4024; x_wconf 77' lang='lat' dir='ltr'><strong>strinri13</strong></span> <span class='ocrx_word' id='word_1_308' title='bbox 953 3968 1056 4011; x_wconf 89' lang='lat' dir='ltr'><strong>verum</strong></span> <span class='ocrx_word' id='word_1_309' title='bbox 1091 3949 1128 4008; x_wconf 93' lang='lat' dir='ltr'><strong>de</strong></span> <span class='ocrx_word' id='word_1_310' title='bbox 1160 3948 1309 4025; x_wconf 87' lang='lat' dir='ltr'><strong>unguibus</strong></span> 
     </span>
     <span class='ocr_line' id='line_1_37' title="bbox 135 4051 1308 4137; baseline -0.006 -20"><span class='ocrx_word' id='word_1_311' title='bbox 135 4057 275 4118; x_wconf 91' lang='lat' dir='ltr'><strong>columba</strong></span> <span class='ocrx_word' id='word_1_312' title='bbox 298 4077 332 4119; x_wconf 89' lang='lat' dir='ltr'><strong>se</strong></span> <span class='ocrx_word' id='word_1_313' title='bbox 355 4062 496 4129; x_wconf 80' lang='lat' dir='ltr'><strong>excussit,</strong></span> <span class='ocrx_word' id='word_1_314' title='bbox 520 4066 557 4118; x_wconf 86' lang='lat' dir='ltr'><strong>ct·</strong></span> <span class='ocrx_word' id='word_1_315' title='bbox 573 4058 745 4137; x_wconf 90' lang='lat' dir='ltr'><strong>deplumata</strong></span> <span class='ocrx_word' id='word_1_316' title='bbox 768 4075 802 4118; x_wconf 94' lang='lat' dir='ltr'><strong>ac</strong></span> <span class='ocrx_word' id='word_1_317' title='bbox 825 4058 980 4119; x_wconf 87' lang='lat' dir='ltr'><strong>vulnerata</strong></span> <span class='ocrx_word' id='word_1_318' title='bbox 1001 4054 1103 4114; x_wconf 88' lang='lat' dir='ltr'><strong>volare</strong></span> <span class='ocrx_word' id='word_1_319' title='bbox 1127 4070 1185 4113; x_wconf 89' lang='lat' dir='ltr'><strong>non</strong></span> <span class='ocrx_word' id='word_1_320' title='bbox 1202 4051 1308 4130; x_wconf 90' lang='lat' dir='ltr'><strong>potuit,</strong></span> 
     </span>
     <span class='ocr_line' id='line_1_38' title="bbox 135 4153 1310 4242; baseline -0.005 -22"><span class='ocrx_word' id='word_1_321' title='bbox 135 4161 243 4223; x_wconf 89' lang='lat' dir='ltr'><strong>sedin</strong></span> <span class='ocrx_word' id='word_1_322' title='bbox 267 4169 379 4224; x_wconf 89' lang='lat' dir='ltr'><strong>terram</strong></span> <span class='ocrx_word' id='word_1_323' title='bbox 402 4162 486 4242; x_wconf 89' lang='lat' dir='ltr'><strong>lapsa</strong></span> <span class='ocrx_word' id='word_1_324' title='bbox 510 4164 573 4234; x_wconf 89' lang='lat' dir='ltr'><strong>luit,</strong></span> <span class='ocrx_word' id='word_1_325' title='bbox 598 4181 687 4241; x_wconf 88' lang='lat' dir='ltr'><strong>quarn</strong></span> <span class='ocrx_word' id='word_1_326' title='bbox 711 4164 785 4222; x_wconf 90' lang='lat' dir='ltr'><strong>socii</strong></span> <span class='ocrx_word' id='word_1_327' title='bbox 808 4164 839 4222; x_wconf 93' lang='lat' dir='ltr'><strong>in</strong></span> <span class='ocrx_word' id='word_1_328' title='bbox 862 4161 996 4221; x_wconf 80' lang='lat' dir='ltr'><strong>exercitu</strong></span> <span class='ocrx_word' id='word_1_329' title='bbox 1021 4161 1176 4234; x_wconf 90' lang='lat' dir='ltr'><strong>ceperunt,</strong></span> <span class='ocrx_word' id='word_1_330' title='bbox 1200 4160 1231 4213; x_wconf 91' lang='lat' dir='ltr'><strong>et</strong></span> <span class='ocrx_word' id='word_1_331' title='bbox 1254 4153 1310 4214; x_wconf 90' lang='lat' dir='ltr'><strong>sub</strong></span> 
     </span>
     <span class='ocr_line' id='line_1_39' title="bbox 137 4256 1309 4344; baseline -0.006 -22"><span class='ocrx_word' id='word_1_332' title='bbox 137 4263 191 4324; x_wconf 88' lang='lat' dir='ltr'><strong>alis</strong></span> <span class='ocrx_word' id='word_1_333' title='bbox 214 4263 281 4341; x_wconf 90' lang='lat' dir='ltr'><strong>ejus</strong></span> <span class='ocrx_word' id='word_1_334' title='bbox 312 4265 464 4344; x_wconf 91' lang='lat' dir='ltr'><strong>alligatam</strong></span> <span class='ocrx_word' id='word_1_335' title='bbox 493 4266 657 4328; x_wconf 89' lang='lat' dir='ltr'><strong>litterulam</strong></span> <span class='ocrx_word' id='word_1_336' title='bbox 686 4267 883 4335; x_wconf 85' lang='lat' dir='ltr'><strong>invenerunt,</strong></span> <span class='ocrx_word' id='word_1_337' title='bbox 906 4263 983 4324; x_wconf 91' lang='lat' dir='ltr'><strong>banc</strong></span> <span class='ocrx_word' id='word_1_338' title='bbox 1006 4258 1190 4320; x_wconf 85' lang='lat' dir='ltr'><strong>sententiam</strong></span> <span class='ocrx_word' id='word_1_339' title='bbox 1213 4256 1309 4317; x_wconf 90' lang='lat' dir='ltr'><strong>contl-</strong></span> 
     </span>
    </p>
   </div>
   <div class='ocr_carea' id='block_1_3' title="bbox 0 0 1455 4770">
    <p class='ocr_par' dir='ltr' id='par_1_4' title="bbox 0 0 1455 4770">
     <span class='ocr_line' id='line_1_40' title="bbox 0 0 1455 4770; baseline 0 0"><span class='ocrx_word' id='word_1_340' title='bbox 0 0 1455 4770; x_wconf 95' lang='lat' dir='ltr'><strong> </strong></span> 
     </span>
    </p>
   </div>
  </div>
 </body>
</html>
