2874 4770
676 79 741 202 no

123 303 246 370 Rubioa,
272 302 367 356 civitas
386 302 554 368 Dalmatiae,
580 300 684 370 primus
702 304 797 368 portos
814 298 895 352 maria
914 299 944 351 in
962 299 1088 352 secunda
1105 314 1169 353 mea
1187 302 1309 372 peregri·

193 391 319 456 natione,
339 394 372 444 58
390 394 421 445 A.

123 478 244 544 Rubine,
264 477 360 530 civitas
378 477 604 548 scamoniae,
624 492 707 545 quare
725 475 830 527 dicatur
846 471 974 540 Rubina,
995 475 1045 528 193
1065 491 1092 527 a.
1112 477 1139 528 b.

123 568 217 619 rubum
236 565 374 617 ardentem
392 571 419 617 et
436 582 492 618 non
511 566 711 617 comburentem
731 562 799 614 vidit
816 563 943 629 Moyses,
963 562 1030 615 ubit
1048 564 1085 614 12
1104 565 1134 617 6.

124 655 207 707 66666
226 652 333 721 Moysis
352 653 380 704 in
400 653 461 704 loco
480 652 621 719 cujusdam
640 651 762 719 capellae
780 649 870 714 stetit,
890 651 922 701 57
937 650 962 701 b.
982 665 1005 703 c.

124 742 232 792 rubrum
251 755 326 790 mare
344 739 476 808 quomodo
496 739 533 791 sit
545 737 726 806 dispositum?
745 738 821 802 706,
841 741 882 788 661
899 734 989 804 magis
1002 736 1109 788 salsum
1115 774 1124 803 ,
1144 755 1229 807 quam
1241 756 1310 791 mare

194 833 331 894 nostrum,
351 829 385 881 65
403 829 435 893 6,
462 842 545 895 quare
564 826 605 878 sic
623 824 742 890 dicatur,
768 840 826 875 cum
845 839 900 874 non
919 821 956 875 sit
974 823 1111 876 66666661
1137 825 1174 876 69
1195 827 1228 890 6,
1255 842 1309 877 cum

193 914 259 966 Nilo
278 915 412 983 conjungi
430 914 533 984 potuit,
552 915 584 964 71
605 931 636 979 6,
662 911 830 964 transierunt
848 911 897 962 lilii
915 912 1017 978 lsrael,
1045 912 1115 964 ubi?
1135 916 1172 967 69
1193 930 1225 979 6,
1254 920 1309 966 6616

195 1001 335 1069 peregrini
359 1017 418 1053 cum
444 999 567 1068 periculo
592 999 664 1052 vitae
692 1014 757 1050 suae
784 997 979 1063 visitaverunt,
1009 1000 1042 1051 66
1061 1000 1090 1051 6.
1110 1015 1142 1064 6,
1173 999 1310 1068 peregrini

195 1103 288 1138 omnes
307 1086 447 1151 adierunt,
468 1087 499 1137 69
519 1101 542 1138 a.

124 1173 284 1242 Rudolphus
303 1188 392 1226 comes
412 1173 618 1238 deHabspurg,
637 1169 820 1222 Romanorum
838 1184 898 1236 rex,
917 1171 988 1222 bene
1005 1170 1128 1239 cepisset
1148 1171 1309 1241 Jerusalem,

196 1260 246 1314 sed
264 1260 401 1328 neglexit,
419 1260 452 1312 88
472 1260 504 1313 A.
522 1261 554 1312 Β.
647 1270 650 1274 ’
1105 1270 1108 1279 “

125 1350 247 1404 Rolandi
265 1350 359 1402 militis
378 1351 489 1416 domus,
509 1350 559 1402 299
577 1349 604 1399 6.

125 1440 262 1508 Rupertus
290 1453 338 1488 rex
356 1435 470 1489 Siciliae
494 1438 555 1488 loca
582 1441 677 1488 sancta
695 1451 796 1504 niagno
821 1435 988 1504 compotavit
1012 1451 1081 1488 auro
1110 1453 1164 1505 pro
1184 1437 1310 1491 fratribus

196 1523 366 1588 Minoribus,
386 1524 437 1576 299
454 1524 487 1576 Β.

127 1625 209 1678 rupes
237 1609 266 1661 in
296 1609 450 1677 pavimento
478 1609 572 1677 templi
604 1606 632 1659 in
658 1607 812 1661 Jerusalem
836 1607 967 1678 quaedam
995 1608 1179 1662 sanctissima
1206 1610 1310 1674 eminet,

197 1697 249 1749 269
266 1697 298 1748 Β.
919 1749 922 1751 r

44 1807 46 1812 ⁸
126 1797 208 1850 rupes
227 1787 323 1834 sancta
341 1781 496 1835 nominatur
514 1781 604 1850 ipsum
622 1783 749 1850 templum
768 1786 878 1849 propter
895 1780 971 1832 illam
988 1797 1100 1850 rupem,
1119 1783 1233 1837 ibidem.

127 1886 208 1937 rupes
227 1869 336 1937 integra
354 1875 395 1920 ost
412 1886 491 1921 mons
510 1870 583 1922 0reb
603 1875 629 1920 et
647 1868 739 1935 Sinai,
760 1873 791 1922 61
811 1871 837 1926 6,
857 1885 879 1923 c.
920 1858 922 1863 ¹

128 1971 209 2022 rupes
230 1955 307 2020 juxta
333 1959 448 2006 montem
467 1954 547 2007 Sinai
574 1954 1035 2024 66661661666666611611,511),
1060 1956 1088 2008 in
1109 1958 1199 2024 mari,
1226 1957 1311 2012 cubile

197 2041 342 2108 draconis,
363 2044 412 2095 191
429 2044 457 2095 6.

127 2145 210 2198 rupes
229 2130 328 2179 multae
347 2130 466 2197 alonge
485 2129 562 2182 visae
581 2130 738 2197 praeferunt
761 2130 883 2183 diversas
902 2132 1009 2199 speeies
1029 2136 1057 2184 et
1075 2132 1199 2200 formas,
1220 2135 1295 2188 516.

58 2208 63 2217 Χ
128 2233 225 2284 rupes,
244 2232 344 2284 quaere
362 2217 460 2285 Lapis,
479 2208 695 2284 Ρ6166,’866616
714 2223 741 2269 et
759 2217 903 2286 Scopulus.

128 2308 246 2360 rusticos
265 2307 322 2359 ruri
341 2312 465 2360 assuetus
485 2324 539 2358 non
559 2313 649 2377 potest
667 2309 808 2376 quiescere
826 2309 854 2360 in
874 2309 996 2375 civitate,
1017 2312 1071 2363 219
1089 2309 1118 2362 b.

129 2393 223 2446 rustici
242 2393 294 2445 duo
314 2393 452 2447 discordes
471 2394 499 2446 in
518 2395 589 2461 vita,
617 2396 645 2446 in
664 2401 750 2448 morte
768 2397 847 2450 simul
866 2399 967 2467 sepulti
985 2399 1014 2450 in
1034 2398 1187 2467 sepulchro
1205 2412 1238 2448 ae
1256 2410 1309 2463 per-

199 2479 350 2547 cutiebant,
371 2483 399 2534 91
421 2498 447 2537 a.
467 2483 492 2533 6.
528 2482 604 2534 Facti
622 2488 686 2535 sunt
704 2499 801 2549 ranae,
824 2485 871 2538 169
890 2500 915 2538 c.

129 2566 289 2618 rusticorum
309 2568 428 2622 ebrietas
446 2570 517 2622 mala
536 2576 594 2636 est,
616 2572 664 2623 199
684 2589 707 2625 a.

129 2652 201 2705 Ruth
222 2656 335 2724 collegit
359 2657 449 2725 spicas
478 2663 538 2726 post
556 2663 634 2725 terga
652 2659 806 2711 metentium
833 2659 861 2710 in
883 2676 969 2728 agro,
1000 2662 1049 2714 171
1067 2663 1109 2730 Α,
1138 2677 1200 2723 6661
1225 2672 1309 2738 genita

201 2743 234 2794 dc
252 2744 334 2797 Petra
351 2745 466 2814 deserti,
486 2751 574 2798 castro
594 2746 692 2811 Moab,
714 2746 766 2800 241
781 2749 814 2799 Α.

699 2930 733 3000 S.

129 3091 237 3156 Sabba,
265 3092 350 3141 obbas
369 3095 495 3155 6666166,
521 3090 567 3142 ubi
586 3093 711 3147 habuerit
729 3094 878 3146 mirandum
897 3095 1093 3148 monasterium
1113 3103 1235 3155 maxima
1251 3107 1307 3157 mul·

199 3176 528 3313 pppdssnecmssoaohorum
547 3183 695 3250 repletum,
724 3189 750 3236 et
768 3183 899 3253 quomodo
925 3183 993 3234 illud
1019 3183 1188 3252 dispositum
1216 3190 1309 3245 fueriti

128 3348 238 3400 Sabboc
256 3349 363 3401 abbatis
384 3367 481 3420 corpus
499 3353 528 3405 in
550 3374 667 3423 quonam
686 3361 786 3412 tumulo
806 3359 938 3426 quondam
956 3361 1087 3428 jacuerit,
1115 3400 1122 3414 .
1143 3401 1150 3414 .
1173 3403 1181 3416 .
1208 3365 1308 3417 Sabbac

172 3450 174 3454 ⁷
199 3448 297 3500 corpus
317 3437 361 3487 ubi
380 3440 518 3504 quiescat?
537 3446 570 3495 to
589 3443 619 3495 B.

128 3517 268 3570 sabbatum
286 3523 400 3591 dodaci,
428 3534 528 3580 sextam
548 3531 644 3582 feriam
667 3532 813 3585 Sarraecni
832 3519 983 3598 celebrant,
1004 3533 1075 3586 sicut
1095 3535 1252 3590 Christiani
1270 3537 1309 3588 do·

198 3606 322 3663 miricam
341 3612 429 3680 diem,
449 3619 499 3669 225
518 3619 550 3669 A.

127 3686 322 3749 Sabatithanco
341 3700 603 3757 Trutschelmannus
622 3699 808 3773 Sarracenos,
833 3707 965 3774 magister
985 3707 1134 3775 hospitalis
1156 3710 1185 3762 in
1205 3711 1309 3765 Jerusa-

199 3777 265 3846 lem,
286 3786 336 3836 222
357 3792 383 3838 61
402 3790 435 3840 18
455 3796 480 3841 61
498 3792 532 3842 28
551 3808 575 3844 a.
593 3793 620 3842 6.

128 3863 283 3919 sabulorurn
305 3877 450 3941 tempestas
472 3875 500 3925 in
522 3877 631 3929 deserto
650 3879 832 3945 periculosior
851 3885 892 3933 661
917 3897 1046 3948 aquarum
1069 3883 1267 3950 666616,296
1289 3892 1312 3937 et

200 3952 543 4013 3166194661716.

128 4049 224 4087 666666
243 4042 276 4091 66
296 4042 414 4098 humeris
434 4049 591 4116 dependens
612 4057 675 4103 ante
694 4059 720 4104 et
738 4060 811 4107 retro
825 4073 882 4108 conr
896 4055 1006 4108 frustris
1020 4072 1120 4124 panum
1142 4067 1187 4113 661
1205 4060 1313 4130 insigne

198 4129 404 4194 peregrinorum
424 4142 513 4186 166666
531 4145 656 4205 6666166,
677 4139 710 4192 27
729 4140 760 4196 Α.
