2874 4770
636 150 785 216 ’148

161 329 362 407 salutavitque
384 345 442 387 uos
463 325 589 403 pacifice
613 332 645 385 et
667 326 801 404 singulos
825 325 863 386 ad
883 324 1023 386 osculnm
1051 341 1135 384 more
1159 341 1271 384 eorum
1293 342 1343 385 re·

162 434 260 510 cepit,
283 434 314 491 in
337 448 397 509 quo
420 431 512 489 etiam
528 428 677 504 confregit
692 427 784 488 corda
799 436 902 488 nostra
918 434 949 486 et
963 445 1085 488 omnem
1099 446 1188 506 spem
1202 433 1344 487 nostram

162 539 193 597 in
223 553 296 596 curn
332 537 499 614 posuimus.
556 531 755 593 Ostendimus
790 551 863 611 ergo
891 533 948 593 sibi
976 533 1108 594 litteram
1135 531 1282 605 Suldani,
1312 539 1345 592 et

164 638 282 700 consilii
305 639 375 710 fuit,
400 637 481 716 quod
496 639 618 698 omnino
636 654 702 696 eam
719 635 850 696 dominis
865 637 1082 698 scrutatoribus
1097 635 1344 707 ostenderemus,

163 742 337 803 consolatus
374 749 421 802 est
444 745 535 802 etiam
566 760 623 801 nos
654 740 691 800 de
720 741 891 802 visitatione
926 739 1051 810 dicens,
1084 758 1118 800 se
1148 741 1229 802 velle
1263 739 1345 820 apud

164 845 303 906 dominus
327 848 457 916 instare,
488 863 528 906 ne
559 843 718 904 inhoneste
742 863 798 904 nos
821 849 999 914 tractarent,
1034 843 1148 904 dictum
1171 845 1255 903 enim
1280 849 1346 903 erat

162 953 266 1023 nobis,
290 952 371 1031 quod
393 954 486 1012 etiam
506 954 538 1011 in
560 950 775 1010 secretioribus
797 950 873 1008 locis
897 966 1059 1026 corporum
1087 945 1204 1025 lapides
1225 948 1343 1025 pretio·

164 1073 215 1116 sos
238 1063 429 1133 quaererent
474 1053 574 1114 Nihilo
605 1056 705 1114 miuus
728 1061 829 1113 tamen
852 1055 992 1114 animavit
1014 1071 1070 1113 nos
1102 1050 1140 1111 ad
1162 1053 1345 1129 patientiam

163 1157 283 1231 diceus,
307 1158 390 1237 quod
411 1160 488 1219 ritus
511 1159 652 1235 antiquus
675 1159 804 1218 civitatis
825 1155 1019 1216 Atheniensis
1035 1155 1131 1216 adbuc
1146 1158 1177 1215 in
1194 1155 1253 1215 hac
1270 1156 1343 1216 ciri-

161 1269 224 1324 tate
247 1268 433 1332 servaretur,
464 1279 534 1321 nam
567 1263 755 1339 quicumque¹
771 1260 906 1321 Athenas
937 1260 1055 1340 ingredi
1082 1260 1217 1331 uolebat,
1251 1276 1343 1319 senes

162 1367 193 1426 in
217 1373 304 1444 porta
327 1366 470 1426 sedentes
493 1366 740 1426 'conviciebautnr
762 1383 833 1425 eum
854 1364 943 1424 iactis
959 1373 989 1424 et
1003 1364 1116 1435 verbis,
1139 1363 1344 1423 molestabant

164 1472 255 1529 etiarn
267 1487 366 1547 usqne
381 1468 417 1528 ad
429 1466 638 1538 contumelias,
648 1475 678 1528 et
688 1470 839 1545 patientes
847 1470 1131 1539 intromittebantur,
1145 1469 1343 1546 impatientes

163 1574 242 1634 bene
256 1576 354 1635 vexati
369 1572 600 1652 repellebantur.
630 1572 681 1632 Sic
697 1571 806 1631 ethic:
831 1591 937 1632 omnes
953 1575 1097 1633 intrantes
1113 1578 1343 1651 perscrutantur

165 1683 196 1737 et
219 1679 348 1738 maxime
370 1677 430 1748 illi,
456 1679 512 1754 qui
533 1677 727 1754 impatienter
749 1675 864 1747 lerunt,
890 1695 965 1755 quos
989 1676 1168 1756 quandoque
1194 1675 1342 1753 spoliatos

163 1779 264 1840 redire
288 1779 483 1858 compellunt.
530 1779 607 1839 Cum
631 1798 703 1858 ergo
727 1779 835 1841 cameli
857 1798 964 1841 omnes
986 1782 1236 1860 pertransissent,
1268 1798 1342 1839 con·

163 1882 308 1943 sederunt
330 1883 445 1943 domini
467 1885 547 1944 inter
569 1885 746 1944 interiorem
769 1891 886 1963 portam
909 1886 965 1945 snb
998 1892 1079 1949 turre
1108 1887 1205 1964 ipsius
1234 1890 1343 1963 portae

164 1991 196 2046 et
218 1988 360 2046 assumsit
374 1985 562 2047 Schambeclr
584 1986 700 2064 aliquos
716 1986 754 2047 de
770 1989 940 2049 senioribus
955 1991 1123 2068 peregrinis
1139 1996 1171 2049 et
1184 1991 1343 2065 ingressus

164 2107 233 2149 curn
257 2092 301 2149 eis
324 2089 361 2150 ad
385 2089 524 2151 dominus
547 2089 654 2151 obtulit
678 2093 722 2150 eis
745 2092 877 2153 htteram
900 2092 1013 2153 domini
1036 2092 1175 2164 Saldani,
1206 2093 1259 2169 qni
1291 2109 1342 2151 ac-

164 2195 313 2273 cipientes
344 2195 475 2256 litteram
507 2213 576 2255 cum
608 2197 779 2256 reverentia
805 2197 901 2257 multa
923 2197 1176 2258 deosculabantur
1209 2214 1279 2256 eam
1312 2200 1343 2255 et

163 2299 313 2376 legerunt.
359 2290 498 2367 Perfecta
521 2297 623 2358 littera
647 2294 738 2376 aliqui
760 2315 868 2371 eorum
883 2301 1019 2361 exierunt
1033 2301 1071 2362 ad
1085 2319 1141 2361 nos
1157 2307 1186 2360 et
1203 2299 1342 2378 singulos

165 2418 271 2462 saccos
295 2407 327 2462 et
348 2409 466 2481 sportas
490 2403 587 2480 primo
612 2401 788 2464 levaverunt
802 2404 979 2481 gravitatem
994 2409 1158 2482 pensantes
1183 2409 1215 2463 et
1229 2402 1342 2463 deinde

165 2508 387 2584 quaesiverunt,
410 2525 469 2566 non
493 2513 595 2566 tamen
620 2515 732 2578 erecte,
756 2507 811 2568 sed
834 2510 908 2568 satis
923 2507 1142 2586 perfunctorie,
1165 2524 1224 2567 nec
1239 2508 1343 2567 omnia

165 2610 255 2689 ligata
271 2609 438 2681 solverunt,
455 2607 510 2669 sed
525 2627 594 2669 cum
608 2609 780 2672 festinantia
796 2618 933 2690 egerunt.
963 2612 1065 2672 Rebus
1080 2613 1206 2674 visitatis
1222 2612 1343 2672 stabant

166 2713 222 2773 snb
245 2721 363 2790 portam
393 2718 424 2773 et
454 2730 548 2773 unum
579 2719 650 2789 post
672 2712 763 2773 alium
785 2724 928 2777 vocantes
957 2717 988 2774 in
1017 2714 1152 2790 restibus
1183 2720 1214 2773 et
1240 2713 1341 2774 bursis

166 2817 379 2892 quaesiverunt
402 2821 432 2873 et
455 2820 615 2891 argentum
632 2816 784 2877 et'anrum
800 2819 961 2897 cujuslibet
976 2819 1149 2896 singillatim
1162 2825 1341 2897 posueruut,

165 2914 278 2975 nullam
303 2922 404 2976 tamen
419 2915 606 2976 nudaverunt
631 2936 667 2978 er
683 2924 755 2979 toto.
803 2922 878 2983 Cum
894 2930 995 2982 autem
1011 2931 1041 2983 et
1057 2941 1113 3001 ego
1130 2924 1341 2994 accessissem,

165 3015 303 3078 videntes
325 3037 374 3078 me
400 3017 606 3092 sacerdotem,
631 3024 704 3083 nihil
721 3042 840 3087 mecum
857 3032 1001 3105 egerunt,
1024 3044 1080 3086 nec
1094 3027 1226 3095 bursam,
1250 3043 1342 3102 quam

166 3119 325 3179 manifeste
349 3121 467 3199 cingulo
490 3121 637 3198 ferebam,
663 3137 853 3207 aperuerunt,
877 3129 931 3190 sed
955 3133 1040 3208 quasi
1063 3148 1237 3209 paupe-rem,
1262 3130 1343 3189 sicut

167 3222 205 3284 de
229 3224 308 3283 facto
332 3242 428 3297 eram,
454 3225 550 3306 (12ss
568 3226 610 3306 a)
636 3235 667 3289 ct
690 3233 756 3291 sine
784 3234 1025 3311 perscrutatione
1055 3233 1241 3294 dimiserunt..
1289 3234 1341 3294 Sic

167 3335 198 3388 et
227 3328 366 3389 fratribus
398 3332 560 3393 minoribns
592 3335 731 3395 similiter
760 3335 897 3396 fecerunt
927 3343 958 3396 et
985 3339 1027 3397 ita
1057 3355 1127 3396 cnm
1155 3337 1234 3398 bona
1264 3356 1342 3416 pace

167 3438 333 3511 tempestas
356 3435 406 3495 illa
422 3439 569 3509 transivit,
592 3440 748 3501 videbatur
762 3443 843 3500 enim
856 3441 945 3513 mihi,
969 3441 1049 3519 quod
1063 3448 1180 3501 tanturn
1195 3441 1343 3500 haberent

168 3535 300 3596 taedium
324 3538 353 3597 in
377 3540 563 3615 quaerendo,
594 3545 672 3604 sient
702 3562 758 3603 nos
789 3547 821 3604 in
849 3544 1035 3605 sustinendo.
1081 3545 1211 3623 Singulis
1239 3551 1344 3604 autem

166 3645 365 3704 restituerunt
395 3648 538 3723 pecunias
562 3647 740 3708 theloneum
774 3653 919 3708 statutum
949 3647 1019 3708 inde
1044 3650 1237 3727 accipientes.
1293 3648 1342 3708 De

168 3746 301 3823 quolibet
324 3754 424 3807 entem
449 3749 569 3809 homine
592 3758 661 3810 octo
685 3751 877 3830 postulabant
899 3751 1053 3824 madinos,
1077 3770 1152 3830 quos
1175 3760 1277 3812 tamen
1303 3753 1341 3812 ab

167 3852 278 3910 nostris
303 3851 453 3928 religiosis
477 3861 507 3913 et
530 3854 736 3915 sacerdotibus
759 3874 818 3915 non
842 3864 1037 3934 acceperunt,
1065 3857 1146 3919 nulla
1169 3858 1249 3916 enim
1272 3855 1340 3915 the-

166 3952 255 4012 lonea
279 3970 296 4012 a
319 3953 414 4027 clero,
439 3959 529 4017 etiam
553 3975 570 4018 a
594 3957 777 4032 Christiano,
801 3961 960 4038 recipiunt.
1006 3958 1091 4022 Laeti
1114 3968 1214 4022 autem
1229 3959 1342 4021 fuimus

167 4077 222 4138 pro
247 4078 299 4131 eo,
332 4062 413 4139 qnod
436 4070 539 4123 exacte
563 4063 673 4124 visitati
695 4082 756 4123 nun
778 4063 905 4135 fuimns,
936 4064 1005 4140 quia
1035 4065 1129 4129 mulla
1155 4065 1287 4143 pretiosa
1308 4065 1342 4127 in

169 4180 241 4226 auro
265 4170 297 4225 et
317 4172 443 4245 argento
466 4173 498 4230 et
519 4166 667 4247 lapidibus
689 4169 831 4246 pretiosis
853 4174 885 4229 et
906 4169 1013 4246 pannis
1036 4170 1141 4230 sericis
1160 4176 1192 4232 et
1203 4169 1341 4233 balsamo
