2874 4770
662 141 667 145 ’
690 136 739 214 21

128 323 283 406 turpitudo
304 316 508 404 posteriomm
522 323 655 385 totaliter
675 321 845 403 apparebat
876 318 1012 383 ilabebat
1027 312 1234 397 nummisma
1248 320 1311 383 vul-
1383 326 1396 413 ’.ᾗ

125 445 195 493 vam
217 427 384 489 naturalem
406 426 495 487 aliam
519 427 698 498 scissuram,
729 427 815 503 quasi
846 430 929 484 esset
957 420 1093 484 secunda
1114 421 1227 502 vulsa,
1259 440 1314 503 per
1384 466 1392 531 ἓν

127 532 218 611 quam
239 537 339 591 tamen
363 528 436 589 nihil
459 531 566 608 recipit
590 547 647 589 nec
670 530 784 608 egerit,
813 531 872 589 uisi
900 534 933 589 ut
955 526 1084 592 dicatur.
1130 525 1217 588 Dum
1240 544 1312 605 ergo
1384 538 1392 573 “-

128 636 173 698 sio
194 632 291 694 bestia
313 637 489 701 teneretur,
520 631 657 693 sibilabat
685 638 715 692 et
746 631 889 693 stridebat
913 649 948 692 ac
971 628 1131 707 spumabat
1152 645 1230 707 prae
1254 632 1312 690 ira·
1394 654 1398 664 ·

128 735 249 809 cundia,
272 752 308 796 ea
332 741 433 796 autem
456 733 575 795 iurante
598 733 723 813 protulit
746 731 978 812 Tangwardinus
1008 731 1153 793 cochlear
1183 750 1312 811 parrum

128 847 304 918 argenteum
327 846 359 899 et
379 839 500 898 intrusit
523 856 593 899 eum
615 835 768 896 secundae
783 835 889 898 vulvae
903 836 1033 906 bestiae,
1057 853 1094 896 ex
1109 833 1201 912 cujus
1215 854 1311 898 sensu
1387 905 1390 909 ¹

127 945 222 1005 morit
243 943 340 1004 bestia
362 941 480 1003 vulvam
504 947 535 1001 et
556 940 732 1000 interiorem
763 956 886 1000 caruem
918 939 1019 999 emisit
1048 943 1149 1021 extra,
1185 941 1217 1000 in
1253 957 1313 1018 qua

29 1079 35 1092 .
130 1047 255 1108 materia
270 1029 385 1123 turpis,
406 1042 515 1104 coloris
533 1042 690 1111 sinedoci,
714 1039 912 1120 dependebat.
957 1039 1042 1101 lianc
1060 1043 1223 1103 materiam
1238 1044 1312 1104 rasit
1389 1045 1394 1071 ²

128 1146 362 1225 Taugwardinns
387 1164 457 1206 cum
480 1145 631 1205 cochleari
653 1141 814 1217 decarne,
838 1150 869 1205 et
885 1143 1027 1205 cochlear
1041 1141 1168 1223 plenum
1183 1145 1312 1224 protulit

129 1257 166 1329 et
188 1251 316 1313 bestiam
346 1247 469 1308 dimisit.
525 1246 664 1308 Praebuit
699 1252 801 1306 autem
828 1249 914 1308 uobis
946 1246 983 1308 ad
1012 1245 1203 1309 odorandum
1233 1249 1311 1311 hauc

128 1359 249 1431 turpem
270 1353 427 1413 materiam
450 1358 481 1410 et
503 1357 567 1411 erat
584 1350 754 1411 suavissimi
770 1349 888 1422 odoris,
911 1342 1170 1430 quasi-muscum,
1194 1354 1310 1430 pretio·
1362 1376 1364 1381 ¹

129 1458 191 1516 sior
212 1461 313 1516 tamen
337 1471 443 1514 musco
465 1452 536 1524 fuit,
568 1455 637 1531 quia
669 1470 729 1513 nou
752 1453 909 1524 venditur,
940 1454 998 1513 nisi
1026 1452 1144 1532 aequali
1172 1453 1311 1532 pondere

130 1572 237 1616 aurum
266 1557 451 1616 remetiatur.
496 1554 602 1616 Plures
633 1555 757 1617 ducatos
787 1558 902 1635 recepit
926 1572 942 1618 a
964 1557 1131 1634 peregrinis
1162 1556 1310 1618 militibus

130 1675 185 1736 pro
207 1656 258 1718 illa
281 1659 423 1729 materia,
447 1675 523 1736 quac
548 1665 613 1719 erat
635 1661 712 1719 sicut
735 1643 926 1737 pulmentum
948 1658 996 1719 de'
1009 1675 1102 1720 avena
1123 1658 1204 1723 benc
1231 1662 1311 1741 spis·

131 1778 208 1823 sum.
253 1746 505 1839 Interrogavimus
536 1779 608 1839 ergo
635 1764 733 1824 virum
766 1763 803 1823 de
834 1762 968 1823 masculo
992 1756 1048 1847 (1))
1071 1760 1152 1823 illius
1184 1765 1312 1842 speciei,

132 1881 170 1924 an
192 1865 284 1923 etiam
307 1869 391 1924 esset
412 1864 495 1925 lerax
517 1858 585 1925 talis
608 1867 767 1937 materiae,
791 1868 843 1944 qui
858 1865 945 1936 dixit,
968 1863 1049 1942 quod
1064 1881 1120 1943 per
1133 1867 1321 1943 oppositum

132 1967 168 2027 ab
192 1984 228 2027 eo
251 1967 458 2027 extraheretur
480 1971 605 2028 materia
628 1969 812 2040 consimilis,
836 1968 892 2030 sed
914 1969 989 2029 tanti
1011 1966 1136 2029 foetoris
1153 1968 1312 2032 abomina-

132 2067 217 2139 bilis,
241 2085 276 2128 ac
298 2070 325 2129 si
349 2076 432 2129 esset
448 2087 556 2131 recens
569 2061 741 2133 stabulum.
773 2070 857 2132 Hanc
873 2069 1017 2132 foetidam
1032 2071 1191 2132 materiam
1205 2080 1314 2135 emunt

132 2171 303 2233 truliatores
327 2179 358 2233 et
380 2172 488 2233 liniunt
509 2175 690 2236 vestimenta
713 2192 835 2247 eorum,
865 2192 942 2252 quos
966 2172 1110 2235 deludere
1131 2175 1259 2247 volunt,
1284 2181 1314 2236 et

131 2276 313 2354 ubicumque
331 2264 413 2336 'tales
443 2283 616 2347 transeunt,
647 2282 743 2349 stant,
774 2285 825 2339 aut
856 2276 966 2338 sedent
996 2294 1103 2338 seeum
1132 2279 1313 2352 existentes,

58 2376 61 2385 ’
133 2380 396 2458 circumspiciunt,
419 2399 508 2442 nares
531 2381 713 2452 obstruunt„
738 2386 878 2460 putantes
903 2396 972 2440 esse
994 2379 1035 2439 ibi
1057 2397 1166 2440 recens
1186 2385 1314 2443 stercus

131 2480 296 2552 humanum
318 2485 350 2543 in
373 2485 477 2562 caligis
501 2491 532 2545 et
545 2485 734 2547 vestimentis
750 2501 871 2554 eorum,
894 2499 1023 2560 quorum
1037 2491 1140 2544 vestes
1156 2483 1316 2571 modicum

56 2636 58 2641 .
131 2591 230 2646 tactae
254 2586 292 2647 de
316 2586 367 2645 illa
397 2587 532 2645 materia.
579 2586 629 2645 Sic
660 2587 751 2646 etiam
779 2587 894 2646 inimici
924 2585 1114 2646 dominarum
1142 2586 1328 2650 volentium-
1388 2649 1389 2652 ,

87 2735 90 2743 .
133 2687 171 2748 ad
192 2690 312 2766 nuptias
335 2688 383 2748 vel
407 2688 535 2747 choreas
557 2689 617 2759 ire,
640 2693 674 2748 ut
695 2688 736 2747 ibi
760 2688 998 2761 contundantur,
1022 2688 1140 2750 occulte
1160 2689 1317 2752 accedunt

134 2796 166 2851 et
187 2793 219 2850 in
241 2792 407 2869 quantitate
430 2791 519 2849 unius
535 2791 593 2867 pisi
608 2792 652 2850 eis
668 2796 839 2868 apponunt,
863 2793 1002 2870 aquibus
1017 2797 1143 2871 propter
1156 2790 1316 2855 foetorem

135 2910 243 2953 omnes
267 2892 395 2970 fugiunt.
439 2892 512 2953 ldeo
535 2893 660 2954 masculi
683 2893 803 2955 illorum
825 2896 1000 2957 animalium
1022 2914 1083 2956 non
1097 2901 1168 2955 sunt
1183 2895 1315 2974 alicujus

134 2997 236 3075 pretii,
261 2994 316 3055 sed
338 2993 497 3055 loemellae
520 2977 591 3057 sunt
614 2980 861 3075 pretiosissimae.

118 3152 141 3199 θ
221 3096 295 3158 lnde
319 3096 421 3159 eduxit
441 3116 497 3158 nos
520 3100 551 3159 in
574 3099 738 3159 thalamum
754 3117 858 3172 suum,
882 3102 933 3179 qui
953 3107 1017 3161 crat
1032 3115 1152 3162 camera
1166 3101 1316 3179 pulcher·

134 3201 223 3270 rima,
246 3217 397 3261 marmore
420 3204 528 3263 vestita
551 3210 579 3264 et
601 3204 721 3283 tapetiis
738 3203 877 3280 pretiosis
894 3202 1013 3284 obtecta
1028 3210 1090 3265 tam
1104 3204 1317 3282 pavimentum

134 3319 224 3381 qnam
247 3305 393 3380 parietes,
418 3310 449 3364 et
471 3323 509 3366 ne
532 3307 582 3366 illa
598 3306 810 3367 calceamentis
826 3308 938 3366 nostris
953 3304 1163 3379 foederemus,
1188 3325 1223 3369 ea
1240 3315 1315 3370 aute

133 3406 308 3485 ingressum
330 3423 466 3467 camerae
489 3408 632 3469 solvimus
656 3414 687 3468 et
709 3408 797 3469 nudis
820 3408 960 3487 pedibus,
992 3415 1026 3469 ut
1055 3411 1148 3470 moris
1172 3416 1220 3471 est
1243 3430 1313 3472 om·

134 3509 218 3568 nium
241 3507 455 3579 Orientalium,
485 3511 614 3587 ingressi
638 3529 751 3571 sumus.
797 3511 867 3573 Erat
896 3519 998 3572 autem
1017 3512 1176 3573 thalamus
1204 3512 1259 3574 ille
1280 3517 1314 3575 in

135 3628 194 3670 una
218 3611 361 3688 singulari
384 3617 466 3672 turre
490 3611 606 3690 palatii,
630 3613 752 3691 plumbo
776 3621 1043 3694 camerato-opere
1067 3621 1163 3687 tecto,
1188 3615 1314 3678 eulmen

32 3700 38 3707 ’
135 3711 251 3773 habens
273 3713 402 3774 mediam
418 3715 466 3774 vel
482 3722 639 3788 cornutam
654 3717 772 3788 lunam,
796 3719 875 3777 sicut
897 3719 1060 3778 muscheae
1076 3735 1181 3779 omues
1195 3717 1313 3781 ’habent

136 3821 169 3874 et
199 3822 263 3875 erat
291 3819 381 3878 turris
414 3818 557 3889 rotunda,
589 3812 693 3897 vitreis
723 3817 864 3879 fenestris
896 3839 1080 3899 pergyrum
1103 3826 1222 3900 ornata,
1254 3839 1313 3899 per

137 3933 211 3994 quas
234 3916 334 3978 lumen
357 3922 387 3980 in
410 3922 509 3998 ipsum
525 3920 689 3981 thalamum
704 3922 907 3998 spargebatur.
939 3923 1092 3984 Sedebant
1107 3930 1210 3984 autem
1231 3922 1311 3986 duae

135 4035 244 4080 uxores
267 4019 332 4096 ejus
356 4041 426 4082 cum
448 4023 556 4103 puellis
580 4025 643 4084 suis
665 4025 696 4084 in
720 4040 756 4083 ec
780 4030 811 4084 et
834 4027 1034 4104 operabantur
1057 4044 1112 4090 acu
1132 4027 1308 4102 muliebria;

136 4108 242 4183 ambae
265 4131 366 4233 autem
387 4123 538 4185 foeminae
562 4133 648 4187 erant
667 4125 795 4203 juvenes
823 4128 966 4208 pulchrae
990 4136 1021 4190 et
1043 4127 1244 4204 Christianae,
1276 4138 1312 4199 ut
