2874 4770
679 165 744 236 297

124 362 193 406 mur
214 346 254 405 et
269 345 355 424 quasi
378 361 455 424 aqua
477 340 651 414 dilabimur,
674 340 705 406 2.
720 342 796 422 lieg.
812 340 907 416 xta,
929 360 989 406 nee
1010 341 1304 425 aliquiaprudenter

126 448 277 510 confidere
299 454 402 526 potest
424 446 462 508 de
486 452 584 507 aetate
604 444 788 522 juventutis,
823 445 862 508 de
887 448 1004 509 virtutis
1027 446 1151 519 robure,
1175 446 1213 508 de
1236 464 1303 509 ccr-

126 553 208 629 pcris
231 553 376 621 sanitate,
410 550 447 611 de
470 548 623 609 mundana
651 550 867 626 prosperitate,
900 552 970 629 quia
991 550 1065 625 nulli
1094 551 1189 631 parcit
1211 569 1304 622 mors,

127 661 158 717 ct
181 673 277 736 aeque
300 657 470 715 moriuntur
493 670 584 714 senes
607 660 638 713 ei
649 651 797 730 juvenes,
821 653 930 715 divites
946 663 978 718 et
993 665 1151 735 pauperes.
1184 656 1304 719 Caduca

126 761 267 821 nimirum
290 766 321 820 et
336 757 451 837 fragilia
472 758 669 835 pluribusque
685 763 889 818 consentanea
904 760 1027 836 erepitis
1043 766 1114 820 suut
1136 762 1203 831 ista,
1226 777 1304 838 quae

126 866 207 925 vires
231 862 381 924 humanae
405 869 494 941 atque
519 844 593 940 opes
616 866 774 933 uocantum
799 860 926 922 ailluuui
949 863 1057 935 subito,
1080 871 1207 942 repente
1228 863 1303 926 dila·
1333 861 1336 868 ‘

126 968 251 1041 buntur,
274 968 356 1030 nullo
379 969 411 1028 in
434 967 516 1038 loco,
549 965 632 1027 nulla
662 967 694 1026 in
716 982 846 1044 persona
870 959 1032 1028 stabilibus
1048 966 1134 1028 iubae
1155 966 1304 1031 radicibus

125 1068 284 1143 insistunt,
308 1072 363 1134 sed
385 1067 587 1134 incertissimo
611 1069 683 1130 flatu
706 1072 811 1131 ruinae
834 1070 894 1130 huc
917 1077 1008 1149 atque
1029 1070 1102 1131 illuc
1124 1077 1204 1142 acta,
1228 1088 1304 1150 ques

124 1180 154 1238 in
170 1179 297 1240 sublime
314 1181 492 1251 extulemnt,
508 1179 672 1257 improviso
689 1176 819 1238 decursu
829 1176 992 1238 destitutos
1010 1174 1158 1255 profunda
1174 1174 1304 1236 cladium

125 1270 336 1344 miserabiliter
357 1266 548 1363 immergunt.
596 1280 684 1354 Quod
713 1280 883 1342 luculenter
916 1281 1102 1342 demonstrat
1124 1279 1304 1359 leronymus

125 1389 156 1447 in
180 1388 333 1466 epitaphio
356 1389 531 1466 Nepotiani,
565 1386 642 1465 plur.
667 1384 817 1463 replicans
840 1387 952 1447 vicinas
976 1403 1082 1465 regum
1105 1386 1242 1447 miserias
1274 1390 1305 1444 et

125 1494 220 1555 nostri
243 1493 378 1570 corporis
402 1483 607 1558 calamitates,
638 1496 670 1550 ui
692 1506 751 1549 non
782 1496 844 1548 tam
859 1489 1059 1569 plangendus
1083 1491 1138 1560 sit,
1173 1490 1224 1567 qui
1247 1489 1304 1550 hac

126 1594 195 1655 luce
220 1585 363 1666 caruerit,
387 1612 477 1672 quam
494 1592 764 1672 congratulandum
786 1593 828 1663 ei,
853 1591 935 1670 qnod
957 1591 995 1651 de
1011 1594 1100 1653 tantis
1124 1593 1210 1652 malis
1233 1610 1303 1679 eva-

126 1699 219 1769 serit,
253 1696 333 1776 quod
364 1714 419 1775 per
447 1697 541 1757 multa
569 1695 682 1756 ibidem
705 1696 812 1776 probat
835 1696 986 1774 exempla,
1011 1697 1090 1757 sicut
1114 1703 1222 1757 einos
1247 1692 1302 1777 (b)

128 1800 166 1862 ad
188 1801 310 1862 oculum
332 1802 493 1863 cernimus.
525 1798 672 1860 Omnibus
688 1799 751 1871 his,
776 1817 853 1878 quae
876 1816 947 1859 cum
962 1798 1105 1860 defuncta
1127 1801 1191 1862 viro
1215 1818 1302 1879 gere-

125 1904 243 1975 bantur,
266 1904 388 1967 iuteriui
411 1923 604 1985 manumque,
627 1905 676 1966 ubi
701 1913 881 1985 oportunum
904 1905 972 1976 tuit,
995 1907 1129 1985 apposui,
1154 1913 1185 1967 et
1206 1906 1302 1966 maui-

125 2006 203 2067 lesta
227 2010 411 2088 experientia
427 2009 597 2080 didicimus,
621 2009 781 2070 confictum
798 2025 867 2069 esse
883 2007 1082 2079 mendacium,
1108 2027 1168 2088 quo
1184 2008 1301 2080 dicitur,

64 2164 75 2180 ,
126 2110 207 2189 quod
229 2128 342 2192 corpu-s
366 2115 504 2175 exanime
528 2114 593 2174 sive
615 2118 768 2174 mortuum
790 2130 847 2191 per
869 2128 1035 2174 mare‘non
1050 2112 1154 2191 possit
1169 2114 1248 2185 duci,
1272 2121 1304 2174 et

126 2199 282 2293 praetextu
304 2215 384 2277 illius
406 2217 542 2296 figmenti
564 2218 734 2299 peregrini,
759 2218 849 2277 etiam
871 2218 988 2296 magni,
1011 2216 1144 2288 nobiles,
1172 2218 1302 2280 barones

127 2323 158 2378 et
180 2318 304 2386 milites,
328 2321 379 2397 qui
393 2336 448 2397 pro
463 2327 604 2399 ternpore
614 2321 650 2380 in
666 2321 742 2398 mari
758 2321 848 2380 rebus
863 2319 1013 2380 excedunt
1029 2319 1178 2389 humanis,
1202 2322 1303 2381 statim

126 2423 157 2482 in
189 2423 286 2485 undas
314 2424 490 2494 mittuntur,
523 2439 582 2482 nec
614 2422 662 2482 vel
682 2422 728 2483 ad
755 2430 850 2482 terras
887 2424 1037 2502 proximas
1070 2423 1207 2482 sinuntur
1234 2423 1303 2483 vehi

127 2528 230 2606 gratia,
244 2525 440 2604 sepeliendi·
468 2527 578 2589 Dicunt
601 2529 682 2588 euim
705 2545 774 2588 cum
797 2531 958 2608 peregrino
982 2535 1101 2590 mortuo
1127 2547 1188 2589 nou
1211 2544 1302 2605 posse

127 2646 197 2691 esse
213 2629 395 2690 innuentem
412 2633 641 2711 navigationem,
665 2633 734 2693 ideo
750 2632 903 2704 festinant,
924 2639 960 2694 ut
984 2632 1157 2709 ejiciantur,
1180 2648 1303 2692 suorum

127 2750 199 2795 vero
223 2728 413 2795 dominorum
437 2727 563 2813 corpora
587 2735 624 2797 ad
646 2743 786 2816 paternas
810 2737 980 2816 sepulturas
991 2736 1209 2807 transducunt,
1233 2736 1303 2814 qnia

128 2845 252 2918 corpore
275 2846 379 2900 nostra
402 2842 463 2901 sint
485 2841 652 2903 infeliciora
673 2860 779 2902 eorum
804 2841 1015 2903 cadaveribus.¹

212 2941 267 3003 lllc
291 2942 340 3004 die
364 2940 559 3023 sepelivimus
582 2945 621 3007 de
637 2947 735 3008 classe
752 2955 880 3025 quatuor
894 2956 1050 3018 mortuos,
1074 2946 1150 3008 duos
1173 2947 1203 3006 in
1228 2961 1300 3023 qua·

126 3045 194 3107 dam
216 3040 300 3126 ‘galea
325 3055 459 3110 mortuos
483 3066 519 3111 ex
542 3051 727 3121 infirmitate,
750 3071 844 3113 unum
865 3051 964 3131 gladio
987 3051 1181 3129 interiectum
1203 3050 1233 3108 in
1252 3065 1301 3108 ca·

125 3149 214 3208 stelle
238 3168 254 3210 a
277 3151 408 3229 quodam
431 3151 489 3212 alic
512 3153 647 3231 galeata,
671 3155 723 3232 qui
745 3155 832 3215 nobis
856 3173 925 3216 eum
941 3157 1098 3233 evaginato
1122 3161 1153 3214 et
1176 3157 1301 3213 cruento

126 3236 388 3331 gladic'occurrit,
412 3256 509 3318 abdita
533 3264 638 3336 petere
660 3259 775 3328 volens,
800 3266 949 3338 quartum,
974 3260 1139 3330 consulem,
1162 3259 1193 3317 iu
1216 3256 1301 3336 galea

125 3365 243 3430 nostra,
275 3357 362 3435 cujus
385 3359 525 3438 sepelitio
549 3360 604 3422 tuit
627 3363 700 3422 mihi
723 3369 755 3423 ei
777 3362 916 3424 omnibus
940 3382 1001 3424 non
1024 3363 1176 3435 salumin
1199 3367 1301 3421 nostra

125 3460 228 3538 galea,
249 3460 303 3522 sed
320 3479 375 3539 per
388 3469 482 3523 totam
498 3464 628 3547 classem
651 3446 882 3538 molestissima,
906 3466 962 3528 sed
977 3483 1066 3527 nemo
1081 3465 1164 3543 loqui
1178 3463 1302 3524 verbum

126 3560 218 3626 ausus
241 3563 297 3624 tuit
320 3581 377 3624 nec
398 3565 516 3627 vultum
537 3573 657 3643 torvum
681 3568 854 3629 ostendere.
952 3581 954 3586 ’

212 3669 304 3730 Facto
328 3662 456 3749 vespere
485 3672 515 3730 in
539 3671 656 3749 galeam
686 3675 801 3734 reversi
824 3690 928 3733 sumus
952 3690 1073 3742 omnes,
1108 3679 1138 3733 et
1160 3672 1302 3751 aptabant

125 3770 262 3833 naucleri
286 3772 432 3845 classem,
456 3775 541 3852 quasi
565 3776 801 3847 securi'essent,
826 3792 859 3836 se
882 3776 912 3837 in
936 3776 986 3837 illa
1007 3783 1097 3837 nocte
1119 3793 1299 3855 prosperum

125 3884 250 3939 ventum
272 3877 426 3939 babituros
450 3896 504 3958 pro
520 3879 725 3956 navigatione,
749 3897 818 3942 cum
840 3884 942 3941 tamen
957 3879 1044 3959 pejor
1061 3881 1213 3942 videretur
1228 3877 1302 3938 mibi

126 3986 249 4052 ventus,
273 3999 364 4060 quam
387 3981 452 4043 beri
475 3988 506 4043 et
528 3980 637 4042 nudius
659 3984 782 4055 tertius;
806 3983 966 4064 sperabant
987 3987 1082 4057 enim,
1105 3984 1187 4065 quod
1209 4001 1300 4063 prop-

126 4087 175 4142 ter
195 4085 309 4146 instans
332 4085 444 4147 testum
467 4086 498 4146 S.
524 4084 688 4158 Caeciliae,
722 4103 800 4165 quae
824 4105 882 4148 una
906 4068 953 4149 est
983 4088 1020 4149 de
1043 4091 1177 4168 patronis
1201 4090 1300 4159 maris,

127 4191 250 4255 rentum
263 4188 378 4250 bonum
399 4187 554 4252 futurumr·
575 4187 649 4250 ua'm·
667 4190 723 4251 bos
738 4198 858 4255 sanctos
882 4192 986 4255 dicuat
1008 4210 1078 4255 esse
1099 4194 1302 4271 navigantium
