2902 4710
713 135 778 205 tto

155 319 221 375 tum
241 311 402 385 habentes,
434 311 608 391 patentibus
630 311 772 374 fenestris
794 311 903 384 lucidi,
936 329 1015 392 quae
1046 313 1156 375 ferreis
1187 312 1334 376 cancellis

157 422 228 478 sunt
251 415 388 488 clausae,
412 433 468 495 per
491 433 565 494 quas
587 418 696 495 captivi
722 417 877 495 respicere
900 423 1027 495 possunt
1048 425 1080 479 et
1098 435 1204 478 manus
1228 425 1334 479 exten·

158 519 230 582 dere
265 525 296 581 et
319 538 389 580 cum
412 519 577 582 astantibus
611 520 795 599 colloquium
817 520 945 593 hahere,
977 523 1057 582 etsi
1080 528 1336 600 suntpauperes,

159 624 382 703 eleemosynam
400 641 421 684 a
445 625 676 686 transcuntibus·
691 631 796 704 petere
812 630 948 705 possunt.
980 624 1048 686 Vidi
1070 627 1102 686 in
1125 644 1186 688 nno
1210 643 1335 689 carcere

73 731 75 734 ’
158 729 237 789 ultra
259 726 311 787 XL
334 745 484 807 pauperes
517 735 708 791 transeuntes
736 728 935 790 inclamantes
958 746 1014 807 pro
1037 729 1253 792 misericordia.
1300 728 1336 790 ln

159 830 217 893 alio
239 831 301 893 vidi
322 831 470 893 foeminas
501 849 651 912 pauperes
682 849 737 912 pro
767 833 970 911 elecmosynis
1001 832 1175 894 clamantes.
1219 832 1254 894 ln
1276 835 1337 895 alio

157 934 221 998 vidi
241 934 383 997 sedentes
407 936 600 999 mechanicos
624 939 779 1015 captivos,
812 938 863 1015 qni
886 937 1024 997 manibus
1053 936 1146 998 nihilo
1170 938 1269 999 minus
1291 937 1337 1000 la·

156 1039 301 1100 borabant
322 1040 353 1099 in
376 1042 439 1121 suis
463 1041 574 1103 artibus
605 1047 636 1103 et
657 1041 797 1103 denarios
822 1029 1032 1102 lucrabantur}
1070 1037 1103 1099 ln
1127 1039 1185 1101 alio
1211 1058 1337 1103 carcere

158 1141 219 1204 ridi
248 1142 355 1204 divites
386 1129 591 1223 negotiatores
620 1145 768 1218 inclusos,
804 1147 854 1224 qui
876 1146 965 1211 simul
993 1143 1134 1205 ludebant
1164 1147 1194 1206 in
1218 1126 1283 1208 alea
1306 1152 1340 1208 et

158 1247 283 1318 scacho,
319 1254 349 1309 et
373 1246 550 1310 domicellae
578 1267 687 1311 uxores
718 1266 824 1310 eorum
853 1266 923 1310 oum
955 1246 1070 1310 ancillis
1094 1254 1125 1310 et
1147 1251 1244 1310 servis
1267 1255 1338 1310 ante

159 1350 310 1413 cancellos
334 1351 463 1416 stabant
496 1353 704 1435 colloquentes
738 1355 793 1414 eis.
845 1352 879 1414 ln
911 1353 969 1414 alio
997 1354 1141 1432 singulari
1168 1352 1339 1414 inclusorio

158 1455 220 1519 vidi
241 1454 390 1517 Judaeum
412 1457 562 1536 quendam
585 1474 709 1530 senem‘,
745 1459 897 1536 captivum
918 1459 1034 1520 ratione
1067 1456 1251 1529 debitorum,
1286 1458 1339 1534 qui

160 1578 195 1622 se
217 1563 318 1639 ipsum
340 1562 370 1622 in
394 1561 532 1625 custodia
547 1563 753 1642 strangulavit,
768 1578 867 1641 quem
891 1561 1035 1623 custodes
1052 1565 1209 1622 carcerum
1225 1577 1339 1639 posue·

159 1670 232 1726 runt
254 1665 298 1726 sic
321 1663 496 1727 defunctum
520 1666 558 1728 ad
580 1667 735 1746 publicum
757 1662 861 1746 palatii
884 1665 1154 1726 deambulatorium
1183 1670 1216 1725 et
1246 1680 1340 1742 quos·

161 1768 230 1831 dam
253 1767 486 1846 deputaverunt,
509 1772 562 1849 qui
587 1788 658 1833 cnm
679 1787 734 1850 per
757 1769 865 1853 multas
882 1770 971 1830 horas
999 1771 1263 1831 circumsteterunt
1287 1785 1340 1828 ex·

161 1879 354 1955 spectantes,
385 1876 411 1934 si
435 1874 542 1952 aliquis
573 1876 700 1937 veniret.
720 1874 758 1935 ad
779 1874 1016 1953 inculpationem
1037 1872 1087 1934 rel
1110 1872 1341 1933 excusationem

160 1974 267 2037 ludaei
289 1978 415 2049 mortui,
439 1976 636 2040 ostendentes
659 1974 798 2039 omnibus
821 1978 991 2058 patentibus
1014 1977 1125 2056 signis,
1148 1972 1265 2037 anullo
1281 1975 1341 2035 nial

165 2095 183 2140 a
204 2096 239 2139 se
261 2081 499 2157 ipsooccisum.
546 2081 609 2144 Sed
631 2100 701 2143 cnm
724 2100 816 2144 nemo
837 2084 969 2154 veniret,
993 2083 1053 2144 nisi
1075 2087 1172 2154 testes
1182 2078 1342 2141 homicidii

45 2255 48 2263 1
162 2183 193 2244 in
215 2201 249 2245 se
272 2186 391 2264 ipsum,
421 2192 575 2250 traxerunt
598 2186 725 2250 cadaver
746 2171 790 2248 ¹in
821 2189 952 2267 plateam
985 2192 1016 2247 et
1035 2183 1120 2262 juxta
1141 2185 1226 2246 littus
1248 2184 1341 2243 maris

163 2296 441 2352 concremaverunt.
484 2288 597 2352 Multos
614 2274 704 2353 etiam
727 2293 862 2370 captivos
886 2309 955 2351 oum
978 2288 1124 2350 industria
1132 2289 1237 2363 ,minus
1253 2292 1342 2348 caute

164 2392 337 2454 custodiunt
360 2400 391 2455 et
414 2394 587 2475 aufugiendi
613 2397 869 2474 opportunitatem
892 2394 1044 2464 tribuunt,
1058 2392 1248 2473 ¹praesertim
1272 2409 1343 2452 curn

164 2503 281 2576 partem
304 2496 460 2559 adversam
490 2499 689 2561 crudeliorem
718 2497 802 2576 justo
835 2501 989 2576 sentiunt,
1022 2495 1102 2559 unde
1134 2513 1195 2581 non
1225 2494 1342 2566 curant,

164 2600 247 2678 quod
269 2600 345 2663 tales
369 2620 507 2665 carceres
530 2603 669 2684 frangant
691 2591 905 2682 et'efiugiant,
928 2604 1006 2663 sicut
1023 2608 1091 2664 ante
1107 2617 1221 2680 paucos
1245 2610 1343 2658 annos

165 2710 315 2765 mercator
338 2707 458 2784 quidam
482 2706 619 2770 deUlma
642 2708 738 2768 evasit
760 2723 914 2768 carcerem
937 2724 992 2784 per
1016 2704 1223 2766 adlectionem
1245 2707 1344 2764 testu·

166 2806 254 2867 dinis.
301 2808 431 2882 Verum,
456 2815 584 2893 quipro
608 2810 780 2873 enormibus
797 2811 985 2883 excessibus,
1009 2813 1061 2890 qui
1078 2816 1175 2871 morte
1189 2803 1345 2887 plectendi

167 2916 252 2982 sunt,
290 2914 320 2972 in
354 2901 525 2977 carceribus
559 2916 731 2977 detinentur
762 2916 955 2989 arctioribus,
994 2911 1199 2975 tolerabilibus
1230 2916 1344 2978 tamen.

166 3007 247 3072 luter
269 3016 377 3083 multas
402 3018 595 3081 crudelitates
617 3018 854 3080 Teutonicornm
879 3017 998 3079 catilla
1020 3035 1095 3089 una,
1119 3013 1201 3094 quod
1221 3029 1345 3073 reorum

169 3136 307 3189 carceres
330 3129 400 3183 sunt
421 3123 593 3195 inhumani,
616 3121 781 3204 terribiles,
805 3121 940 3192 obscuri,
975 3124 1006 3182 in
1028 3118 1184 3200 profundis
1206 3116 1346 3185 turrium,

168 3225 302 3298 humidi,
336 3226 450 3307 frigidi,
481 3234 512 3288 et
533 3243 759 3305 nonnumquam
788 3226 980 3305 serpentibus
1011 3230 1042 3286 et
1063 3221 1222 3284 husonibus
1252 3217 1347 3297 pleni,

168 3337 257 3413 longe
280 3335 316 3396 ab
339 3334 509 3395 hominihus
534 3331 736 3411 sequestrati,
758 3347 817 3391 nec
840 3330 947 3419 aliquis
973 3326 1092 3390 accedit
1113 3323 1285 3387 consolator
1308 3319 1348 3381 ad

168 3443 297 3501 miseros
321 3439 408 3513 illos„
441 3439 500 3498 nisi
523 3442 654 3499 tortores
688 3434 905 3506 crudelissimi,
941 3435 992 3512 qui
1016 3437 1161 3503 terreant,
1195 3429 1348 3490 minentur

169 3552 201 3607 et
223 3550 391 3622 torqueant.
436 3542 535 3604 Aliam
559 3543 705 3620 pietatem
729 3539 870 3600 exhibent
892 3537 999 3598 Veneti
1023 3538 1098 3609 reis,
1133 3535 1226 3595 etiam
1247 3533 1347 3589 morte

169 3647 352 3727 plectendis;
378 3654 561 3723 consumunt
596 3650 677 3709 enim
701 3664 753 3708 eos
784 3645 925 3707 brevibus
948 3645 1071 3722 poenis,
1105 3647 1139 3702 ut
1160 3646 1252 3720 puta:
1283 3634 1349 3713 jam

170 3768 336 3828 suspensus
366 3750 474 3829 laqueo
505 3770 566 3811 non
590 3750 748 3812 dimittitur
781 3747 958 3828 simpliciter
983 3746 1138 3826 pendere,
1174 3742 1230 3804 sed
1258 3742 1350 3802 lictor

172 3856 294 3917 dimittit
317 3872 425 3933 seper
446 3854 550 3915 funem
573 3871 665 3931 super
700 3852 810 3912 collum
844 3852 983 3930 suspensi
1018 3848 1198 3929 etpedibus
1231 3846 1352 3923 stringit

171 3961 330 4037 laqueum,
354 3959 459 4036 sicque
483 3961 510 4020 vi
533 3974 639 4035 magna
663 3961 820 4034 extorquet
835 3956 892 4015 sibi
913 3958 1023 4026 vium,
1046 3952 1199 4033 repellens
1223 3948 1351 4028 conglu-

170 4065 295 4126 tinatam
319 4064 438 4141 corpori
462 4064 607 4136 animam,
642 4079 718 4141 quae
742 4061 854 4122 diutius
877 4064 979 4121 manet
1000 4060 1032 4119 in
1053 4057 1166 4117 nostris
1188 4054 1351 4132 suspensis

158 4186 243 4258 'oum
264 4165 465 4246 inexplicabili
480 4183 587 4246 poena
617 4168 708 4229 etiam
733 4172 804 4245 post
825 4165 997 4226 cessionem
1019 4161 1118 4222 omnis
1141 4163 1253 4220 motus.
1297 4155 1353 4219 Sic
