2874 4770
764 178 811 249 Sl

202 359 335 417 maniter
356 356 517 421 moechor,
540 357 611 432 quia
632 355 691 434 ipsi
706 355 866 417 &moeni
886 355 962 416 baec
977 373 1032 416 sna
1047 356 1178 416 oratoria
1195 355 1379 416 muschheas

201 459 371 528 nominant,
400 474 477 536 quos
500 458 579 516 sacri
601 473 735 518 canones
755 460 912 519 nominant
941 460 1126 535 mesquitas,
1155 464 1188 516 el
1219 456 1379 535 aliquando

202 562 302 621 iuveni
325 561 472 639 seriptum
495 556 631 619 meotida
653 577 709 637 pro
731 563 894 638 mesquita,
923 560 1084 637 aliquando
1106 562 1209 638 reperi
1234 562 1381 620 momoria

202 682 258 742 pro
279 663 433 723 moscbea.
479 660 544 722 lloe
566 662 663 731 enim,
692 661 773 740 quod
802 681 859 723 nos
879 661 1020 723 basilicas
1042 671 1094 723 aut
1117 663 1268 723 ecclesias
1293 682 1379 725 voca-

200 785 285 837 mus,
307 767 366 827 boc
381 766 541 826 Sarraceni
554 765 722 842 mesquitas
743 771 862 825 vocent.
894 763 939 822 uc
953 761 1002 823 ln.
1019 771 1051 823 et
1066 765 1131 826 Sar.
1151 766 1274 827 Eccles.
1293 765 1334 846 (.l
1351 769 1380 826 in

200 869 259 929 ele.
276 914 284 929 .
301 912 309 927 .
326 868 375 928 ubi
397 867 467 929 vide
488 865 557 936 blo,
580 872 613 925 et
633 866 770 926 invenies
792 865 888 926 multa
909 864 948 925 de
967 865 1177 928 sacerdotibus
1193 869 1380 931 Sarraceno-

200 990 266 1032 rum
289 978 321 1030 et
344 971 383 1031 de
404 970 511 1031 ritibus
532 985 650 1029 eornm.

285 1073 447 1137 Multitudo
470 1091 543 1152 ergo
565 1078 648 1132 tanta
666 1070 880 1133 moschearum
895 1073 1020 1149 requirit
1036 1072 1264 1134 multitudinem
1279 1093 1378 1136 sacer-

200 1178 317 1248 dotum,
340 1180 419 1239 sicut
441 1175 521 1256 apud
543 1193 618 1246 nos3
643 1173 693 1233 ubi
716 1173 829 1235 multae
851 1181 922 1234 sunt
944 1173 1110 1246 eeclesiae,
1132 1177 1175 1237 ibi
1198 1184 1272 1238 sunt
1296 1180 1378 1238 mulli

201 1280 385 1341 sacerdotes.
431 1279 507 1339 Sunt
530 1284 633 1339 antem
654 1276 817 1336 rnoscbeae
847 1275 976 1354 templa,
1006 1279 1209 1338 communiter
1242 1280 1377 1351 rotunda,

200 1382 400 1453 testudinata,
428 1383 554 1441 interius
584 1395 695 1448 vacua,
726 1379 792 1438 sine
815 1378 973 1448 altaribus,
1003 1380 1070 1438 sinc
1092 1381 1276 1458 imaginibus
1299 1387 1378 1444 sicul

199 1492 281 1562 patet
303 1483 391 1544 Parte
418 1482 445 1547 1.
469 1478 619 1551 r01.260‚
642 1499 712 1541 oum
734 1479 837 1541 multis
860 1479 1049 1559 lampadibus
1064 1484 1094 1542 in
1109 1485 1154 1542 eis
1174 1486 1376 1563 pendentibus

200 1594 230 1647 et
253 1587 292 1648 de
315 1588 445 1650 turribus
469 1584 708 1666 prominentibus
731 1591 762 1644 el
784 1589 856 1644 sunt
878 1586 954 1645 istac
987 1585 1150 1646 moscheae
1180 1606 1237 1666 per
1268 1589 1375 1651 divites

199 1697 231 1751 et
253 1696 392 1769 potentes
406 1690 590 1757 aedificatae,
615 1693 647 1747 et
669 1705 739 1748 com
761 1689 933 1766 provisione
956 1687 1164 1763 sacerdotum,
1188 1712 1244 1770 pro
1269 1695 1376 1773 quibus

199 1791 388 1870 praebendae
419 1798 450 1851 cl
483 1790 628 1851 beneficia
659 1798 730 1850 sunt
759 1788 896 1851 ordinata
924 1795 956 1849 et
985 1807 1061 1850 urna
1093 1793 1279 1874 lampadum.
1326 1798 1376 1857 Sic

108 1940 117 1949 .
200 1897 291 1955 etiam
314 1894 424 1954 habent
446 1895 602 1972 gymnasia
626 1891 779 1963 ordinata,
802 1894 832 1952 in
848 1894 956 1970 quibus
970 1893 1112 1971 leguntur
1127 1898 1212 1976 leges
1228 1900 1377 1977 quaedam

201 1998 320 2069 civiles,
351 2015 369 2057 a
398 1998 520 2075 regibus
548 1998 738 2075 conscriptae
766 2003 797 2056 et
825 1996 957 2058 lectores
979 1998 1136 2060 beneficiis
1159 2009 1231 2061 sunt
1254 2005 1375 2080 provisi.

200 2101 346 2160 Similiter
368 2106 400 2160 et
423 2099 582 2177 hospitalia
604 2100 681 2160 bene
705 2101 826 2177 provisa
848 2098 958 2161 babent
973 2118 1029 2178 pro
1044 2104 1226 2181 pauperibus
1243 2113 1275 2165 et
1288 2124 1376 2183 pere·

201 2204 308 2281 grinis;
333 2203 468 2262 morituri
489 2203 571 2261 enim
586 2200 762 2277 hujusmodi
778 2202 916 2263 ordinant
931 2209 963 2262 et
976 2202 1078 2280 legant
1092 2223 1145 2282 pro
1161 2223 1216 2267 sua
1233 2209 1332 2269 salute
1348 2217 1377 2270 et

199 2312 233 2366 ut
255 2306 399 2365 memoria
422 2321 527 2365 eorum
550 2311 685 2374 maneat,
718 2304 800 2382 quod
822 2306 974 2384 potiorem
996 2323 1067 2367 esse
1093 2311 1220 2370 aestimo
1244 2329 1376 2373 causam.

286 2407 363 2467 Sunt
377 2414 477 2468 autem
491 2409 570 2467 inter
584 2424 638 2467 eos
654 2407 790 2486 triplices
806 2405 992 2469 sacerdotes.
1015 2407 1117 2488 Aliqui
1132 2422 1278 2490 praesunt
1293 2433 1377 2494 gym-

203 2510 310 2581 nasiis,
333 2517 365 2570 et
379 2509 483 2587 legunt
498 2511 529 2570 in
545 2509 656 2571 scholis
676 2509 745 2586 jura
767 2521 799 2571 et
820 2512 905 2588 leges
930 2529 1052 2583 eorum,
1077 2520 1109 2575 et
1130 2517 1201 2593 quia
1224 2514 1379 2580 doctiores

200 2617 285 2683 suot,
320 2612 356 2672 ad
390 2612 557 2690 regendum
589 2613 734 2690 populum
765 2613 953 2684 ordinantur,
985 2623 1017 2674 et
1049 2624 1195 2679 vocantur
1228 2618 1377 2682 Moderis.

199 2715 287 2775 Docti
309 2733 382 2776 vero
410 2721 521 2776 elnon
544 2714 583 2775 ad
608 2716 774 2794 regendum
799 2719 861 2795 apti
884 2716 1253 2781 dicunturlllinetscbum.
1302 2725 1378 2785 Sunt

200 2824 300 2877 antem
322 2817 411 2895 aliqui
434 2817 514 2878 docti
538 2817 575 2877 ad
598 2817 673 2889 hoc,
707 2826 740 2880 ut
763 2820 865 2897 pueris
895 2819 995 2897 legant
1024 2837 1148 2898 eosque·
1167 2824 1199 2882 in
1228 2823 1377 2886 Alcoraoo

198 2918 347 2976 instruant
368 2926 399 2979 et
422 2919 453 2977 hi
476 2928 620 2979 vocantur
643 2918 814 2981 Tamsman.
860 2922 897 2982 Et
930 2940 1036 2982 omnes
1065 2926 1116 2984 isti
1146 2934 1216 2987 sunt
1251 2928 1377 2990 liberia

113 3070 120 3080 .
199 3020 343 3080 servitute
366 3028 396 3082 et
419 3023 559 3081 oneribus
583 3027 750 3084 communis
775 3025 896 3105 populi,
920 3045 980 3086 non
1004 3033 1105 3086 tamen
1123 3029 1330 3092 intromittunt
1344 3049 1377 3091 se

200 3120 238 3182 de
260 3121 423 3183 moscheis.
703 3186 706 3195 ¹
779 3184 784 3191 ,

285 3226 417 3288 Secundi
429 3227 602 3288 sacerdotes
618 3231 697 3291 iuter
708 3231 891 3293 Sarracenos
905 3232 1044 3293 dicuntur
1056 3232 1158 3293 Sancti
1182 3241 1213 3294 et
1229 3253 1292 3295 non
1308 3243 1378 3298 sunt

198 3328 280 3390 docti
294 3314 351 3390 uec
365 3331 496 3402 stabiles,
512 3330 567 3391 sed
579 3339 743 3410 evagantur
755 3339 786 3392 ct
802 3337 875 3395 mira
889 3335 1002 3396 iaciunt
1016 3337 1046 3395 in
1060 3336 1245 3418 naturalibus
1261 3340 1378 3400 actibus

197 3434 350 3493 virtutum.
396 3433 572 3494 Sanctiores'
593 3441 694 3496 tamen
718 3435 859 3497 dicuutur
881 3436 1028 3516 biiuges,
1053 3440 1104 3514 qui
1127 3438 1250 3499 fuerunt
1273 3441 1312 3502 ad
1327 3459 1377 3502 se-

198 3533 356 3612 pulchrum
378 3530 563 3597 Machometi
586 3540 617 3599 in
639 3537 784 3611 Maccha,
808 3542 858 3618 qui
883 3543 947 3602 viso
969 3540 1130 3619 sepulchro
1149 3544 1252 3603 statim
1267 3551 1379 3606 eruunt

198 3636 255 3694 sibi
278 3634 400 3708 oculos,
433 3654 472 3696 ne
504 3646 572 3717 post
602 3641 660 3700 hoc
684 3643 741 3702 alia
764 3643 900 3715 videant,
934 3664 973 3705 ne
997 3647 1145 3705 memoria
1168 3648 1323 3724 sepulchri
1346 3656 1379 3711 et

197 3733 364 3795 Mahorneli
387 3736 577 3800 diminuatur.
623 3742 792 3805 Aestimaot
817 3748 924 3816 etiam,
950 3749 1032 3825 quod
1056 3767 1104 3808 res
1128 3751 1204 3810 aliae
1228 3771 1290 3812 non
1307 3760 1378 3815 sunt

198 3835 306 3914 dignae
328 3837 424 3899 videri
457 3842 552 3902 oculis
584 3844 658 3914 illis,
692 3848 800 3924 quibos
831 3847 935 3908 datum
965 3857 1013 3910 cst
1041 3851 1155 3920 videre,
1177 3856 1379 3934 sepulchrum

197 3936 392 4001 Machameli.

283 4040 378 4103 Tertii
393 4045 569 4111 sacerdotes
584 4053 714 4114 ministri
730 4057 940 4143 moschearum
951 4056 1092 4120 dicuntur
1103 4058 1236 4139 Soquiet
1246 4061 1376 4128 Vecteu.

197 4143 292 4225 Sequi
311 4153 385 4210 runt
406 4152 492 4247 quasi
513 4152 649 4230 plebani,
672 4155 791 4220 Vecten
812 4167 916 4224 autem
942 4162 1029 4237 quasi
1052 4159 1204 4237 adiutores
1226 4172 1258 4228 et
1273 4167 1377 4248 capet-
