2874 4770
689 161 755 235 333

133 345 236 423 iguem
259 339 455 402 exstinximus
477 338 543 398 sinc
565 340 648 400 omni
670 338 803 399 clamore
824 344 857 400 ct
877 338 1008 400 tumultu
1030 344 1062 399 ct
1082 337 1186 399 locum
1211 355 1310 400 remo·

135 449 251 518 vimus,
285 462 341 525 per
370 444 501 523 spissum
531 443 612 502 enirn
641 440 871 503 fundamentum
900 444 956 504 sub
978 444 1048 522 igne
1070 443 1170 503 trabes
1193 444 1311 504 incensi

136 550 272 623 fuerant,
296 554 327 609 et
350 548 426 608 haec
448 546 503 608 fuit
529 564 637 618 causa,
659 545 741 623 quod
763 547 885 606 titiones
908 547 964 607 snb
987 548 1136 608 cineribus
1157 545 1310 617 ardebant,

137 657 207 734 quia
230 655 265 715 ab
289 650 479 712 inferioribus
502 650 685 729 spiraculum
709 648 867 710 habebant
900 649 976 710 Cum
997 668 1070 729 crgo
1085 659 1181 711 totum
1197 653 1308 712 exstin-

136 761 301 830 xissemus,
338 756 410 818 dixit
433 755 572 817 dominus
606 754 714 816 domus
748 752 785 815 ad
815 773 880 816 me:
904 775 938 822 ,o
959 756 1058 828 felir,
1090 774 1181 834 quarn
1202 755 1309 816 felices

134 869 206 923 suot
228 862 390 922 matutinae
408 864 439 920 et
453 859 573 937 vigiliae
589 862 673 919 tuae!
696 857 755 919 Per
777 877 829 920 eas
852 858 961 920 domus
977 877 1046 920 mea
1068 868 1099 921 et
1120 868 1182 922 tota
1205 862 1309 920 ciuitas

133 967 170 1027 ub
192 964 334 1027 inccndio
356 963 494 1034 liberata,
519 969 551 1023 ct
572 980 629 1023 nos
652 979 760 1023 omncs
784 980 800 1022 a
823 963 1001 1024 confusione
1024 971 1056 1026 el
1078 965 1223 1043 periculo.
1253 964 1309 1024 Cui

131 1070 292 1150 respondi:
325 1067 505 1146 adjutorium
536 1073 674 1128 nostrum
707 1068 739 1126 in
760 1069 883 1127 nominc
906 1067 1037 1128 Domini.
1082 1067 1116 1130 ln
1136 1071 1215 1130 bona
1237 1088 1308 1148 pro·

131 1175 214 1236 lecto
235 1175 309 1235 hora
332 1174 463 1244 surrexi,
498 1175 524 1233 si
555 1175 637 1234 enim
667 1172 705 1234 ad
739 1173 853 1232 sextalc
883 1175 972 1234 nnius
1004 1174 1096 1235 borae
1118 1177 1309 1246 mansissem,

132 1270 240 1342 domus
262 1286 325 1340 tota
348 1281 436 1357 ignea
459 1277 582 1349 luisset,
604 1284 636 1336 et
650 1294 705 1355 per
720 1294 911 1355 consequens
926 1277 1037 1338 domus
1051 1281 1221 1357 contiguae,
1244 1284 1310 1339 erat

133 1387 214 1448 enim
237 1384 345 1446 domus
367 1391 430 1445 tola
452 1382 552 1462 lignea
574 1388 606 1442 et
628 1383 766 1459 antiqua,
798 1380 836 1441 de
859 1381 1036 1443 aridissimis
1065 1383 1170 1461 lignis,
1202 1382 1310 1446 uallata

133 1490 191 1550 sibi
213 1488 361 1550 similibus
383 1486 521 1548 domibus
544 1488 576 1547 in
597 1488 665 1547 vico
688 1488 795 1546 stricto
818 1491 849 1546 ct
872 1493 971 1559 arcto,
1008 1489 1168 1565 elingens
1190 1493 1310 1558 sentus,

134 1595 187 1672 qui
210 1592 248 1652 ad
269 1593 372 1653 statim
393 1593 493 1668 ignem
517 1608 571 1670 per
592 1597 687 1651 totam
709 1592 863 1650 civitatem
886 1590 1061 1651 detulisset:
1095 1593 1216 1663 nescio,
1250 1607 1311 1669 qua

135 1703 221 1775 parte
244 1713 300 1755 nos
321 1693 495 1761 incendium
518 1697 721 1773 potuissemus
744 1696 896 1766 erasisse,
919 1693 975 1754 sed
996 1695 1088 1754 simul
1103 1698 1309 1773 periissemus,

133 1807 167 1861 et
190 1802 216 1860 si
239 1798 328 1880 fugae
351 1800 434 1861 locus
457 1797 573 1870 luisset,
596 1797 704 1860 Graeci
718 1800 876 1858 iucensam
900 1816 987 1860 suam
1002 1800 1156 1859 civitatem
1171 1799 1309 1861 ridentes

131 1923 189 1966 nos
213 1905 326 1982 absque
349 1903 438 1965 dubio
460 1905 491 1964 in
513 1905 615 1982 ignem
637 1884 816 1980 injecissent
837 1905 887 1966 vel
909 1906 940 1964 in
964 1904 1083 1966 vincula
1105 1903 1309 1980 conjecissent

129 2028 187 2089 pro
211 2007 417 2087 extorquenda
440 2010 567 2087 pecunia
588 2010 620 2068 in
643 2009 958 2086 recompensationem
980 2012 1163 2070 nocumenti
1199 2010 1308 2071 Cuncti

129 2132 220 2191 ergo,
254 2131 324 2175 cum
347 2112 413 2173 dies
436 2112 516 2173 facta
539 2119 638 2183 esset,
666 2111 885 2175 benedicebant
907 2112 1085 2184 Dominum,
1108 2113 1188 2193 quod
1209 2133 1267 2175 nos
1289 2130 1308 2175 a

128 2235 240 2297 magno
271 2217 409 2277 liberarit
440 2216 575 2295 periculo
604 2218 637 2277 in
665 2216 715 2276 die
745 2218 814 2276 isto.
859 2215 1047 2277 Deduximns
1077 2234 1151 2297 ergo
1174 2224 1205 2279 et
1226 2219 1310 2280 bunc

130 2320 213 2383 diem
236 2319 326 2381 simul
354 2325 384 2380 et
412 2320 483 2381 laeti
517 2319 644 2393 luimus,
675 2319 757 2398 quod
779 2338 841 2380 non
864 2337 985 2380 eramus
1008 2322 1040 2380 in
1062 2323 1153 2393 mari,
1183 2326 1310 2400 propter

130 2427 292 2486 maximam
315 2430 527 2504 tempestatem
549 2431 581 2486 et
602 2430 763 2486 ventorum
785 2425 846 2486 rim
868 2421 966 2502 (188
979 2420 1035 2501 Β).

221 2575 322 2640 TertIa
344 2578 462 2640 decima
485 2577 550 2651 die,
573 2597 652 2659 quae
676 2585 724 2640 est
744 2578 858 2640 festum
881 2580 912 2640 S.
936 2577 1049 2641 Luciae
1070 2584 1210 2661 virginis,
1244 2588 1310 2644 erat

131 2684 301 2764 procinium
324 2683 361 2745 ad
383 2683 490 2746 fratres
512 2682 777 2755 Praedicatorum,
803 2683 838 2744 ad
864 2702 994 2762 quornm
1015 2685 1177 2747 ecclesiam
1199 2687 1308 2749 transi·

129 2790 230 2850 vimus
253 2795 283 2850 et
310 2788 417 2851 divinis
440 2787 548 2849 officiis
570 2786 772 2848 interfuimus.
818 2785 949 2859 Quidam
971 2791 1063 2850 etiam
1085 2790 1197 2852 milites
1219 2806 1309 2871 pere·

128 2894 208 2972 grini
239 2911 326 2954 mane
357 2891 489 2953 confessi
517 2909 635 2953 sacram
663 2894 907 2954 communionem
934 2904 1118 2976 receperunt
1145 2899 1176 2958 in
1200 2896 1309 2959 eadem

128 2997 277 3070 ecclesia,
311 2996 348 3058 de
375 2997 497 3059 licentia
526 3004 630 3057 tamen
663 2995 775 3059 domini
807 2999 911 3060 vicarii
940 3001 1075 3079 episcopi
1106 2998 1305 3064 Metouensia.

127 3098 227 3162 Finito
251 3099 350 3161 officio
373 3106 405 3162 et
427 3098 551 3180 prandio
573 3108 674 3163 surnto
697 3101 844 3164 ecclesias
874 3106 1002 3165 civitatis
1023 3105 1212 3168 Metoucnsis
1234 3109 1306 3168 risi·

129 3207 259 3265 lavimus
291 3212 323 3266 cl
344 3207 442 3284 primo
465 3206 497 3264 in
519 3205 680 3266 ecclesiam
703 3206 908 3268 cathedralem
930 3211 1137 3281 transivimus,
1170 3228 1247 3290 quae
1270 3209 1308 3272 ad

128 3310 161 3370 S.
186 3305 356 3370 lohannem
380 3306 503 3381 dicitur,
536 3311 567 3369 in
599 3328 657 3388 qua
687 3310 876 3372 reconditum
910 3318 959 3372 est
990 3331 1100 3394 corpus
1130 3315 1162 3375 S.
1185 3312 1307 3386 Leonis,

127 3413 289 3492 cujusdam
303 3413 455 3493 peregrini
470 3415 626 3474 teutonici.
656 3413 732 3476 Puto
755 3422 857 3475 autem
879 3414 963 3475 illum
985 3415 1082 3477 inisse
1102 3419 1307 3495 peregrinum,

127 3519 182 3598 qui
205 3519 286 3579 inter
307 3512 423 3578 Turcos
455 3525 593 3579 mortuus
616 3537 677 3579 non
699 3521 803 3598 paucis
827 3517 934 3579 claruit
968 3519 1049 3598 apud
1077 3537 1132 3580 eos
1154 3518 1307 3581 miraculis
1348 3574 1351 3578 .

127 3628 160 3682 et
182 3628 290 3701 postea
313 3616 351 3682 ad
372 3618 528 3682 Metonam
550 3641 605 3702 per
622 3623 807 3684 Christianos
831 3621 887 3683 luit
909 3622 1084 3696 translatus,
1108 3621 1147 3685 de
1170 3641 1230 3701 quo
1245 3624 1305 3684 An·

125 3731 191 3786 ton
215 3727 246 3786 in
269 3724 379 3786 chron.
405 3723 439 3786 P.
461 3724 510 3786 lll.
534 3722 634 3787 Tract.
661 3722 710 3792 19.
736 3726 769 3786 C.
792 3721 825 3788 8.
849 3724 879 3804 §.
906 3723 956 3789 12.

214 3883 351 3945 Vidimus
374 3885 466 3945 etiarn
488 3884 519 3943 in
542 3883 592 3944 illa
616 3884 745 3946 ecclesia
768 3891 859 3964 caput
880 3884 1047 3958 anastasii,
1075 3888 1212 3967 episcopi
1233 3885 1306 3949 Alc·

125 3987 278 4060 xandrini‚
310 3995 342 4048 et
370 3987 447 4050 duos
478 3985 589 4065 digitos
621 3987 654 4049 S.
678 3989 806 4050 &arnae
840 3997 872 4051 et
901 3989 1049 4053 Damiani
1099 3990 1307 4054 Transivimua

127 4095 229 4154 etiam.
244 4098 326 4154 extra
341 4094 461 4165 urbem,
485 4089 536 4151 ubi
552 4087 661 4151 fratres
675 4088 809 4153 Minores
824 4110 948 4172 parvum
963 4102 1145 4175 conventum
1160 4091 1307 4176 (babent),

127 4202 161 4258 et
181 4195 254 4259 inde
277 4196 315 4259 ad
328 4213 473 4279 resperas
486 4196 626 4261 venimus
642 4197 680 4258 ad
697 4197 859 4261 ecclesiam
872 4197 1118 4275 Praedicatornm
1140 4205 1171 4261 et
1195 4197 1307 4262 auditis
