2902 4710
684 164 751 242 5253

133 352 328 417 concutiente
351 342 479 429 corruitf,
502 348 584 409 unde
607 348 758 409 Soldanus
780 343 992 427 rendegypti,
1017 366 1086 409 cum
1108 346 1236 408 insulam
1258 346 1305 408 in·

131 456 281 526 vasisset,
316 471 353 514 ex
380 452 518 513 fracturis
542 449 632 528 hujus
655 457 772 511 statuae
795 467 887 512 naves
911 453 1047 513 oneravit
1077 457 1108 512 et
1128 453 1160 512 in
1183 451 1306 532 Lyciam

133 559 250 621 ducens
272 557 398 639 camelis
424 557 569 634 imposuit
592 555 744 632 nongintis
768 560 799 613 et
821 555 958 614 terrestri
973 557 1081 617 itinere
1096 573 1152 636 per
1166 559 1306 637 regiones

132 663 274 745 Lyciam,
296 661 518 740 -Pamphiliam,
553 659 704 730 Ciliciam,
737 675 792 736 per
820 664 922 735 portas
946 657 1036 720 Tauri
1067 663 1194 732 montis,
1223 659 1308 738 juxta

132 766 269 846 Aegeum
290 762 475 838 civitatem,
489 781 565 842 quae
588 765 620 824 in
642 764 740 841 capite
763 763 854 824 maris
876 769 923 822 est
945 781 1035 841 supra
1058 767 1157 826 sinum
1179 763 1309 827 lssinum

134 874 267 952 ingressi
299 872 431 955 Syriam,
464 887 519 949 per
549 868 682 948 Syriam,
708 866 889 939 Galilaeam,
913 865 1127 940 Palaestinam,
1159 868 1309 942 Arabiam,

134 994 231 1054 usque
253 978 284 1035 in
305 974 516 1036 Alexandriam
539 970 670 1050 Aegypti
692 971 823 1044 ducens,
846 977 943 1032 totum
966 971 1086 1050 pondus
1108 976 1280 1051 asportavit.

224 1079 334 1141 Civitas
351 1079 425 1138 haec
441 1075 568 1137 Rhodon
583 1075 686 1136 multis
707 1075 780 1135 olim
802 1075 988 1136 excellentiis
1005 1076 1126 1148 claruit,
1149 1080 1312 1157 praecipua

137 1190 239 1267 autem
262 1183 340 1243 fama
365 1181 482 1242 Colossi
505 1166 634 1254 exstitit,
670 1180 761 1239 robur
783 1181 875 1240 etiam
898 1188 929 1240 ct
947 1178 1155 1241 habitatorum
1170 1183 1311 1261 probitas,

137 1296 169 1350 et
192 1290 326 1349 civitatis
343 1287 466 1348 firmitas
500 1293 531 1346 et
553 1267 658 1362 glebae
681 1284 829 1345 fertilitas.
869 1282 955 1345 Unde
978 1285 1057 1346 hanc
1074 1289 1187 1365 antiqui
1204 1287 1312 1348 Graeci

136 1398 169 1453 et
190 1399 331 1471 potentes
353 1391 480 1452 Romani
511 1391 622 1451 amieos
653 1388 764 1460 habere
794 1390 977 1466 satagebant.
1022 1392 1076 1452 Est
1104 1394 1186 1452 enim
1217 1390 1314 1453 insula

138 1495 215 1557 haec
239 1503 392 1574 tamquam
415 1502 503 1573 caput
528 1501 559 1554 et
580 1495 685 1571 regina
707 1495 841 1554 omnium
863 1493 1046 1566 insularum,
1071 1512 1145 1577 quas
1169 1495 1314 1574 Cycladas

138 1602 311 1672 nominant,
345 1617 529 1679 pergyrum
551 1599 643 1659 maris
667 1601 752 1676 aegei
775 1600 858 1658 sitas.
904 1598 980 1658 Nam
1001 1598 1064 1659 ClV
1086 1598 1203 1660 insulae
1226 1598 1316 1661 simul

139 1724 195 1786 per
217 1703 364 1785 circulum
386 1711 458 1765 sunt
480 1705 663 1764 constitutae
686 1704 716 1763 in
739 1705 814 1764 mari
830 1699 1063 1780 Hellespontico'
1079 1705 1158 1764 inter
1179 1702 1317 1783 Aegeum

141 1827 223 1872 mare
247 1816 277 1870 et
298 1808 451 1879 Maleum,
475 1808 523 1869 vel
546 1808 645 1868 sinum
666 1806 873 1878 maleaticum,
898 1824 975 1884 quae
998 1807 1139 1869 dicuntur
1161 1807 1316 1887 Cyclades,

142 1929 215 1993 quas
238 1913 307 1974 ideo
332 1911 479 1991 Cycladas
503 1902 657 1971 auiumant
681 1926 750 1971 esse
773 1909 889 1981 dictas,
924 1907 1005 1987 quod
1029 1910 1100 1971 licet
1123 1913 1228 1992 spatiis
1251 1903 1317 1974 lon-

145 2019 278 2096 gioribus
302 2034 319 2078 3
349 2016 440 2088 Delo,
472 2033 564 2093 quae·
582 2015 613 2073 in
635 2012 737 2074 medio
761 2030 865 2075 carum
892 2019 958 2084 est,
995 2020 1153 2092 porrectae
1183 2018 1257 2090 sint,
1287 2017 1319 2077 in

144 2122 250 2184 orbem
280 2127 383 2183 tamen
412 2122 492 2181 circa
518 2119 629 2179 Delum
659 2119 734 2178 sitae
766 2119 842 2189 sint,
883 2125 967 2177 nam
991 2119 1096 2179 orbem
1126 2119 1234 2182 Graeci
1268 2139 1319 2200 cy-

145 2225 225 2287 clum
259 2232 378 2289 vocant.
434 2223 564 2296 Quidam
594 2229 697 2282 tamen
728 2219 848 2292 dicunt,
885 2237 937 2280 eas
966 2223 1011 2281 sic
1042 2228 1163 2284 vocatas
1196 2230 1322 2304 propter
1362 2260 1364 2266 ·

124 2310 304 2408 scopulos,
339 2330 398 2406 qui·
420 2328 451 2386 in
481 2326 607 2386 circuitu
640 2341 744 2385 earum
768 2330 846 2384 sunt.
894 2323 1103 2386 Circumdatae
1127 2333 1228 2387 autem
1251 2334 1323 2389 sunt

146 2434 252 2512 pelago
268 2430 408 2509 Myrtheo
432 2436 465 2490 et
487 2427 688 2493 tendentesa
710 2415 928 2505 septemtrione
952 2429 984 2487 in
1003 2430 1173 2491 meridiem.
1198 2430 1324 2493 Faciunt

147 2540 278 2616 spatium
295 2535 508 2613 quinquaginta
522 2532 615 2617 millia
629 2549 790 2611 passuum,
815 2531 850 2590 ab
867 2533 982 2592 oriente
998 2535 1115 2594 veroin
1132 2535 1324 2598 occidentem

148 2639 291 2711 totidem,
321 2637 490 2699 secundum
513 2635 632 2697 lsidem.
677 2632 723 2696 Ab
747 2637 865 2696 oriente
895 2637 1039 2698 finiuntur
1060 2639 1210 2699 littoribus
1231 2637 1322 2702 Asiae
1384 2640 1388 2645 ’

147 2741 291 2815 Minoris,
321 2743 356 2804 ab
371 2743 537 2804 occidente
568 2743 644 2801 mari
665 2740 775 2812 Icario,
808 2757 826 2801 a
859 2743 1076 2820 septemtrione
1109 2745 1184 2828 mari
1206 2740 1322 2823 Aegeo,

149 2866 166 2909 a
189 2847 316 2909 meridie
332 2849 406 2907 mari
423 2846 611 2926 Carpathico.
645 2846 745 2907 Prima
768 2864 839 2907 vero
856 2847 937 2906 inter
951 2847 1004 2907 has
1027 2848 1141 2913 insulas
1164 2847 1200 2909 ad
1224 2851 1323 2910 orien-

148 2959 288 3028 temrest
308 2951 448 3024 Rhodus,
484 2952 522 3013 ad
553 2954 812 3032 septemtrionem
833 2959 880 3012 est
908 2949 1066 3037 Tenedos,
1100 2952 1137 3014 ad
1165 2942 1325 3015 meridiem

152 3057 332 3136 Carpathos,
356 3057 392 3117 ab
416 3073 527 3117 occasu
552 3064 706 3128 eceterae,
729 3038 829 3117 media
844 3074 916 3117 vero
941 3063 988 3117 est
1000 3050 1102 3118 Delos.
1132 3058 1200 3120 Non
1223 3063 1326 3132 autem

151 3179 259 3224 omnes
274 3162 331 3221 hae
346 3162 462 3223 insulae
480 3168 549 3222 sunt
564 3163 706 3240 aequales
720 3163 752 3222 in
767 3161 981 3239 magnitudine,
997 3151 1184 3239 sed'aliquae
1199 3170 1325 3242 magnae

151 3272 236 3337 sunt,
259 3266 376 3344 aliquae
399 3283 524 3345 parvae,
556 3265 673 3344 aliquae
697 3266 889 3337 habitabiles,
921 3264 1038 3343 aliquae
1061 3284 1120 3325 non
1145 3266 1243 3326 solum
1265 3281 1327 3330 nort

152 3371 328 3432 habitabiles
375 3370 430 3431 sed
449 3418 454 3426 .
473 3370 698 3431 inaccessibiles
745 3377 868 3449 propter
913 3372 1198 3449 importuositatem.
1261 3370 1328 3434 lam

153 3476 367 3536 nominatiores
387 3473 574 3560 describam,
599 3473 719 3550 longam
742 3475 825 3533 enim
846 3474 877 3533 in
893 3473 938 3532 his
961 3473 1067 3534 insulis
1091 3473 1181 3534 habui
1205 3477 1325 3554 naviga*

153 3581 286 3651 tionem,
311 3562 345 3639 ut
367 3560 487 3639 docebit
509 3593 690 3657 processus,
713 3584 745 3637 et
767 3576 836 3639 ideo
859 3584 928 3640 ante
952 3595 1056 3638 earum
1077 3579 1248 3656 ingressum
1277 3592 1327 3643 me

155 3684 312 3762 expediam
328 3681 366 3741 de
390 3683 434 3742 eis
458 3682 631 3762 incipiendo
655 3700 672 3744 a
696 3684 804 3762 capite.

469 3915 627 3989 Rhodiae
654 3916 788 3990 insulae
816 3874 1016 4006 descriptio.

243 4082 367 4147 Rhodus
382 4043 384 4047 v
397 4093 517 4165 practer
540 4102 589 4158 ea,
613 4101 691 4163 quae
704 4085 795 4147 >dicta
816 4091 902 4157 sunt,
925 4093 973 4146 est
994 4082 1093 4161 insula
1115 4088 1330 4170 primaCycla·

156 4185 231 4265 dum
251 4195 284 4251 et
305 4197 537 4270 caputeamm,
560 4190 712 4273 siquidem
719 4189 768 4254 m
788 4199 928 4256 ueterum
951 4189 1064 4253 babeat
1084 4191 1247 4266 historiae,
1261 4194 1332 4256 111111
