<?xml version="1.0" encoding="UTF-8"?>
<!DOCTYPE html PUBLIC "-//W3C//DTD XHTML 1.0 Transitional//EN"
    "http://www.w3.org/TR/xhtml1/DTD/xhtml1-transitional.dtd">
<html xmlns="http://www.w3.org/1999/xhtml" xml:lang="en" lang="en">
 <head>
  <title>
</title>
<meta http-equiv="Content-Type" content="text/html;charset=utf-8" />
  <meta name='ocr-system' content='tesseract 3.04.00' />
  <meta name='ocr-capabilities' content='ocr_page ocr_carea ocr_par ocr_line ocrx_word'/>
</head>
<body>
  <div class='ocr_page' id='page_1' title='image "./fratrisfelicisf00fabrgoog_0337.png"; bbox 0 0 2902 4710; ppageno 0'>
   <div class='ocr_carea' id='block_1_1' title="bbox 105 305 1375 4251">
    <p class='ocr_par' dir='ltr' id='par_1_1' title="bbox 194 305 1375 496">
     <span class='ocr_line' id='line_1_1' title="bbox 194 305 1375 392; baseline -0.004 -18"><span class='ocrx_word' id='word_1_1' title='bbox 194 312 330 392; x_wconf 80' lang='lat' dir='ltr'>vesperis</span> <span class='ocrx_word' id='word_1_2' title='bbox 353 309 468 371; x_wconf 82' lang='lat' dir='ltr'>reversi</span> <span class='ocrx_word' id='word_1_3' title='bbox 490 323 595 368; x_wconf 93' lang='lat' dir='ltr'>sumus</span> <span class='ocrx_word' id='word_1_4' title='bbox 619 305 655 367; x_wconf 91' lang='lat' dir='ltr'>ad</span> <span class='ocrx_word' id='word_1_5' title='bbox 679 308 783 368; x_wconf 91' lang='lat' dir='ltr'>locum</span> <span class='ocrx_word' id='word_1_6' title='bbox 811 311 959 370; x_wconf 91' lang='lat' dir='ltr'>nostrum.</span> <span class='ocrx_word' id='word_1_7' title='bbox 1004 305 1050 366; x_wconf 82' lang='lat' dir='ltr'>ile</span> <span class='ocrx_word' id='word_1_8' title='bbox 1083 305 1255 368; x_wconf 89' lang='lat' dir='ltr'>ecclesiolis</span> <span class='ocrx_word' id='word_1_9' title='bbox 1279 305 1375 369; x_wconf 86' lang='lat' dir='ltr'>Grae·</span> 
     </span>
     <span class='ocr_line' id='line_1_2' title="bbox 194 408 1137 496; baseline -0.012 -18"><span class='ocrx_word' id='word_1_10' title='bbox 194 433 317 486; x_wconf 92' lang='lat' dir='ltr'>corum,</span> <span class='ocrx_word' id='word_1_11' title='bbox 339 430 416 493; x_wconf 90' lang='lat' dir='ltr'>quae</span> <span class='ocrx_word' id='word_1_12' title='bbox 440 413 530 473; x_wconf 92' lang='lat' dir='ltr'>etiam</span> <span class='ocrx_word' id='word_1_13' title='bbox 552 411 594 472; x_wconf 94' lang='lat' dir='ltr'>ibi</span> <span class='ocrx_word' id='word_1_14' title='bbox 616 416 699 482; x_wconf 90' lang='lat' dir='ltr'>suut,</span> <span class='ocrx_word' id='word_1_15' title='bbox 723 429 784 496; x_wconf 80' lang='lat' dir='ltr'>uon</span> <span class='ocrx_word' id='word_1_16' title='bbox 807 411 987 470; x_wconf 83' lang='lat' dir='ltr'><strong>curavimus.</strong></span> <span class='ocrx_word' id='word_1_17' title='bbox 1131 408 1137 434; x_wconf 84' lang='lat'>¹</span> 
     </span>
    </p>

    <p class='ocr_par' dir='ltr' id='par_1_2' title="bbox 105 509 1375 4251">
     <span class='ocr_line' id='line_1_3' title="bbox 280 509 1373 593; baseline -0.004 -13"><span class='ocrx_word' id='word_1_18' title='bbox 280 516 393 592; x_wconf 86' lang='lat' dir='ltr'>Quarta</span> <span class='ocrx_word' id='word_1_19' title='bbox 415 518 531 580; x_wconf 88' lang='lat' dir='ltr'>decima</span> <span class='ocrx_word' id='word_1_20' title='bbox 555 515 621 586; x_wconf 90' lang='lat' dir='ltr'>die,</span> <span class='ocrx_word' id='word_1_21' title='bbox 650 532 728 593; x_wconf 91' lang='lat' dir='ltr'>quae</span> <span class='ocrx_word' id='word_1_22' title='bbox 758 514 813 575; x_wconf 88' lang='lat' dir='ltr'>init</span> <span class='ocrx_word' id='word_1_23' title='bbox 836 513 987 575; x_wconf 88' lang='lat' dir='ltr'>dominica</span> <span class='ocrx_word' id='word_1_24' title='bbox 1010 509 1040 576; x_wconf 82' lang='lat'>3.</span> <span class='ocrx_word' id='word_1_25' title='bbox 1065 513 1214 577; x_wconf 90' lang='lat' dir='ltr'>adventus</span> <span class='ocrx_word' id='word_1_26' title='bbox 1237 513 1373 587; x_wconf 83' lang='lat' dir='ltr'><strong>Domini,</strong></span> 
     </span>
     <span class='ocr_line' id='line_1_4' title="bbox 194 617 1373 702; baseline -0.007 -14"><span class='ocrx_word' id='word_1_27' title='bbox 194 626 265 688; x_wconf 88' lang='lat' dir='ltr'>dam</span> <span class='ocrx_word' id='word_1_28' title='bbox 288 623 516 702; x_wconf 82' lang='lat' dir='ltr'>disponeremus</span> <span class='ocrx_word' id='word_1_29' title='bbox 539 638 595 681; x_wconf 91' lang='lat' dir='ltr'>nos</span> <span class='ocrx_word' id='word_1_30' title='bbox 619 618 657 680; x_wconf 86' lang='lat' dir='ltr'>ad</span> <span class='ocrx_word' id='word_1_31' title='bbox 678 617 826 691; x_wconf 86' lang='lat' dir='ltr'>cilicium,</span> <span class='ocrx_word' id='word_1_32' title='bbox 859 617 1028 680; x_wconf 86' lang='lat' dir='ltr'>audivimus</span> <span class='ocrx_word' id='word_1_33' title='bbox 1051 621 1140 681; x_wconf 86' lang='lat' dir='ltr'>tubae</span> <span class='ocrx_word' id='word_1_34' title='bbox 1165 639 1288 691; x_wconf 91' lang='lat' dir='ltr'>sonum,</span> <span class='ocrx_word' id='word_1_35' title='bbox 1318 639 1373 681; x_wconf 86' lang='lat' dir='ltr'>vo·</span> 
     </span>
     <span class='ocr_line' id='line_1_5' title="bbox 193 721 1375 803; baseline -0.005 -13"><span class='ocrx_word' id='word_1_36' title='bbox 193 736 296 791; x_wconf 87' lang='lat' dir='ltr'>cantes</span> <span class='ocrx_word' id='word_1_37' title='bbox 320 744 376 788; x_wconf 92' lang='lat' dir='ltr'>nos</span> <span class='ocrx_word' id='word_1_38' title='bbox 398 727 430 786; x_wconf 91' lang='lat' dir='ltr'>in</span> <span class='ocrx_word' id='word_1_39' title='bbox 448 726 593 795; x_wconf 85' lang='lat' dir='ltr'>classem,</span> <span class='ocrx_word' id='word_1_40' title='bbox 620 730 651 785; x_wconf 89' lang='lat' dir='ltr'>et</span> <span class='ocrx_word' id='word_1_41' title='bbox 675 725 803 802; x_wconf 87' lang='lat' dir='ltr'>cogitavi</span> <span class='ocrx_word' id='word_1_42' title='bbox 826 721 1034 799; x_wconf 79' lang='lat' dir='ltr'>diaboliesse</span> <span class='ocrx_word' id='word_1_43' title='bbox 1058 741 1152 802; x_wconf 93' lang='lat' dir='ltr'>opus,</span> <span class='ocrx_word' id='word_1_44' title='bbox 1176 725 1227 803; x_wconf 93' lang='lat' dir='ltr'>qui</span> <span class='ocrx_word' id='word_1_45' title='bbox 1250 741 1375 802; x_wconf 88' lang='lat' dir='ltr'>semper</span> 
     </span>
     <span class='ocr_line' id='line_1_6' title="bbox 192 824 1372 908; baseline -0.003 -14"><span class='ocrx_word' id='word_1_46' title='bbox 192 832 361 894; x_wconf 81' lang='lat' dir='ltr'>celebribus</span> <span class='ocrx_word' id='word_1_47' title='bbox 384 829 489 891; x_wconf 92' lang='lat' dir='ltr'>diebus</span> <span class='ocrx_word' id='word_1_48' title='bbox 512 828 729 908; x_wconf 88' lang='lat' dir='ltr'>impedimenta</span> <span class='ocrx_word' id='word_1_49' title='bbox 760 843 866 906; x_wconf 88' lang='lat' dir='ltr'>parare</span> <span class='ocrx_word' id='word_1_50' title='bbox 890 824 1006 889; x_wconf 85' lang='lat' dir='ltr'>solebat</span> <span class='ocrx_word' id='word_1_51' title='bbox 1037 830 1067 888; x_wconf 93' lang='lat' dir='ltr'>in</span> <span class='ocrx_word' id='word_1_52' title='bbox 1091 830 1176 889; x_wconf 89' lang='lat' dir='ltr'>mari.</span> <span class='ocrx_word' id='word_1_53' title='bbox 1202 829 1274 890; x_wconf 62' lang='lat' dir='ltr'>vSic</span> <span class='ocrx_word' id='word_1_54' title='bbox 1298 847 1372 908; x_wconf 87' lang='lat' dir='ltr'>ergo</span> 
     </span>
     <span class='ocr_line' id='line_1_7' title="bbox 191 931 1372 1017; baseline -0.003 -20"><span class='ocrx_word' id='word_1_55' title='bbox 191 935 415 1017; x_wconf 81' lang='lat' dir='ltr'>praetermissis</span> <span class='ocrx_word' id='word_1_56' title='bbox 439 934 577 995; x_wconf 91' lang='lat' dir='ltr'>omnibus</span> <span class='ocrx_word' id='word_1_57' title='bbox 600 934 630 992; x_wconf 94' lang='lat' dir='ltr'>in</span> <span class='ocrx_word' id='word_1_58' title='bbox 654 931 784 993; x_wconf 84' lang='lat' dir='ltr'>classem</span> <span class='ocrx_word' id='word_1_59' title='bbox 815 934 1036 1011; x_wconf 89' lang='lat' dir='ltr'>navigavimus;</span> <span class='ocrx_word' id='word_1_60' title='bbox 1070 933 1268 1005; x_wconf 77' lang='lat' dir='ltr'>intendebant</span> <span class='ocrx_word' id='word_1_61' title='bbox 1289 935 1372 994; x_wconf 92' lang='lat' dir='ltr'>enim</span> 
     </span>
     <span class='ocr_line' id='line_1_8' title="bbox 191 1035 1371 1119; baseline -0.003 -18"><span class='ocrx_word' id='word_1_62' title='bbox 191 1058 283 1101; x_wconf 89' lang='lat' dir='ltr'>naves</span> <span class='ocrx_word' id='word_1_63' title='bbox 313 1038 445 1099; x_wconf 84' lang='lat' dir='ltr'>educere</span> <span class='ocrx_word' id='word_1_64' title='bbox 474 1036 512 1098; x_wconf 91' lang='lat' dir='ltr'>de</span> <span class='ocrx_word' id='word_1_65' title='bbox 546 1043 636 1116; x_wconf 90' lang='lat' dir='ltr'>portu</span> <span class='ocrx_word' id='word_1_66' title='bbox 664 1035 702 1096; x_wconf 86' lang='lat' dir='ltr'>ad</span> <span class='ocrx_word' id='word_1_67' title='bbox 730 1037 970 1119; x_wconf 82' lang='lat' dir='ltr'>promontorium</span> <span class='ocrx_word' id='word_1_68' title='bbox 1004 1035 1194 1116; x_wconf 85' lang='lat' dir='ltr'>Sapientiae,</span> <span class='ocrx_word' id='word_1_69' title='bbox 1229 1035 1310 1116; x_wconf 92' lang='lat' dir='ltr'>quod</span> <span class='ocrx_word' id='word_1_70' title='bbox 1338 1038 1371 1098; x_wconf 88' lang='lat' dir='ltr'>in</span> 
     </span>
     <span class='ocr_line' id='line_1_9' title="bbox 190 1119 1370 1221; baseline -0.005 -16"><span class='ocrx_word' id='word_1_71' title='bbox 190 1119 264 1205; x_wconf 84' lang='lat' dir='ltr'>m‘ari</span> <span class='ocrx_word' id='word_1_72' title='bbox 289 1143 415 1213; x_wconf 91' lang='lat' dir='ltr'>eminet,</span> <span class='ocrx_word' id='word_1_73' title='bbox 452 1139 490 1201; x_wconf 90' lang='lat' dir='ltr'>ad</span> <span class='ocrx_word' id='word_1_74' title='bbox 512 1158 605 1210; x_wconf 87' lang='lat' dir='ltr'>unum</span> <span class='ocrx_word' id='word_1_75' title='bbox 628 1139 755 1200; x_wconf 89' lang='lat' dir='ltr'>milliare</span> <span class='ocrx_word' id='word_1_76' title='bbox 778 1125 965 1200; x_wconf 86' lang='lat' dir='ltr'>teutonicum</span> <span class='ocrx_word' id='word_1_77' title='bbox 994 1158 1029 1200; x_wconf 90' lang='lat' dir='ltr'>ex</span> <span class='ocrx_word' id='word_1_78' title='bbox 1053 1143 1192 1221; x_wconf 90' lang='lat' dir='ltr'>opposito</span> <span class='ocrx_word' id='word_1_79' title='bbox 1215 1132 1370 1212; x_wconf 87' lang='lat' dir='ltr'>Metonae,</span> 
     </span>
     <span class='ocr_line' id='line_1_10' title="bbox 105 1240 1370 1325; baseline -0.002 -17"><span class='ocrx_word' id='word_1_80' title='bbox 105 1240 107 1245; x_wconf 63' lang='grc'>’</span> <span class='ocrx_word' id='word_1_81' title='bbox 191 1254 221 1309; x_wconf 89' lang='lat' dir='ltr'>et</span> <span class='ocrx_word' id='word_1_82' title='bbox 240 1246 303 1324; x_wconf 90' lang='lat' dir='ltr'>jam</span> <span class='ocrx_word' id='word_1_83' title='bbox 327 1246 404 1307; x_wconf 89' lang='lat' dir='ltr'>duae</span> <span class='ocrx_word' id='word_1_84' title='bbox 427 1245 531 1325; x_wconf 83' lang='lat' dir='ltr'>galeae</span> <span class='ocrx_word' id='word_1_85' title='bbox 547 1251 630 1305; x_wconf 89' lang='lat' dir='ltr'>extra</span> <span class='ocrx_word' id='word_1_86' title='bbox 645 1250 766 1322; x_wconf 91' lang='lat' dir='ltr'>portum</span> <span class='ocrx_word' id='word_1_87' title='bbox 783 1250 867 1312; x_wconf 87' lang='lat' dir='ltr'>erant</span> <span class='ocrx_word' id='word_1_88' title='bbox 883 1243 1023 1315; x_wconf 84' lang='lat' dir='ltr'>eductae,</span> <span class='ocrx_word' id='word_1_89' title='bbox 1047 1244 1119 1304; x_wconf 88' lang='lat' dir='ltr'>licet</span> <span class='ocrx_word' id='word_1_90' title='bbox 1139 1261 1208 1303; x_wconf 90' lang='lat' dir='ltr'>cum</span> <span class='ocrx_word' id='word_1_91' title='bbox 1222 1244 1370 1305; x_wconf 90' lang='lat' dir='ltr'>industria</span> 
     </span>
     <span class='ocr_line' id='line_1_11' title="bbox 190 1348 1370 1436; baseline -0.003 -24"><span class='ocrx_word' id='word_1_92' title='bbox 190 1358 221 1412; x_wconf 90' lang='lat' dir='ltr'>et</span> <span class='ocrx_word' id='word_1_93' title='bbox 244 1352 364 1423; x_wconf 87' lang='lat' dir='ltr'>labore,</span> <span class='ocrx_word' id='word_1_94' title='bbox 388 1349 456 1429; x_wconf 90' lang='lat' dir='ltr'>quia</span> <span class='ocrx_word' id='word_1_95' title='bbox 472 1354 579 1423; x_wconf 84' lang='lat' dir='ltr'>ventus</span> <span class='ocrx_word' id='word_1_96' title='bbox 595 1355 660 1408; x_wconf 91' lang='lat' dir='ltr'>erat</span> <span class='ocrx_word' id='word_1_97' title='bbox 675 1348 765 1408; x_wconf 90' lang='lat' dir='ltr'>nimis</span> <span class='ocrx_word' id='word_1_98' title='bbox 782 1365 924 1436; x_wconf 87' lang='lat' dir='ltr'>magnus,</span> <span class='ocrx_word' id='word_1_99' title='bbox 948 1354 979 1431; x_wconf 85' lang='lat' dir='ltr'>et</span> <span class='ocrx_word' id='word_1_100' title='bbox 993 1348 1064 1409; x_wconf 93' lang='lat' dir='ltr'>dum</span> <span class='ocrx_word' id='word_1_101' title='bbox 1081 1355 1261 1410; x_wconf 89' lang='lat' dir='ltr'>conarentur</span> <span class='ocrx_word' id='word_1_102' title='bbox 1276 1350 1370 1409; x_wconf 92' lang='lat' dir='ltr'>etiam</span> 
     </span>
     <span class='ocr_line' id='line_1_12' title="bbox 189 1437 1367 1535; baseline -0.003 -19"><span class='ocrx_word' id='word_1_103' title='bbox 189 1463 326 1516; x_wconf 90' lang='lat' dir='ltr'>nostram</span> <span class='ocrx_word' id='word_1_104' title='bbox 341 1453 482 1524; x_wconf 87' lang='lat' dir='ltr'>educere,</span> <span class='ocrx_word' id='word_1_105' title='bbox 506 1452 578 1513; x_wconf 91' lang='lat' dir='ltr'>nihil</span> <span class='ocrx_word' id='word_1_106' title='bbox 601 1457 741 1530; x_wconf 91' lang='lat' dir='ltr'>poterant</span> <span class='ocrx_word' id='word_1_107' title='bbox 764 1451 899 1535; x_wconf 83' lang='lat' dir='ltr'>efficere,</span> <span class='ocrx_word' id='word_1_108' title='bbox 924 1451 961 1512; x_wconf 90' lang='lat' dir='ltr'>de</span> <span class='ocrx_word' id='word_1_109' title='bbox 986 1470 1045 1529; x_wconf 90' lang='lat' dir='ltr'>quo</span> <span class='ocrx_word' id='word_1_110' title='bbox 1069 1454 1099 1512; x_wconf 95' lang='lat' dir='ltr'>in</span> <span class='ocrx_word' id='word_1_111' title='bbox 1114 1437 1215 1512; x_wconf 60' lang='lat' dir='ltr'>⁸corde</span> <span class='ocrx_word' id='word_1_112' title='bbox 1231 1451 1367 1512; x_wconf 88' lang='lat' dir='ltr'>laetabar</span> 
     </span>
     <span class='ocr_line' id='line_1_13' title="bbox 188 1553 1369 1641; baseline -0.003 -21"><span class='ocrx_word' id='word_1_113' title='bbox 188 1567 314 1641; x_wconf 92' lang='lat' dir='ltr'>propter</span> <span class='ocrx_word' id='word_1_114' title='bbox 335 1553 462 1618; x_wconf 87' lang='lat' dir='ltr'>Missam</span> <span class='ocrx_word' id='word_1_115' title='bbox 481 1557 704 1627; x_wconf 87' lang='lat' dir='ltr'>dominicalem.</span> <span class='ocrx_word' id='word_1_116' title='bbox 736 1556 830 1617; x_wconf 81' lang='lat' dir='ltr'>Educi</span> <span class='ocrx_word' id='word_1_117' title='bbox 845 1575 901 1617; x_wconf 90' lang='lat' dir='ltr'>nos</span> <span class='ocrx_word' id='word_1_118' title='bbox 920 1575 992 1636; x_wconf 91' lang='lat' dir='ltr'>ergo</span> <span class='ocrx_word' id='word_1_119' title='bbox 1009 1556 1138 1617; x_wconf 88' lang='lat' dir='ltr'>lecimus</span> <span class='ocrx_word' id='word_1_120' title='bbox 1162 1556 1199 1617; x_wconf 92' lang='lat' dir='ltr'>ad</span> <span class='ocrx_word' id='word_1_121' title='bbox 1214 1558 1369 1618; x_wconf 89' lang='lat' dir='ltr'>civitatem</span> 
     </span>
     <span class='ocr_line' id='line_1_14' title="bbox 189 1648 1368 1742; baseline -0.005 -16"><span class='ocrx_word' id='word_1_122' title='bbox 189 1671 221 1726; x_wconf 90' lang='lat' dir='ltr'>et</span> <span class='ocrx_word' id='word_1_123' title='bbox 247 1666 376 1742; x_wconf 86' lang='lat' dir='ltr'>ingressi</span> <span class='ocrx_word' id='word_1_124' title='bbox 406 1666 437 1724; x_wconf 92' lang='lat' dir='ltr'>in</span> <span class='ocrx_word' id='word_1_125' title='bbox 467 1668 650 1724; x_wconf 86' lang='lat' dir='ltr'>conventum</span> <span class='ocrx_word' id='word_1_126' title='bbox 678 1661 923 1723; x_wconf 89' lang='lat' dir='ltr'>Praedicatorum</span> <span class='ocrx_word' id='word_1_127' title='bbox 941 1648 1088 1722; x_wconf 53' lang='lat' dir='ltr'>&#39;officium</span> <span class='ocrx_word' id='word_1_128' title='bbox 1118 1660 1302 1741; x_wconf 87' lang='lat' dir='ltr'>audivimus,</span> <span class='ocrx_word' id='word_1_129' title='bbox 1336 1666 1368 1720; x_wconf 90' lang='lat' dir='ltr'>et</span> 
     </span>
     <span class='ocr_line' id='line_1_15' title="bbox 188 1763 1367 1847; baseline -0.004 -18"><span class='ocrx_word' id='word_1_130' title='bbox 188 1785 246 1847; x_wconf 86' lang='lat' dir='ltr'>ego</span> <span class='ocrx_word' id='word_1_131' title='bbox 268 1769 366 1829; x_wconf 91' lang='lat' dir='ltr'>mansi</span> <span class='ocrx_word' id='word_1_132' title='bbox 389 1769 420 1827; x_wconf 94' lang='lat' dir='ltr'>in</span> <span class='ocrx_word' id='word_1_133' title='bbox 441 1765 566 1845; x_wconf 91' lang='lat' dir='ltr'>prandio</span> <span class='ocrx_word' id='word_1_134' title='bbox 582 1784 659 1829; x_wconf 74' lang='lat' dir='ltr'>‚cum</span> <span class='ocrx_word' id='word_1_135' title='bbox 683 1765 832 1826; x_wconf 87' lang='lat' dir='ltr'>iratribus.</span> <span class='ocrx_word' id='word_1_136' title='bbox 877 1764 971 1827; x_wconf 82' lang='lat' dir='ltr'>Po&#39;rro</span> <span class='ocrx_word' id='word_1_137' title='bbox 1004 1767 1090 1826; x_wconf 91' lang='lat' dir='ltr'>nobis</span> <span class='ocrx_word' id='word_1_138' title='bbox 1117 1763 1367 1827; x_wconf 83' lang='lat' dir='ltr'>manducantibus</span> 
     </span>
     <span class='ocr_line' id='line_1_16' title="bbox 187 1870 1365 1949; baseline -0.003 -16"><span class='ocrx_word' id='word_1_139' title='bbox 187 1873 375 1933; x_wconf 84' lang='lat' dir='ltr'>obtenebrati</span> <span class='ocrx_word' id='word_1_140' title='bbox 398 1876 468 1932; x_wconf 91' lang='lat' dir='ltr'>sunt</span> <span class='ocrx_word' id='word_1_141' title='bbox 491 1870 568 1931; x_wconf 89' lang='lat' dir='ltr'>coeii</span> <span class='ocrx_word' id='word_1_142' title='bbox 600 1877 631 1931; x_wconf 90' lang='lat' dir='ltr'>et</span> <span class='ocrx_word' id='word_1_143' title='bbox 653 1876 821 1949; x_wconf 89' lang='lat' dir='ltr'>coeperunt</span> <span class='ocrx_word' id='word_1_144' title='bbox 843 1888 1003 1932; x_wconf 89' lang='lat' dir='ltr'>coruscare</span> <span class='ocrx_word' id='word_1_145' title='bbox 1036 1870 1161 1947; x_wconf 83' lang='lat' dir='ltr'>fulgura</span> <span class='ocrx_word' id='word_1_146' title='bbox 1185 1875 1217 1929; x_wconf 91' lang='lat' dir='ltr'>et</span> <span class='ocrx_word' id='word_1_147' title='bbox 1247 1870 1365 1947; x_wconf 89' lang='lat' dir='ltr'>mugire</span> 
     </span>
     <span class='ocr_line' id='line_1_17' title="bbox 124 1974 1364 2061; baseline 0 -25"><span class='ocrx_word' id='word_1_148' title='bbox 124 1984 127 1989; x_wconf 88' lang='grc'><strong>’</strong></span> <span class='ocrx_word' id='word_1_149' title='bbox 186 1977 318 2037; x_wconf 89' lang='lat' dir='ltr'>tonitrua</span> <span class='ocrx_word' id='word_1_150' title='bbox 341 1981 403 2036; x_wconf 91' lang='lat' dir='ltr'>tarn</span> <span class='ocrx_word' id='word_1_151' title='bbox 425 1976 507 2053; x_wconf 88' lang='lat' dir='ltr'>gravi</span> <span class='ocrx_word' id='word_1_152' title='bbox 529 1975 646 2046; x_wconf 90' lang='lat' dir='ltr'>sonitu,</span> <span class='ocrx_word' id='word_1_153' title='bbox 680 1976 759 2035; x_wconf 91' lang='lat' dir='ltr'>sicut</span> <span class='ocrx_word' id='word_1_154' title='bbox 782 1992 831 2061; x_wconf 87' lang='lat' dir='ltr'>me</span> <span class='ocrx_word' id='word_1_155' title='bbox 855 1994 1019 2055; x_wconf 91' lang='lat' dir='ltr'>numquam</span> <span class='ocrx_word' id='word_1_156' title='bbox 1052 1974 1201 2037; x_wconf 91' lang='lat' dir='ltr'>audivisse</span> <span class='ocrx_word' id='word_1_157' title='bbox 1224 1974 1364 2036; x_wconf 92' lang='lat' dir='ltr'>memini:</span> 
     </span>
     <span class='ocr_line' id='line_1_18' title="bbox 186 2077 1365 2151; baseline 0 -10"><span class='ocrx_word' id='word_1_158' title='bbox 186 2078 342 2141; x_wconf 77' lang='lat' dir='ltr'>videbatur</span> <span class='ocrx_word' id='word_1_159' title='bbox 375 2081 455 2140; x_wconf 92' lang='lat' dir='ltr'>enim</span> <span class='ocrx_word' id='word_1_160' title='bbox 486 2085 566 2138; x_wconf 91' lang='lat' dir='ltr'>terra</span> <span class='ocrx_word' id='word_1_161' title='bbox 606 2080 721 2140; x_wconf 82' lang='lat' dir='ltr'>moveri</span> <span class='ocrx_word' id='word_1_162' title='bbox 755 2087 785 2140; x_wconf 94' lang='lat' dir='ltr'>et</span> <span class='ocrx_word' id='word_1_163' title='bbox 815 2079 949 2141; x_wconf 88' lang='lat' dir='ltr'>aedificia</span> <span class='ocrx_word' id='word_1_164' title='bbox 979 2086 1126 2151; x_wconf 91' lang='lat' dir='ltr'>tremere,</span> <span class='ocrx_word' id='word_1_165' title='bbox 1159 2096 1217 2139; x_wconf 89' lang='lat' dir='ltr'>nec</span> <span class='ocrx_word' id='word_1_166' title='bbox 1240 2077 1365 2141; x_wconf 89' lang='lat' dir='ltr'>dubium</span> 
     </span>
     <span class='ocr_line' id='line_1_19' title="bbox 186 2157 1365 2263; baseline 0.002 -21"><span class='ocrx_word' id='word_1_167' title='bbox 186 2183 272 2244; x_wconf 86' lang='lat' dir='ltr'>nobis</span> <span class='ocrx_word' id='word_1_168' title='bbox 296 2189 374 2255; x_wconf 91' lang='lat' dir='ltr'>erat,</span> <span class='ocrx_word' id='word_1_169' title='bbox 409 2184 480 2262; x_wconf 91' lang='lat' dir='ltr'>quin</span> <span class='ocrx_word' id='word_1_170' title='bbox 503 2157 533 2243; x_wconf 84' lang='lat' dir='ltr'>in</span> <span class='ocrx_word' id='word_1_171' title='bbox 558 2182 657 2262; x_wconf 91' lang='lat' dir='ltr'>aliquo</span> <span class='ocrx_word' id='word_1_172' title='bbox 681 2185 849 2263; x_wconf 91' lang='lat' dir='ltr'>propinquo</span> <span class='ocrx_word' id='word_1_173' title='bbox 881 2185 949 2245; x_wconf 90' lang='lat' dir='ltr'>loco</span> <span class='ocrx_word' id='word_1_174' title='bbox 980 2183 1095 2245; x_wconf 84' lang='lat' dir='ltr'>tulmen</span> <span class='ocrx_word' id='word_1_175' title='bbox 1125 2183 1301 2255; x_wconf 89' lang='lat' dir='ltr'>cecidisset,</span> <span class='ocrx_word' id='word_1_176' title='bbox 1333 2190 1365 2245; x_wconf 91' lang='lat' dir='ltr'>et</span> 
     </span>
     <span class='ocr_line' id='line_1_20' title="bbox 187 2287 1363 2373; baseline -0.002 -25"><span class='ocrx_word' id='word_1_177' title='bbox 187 2302 256 2348; x_wconf 84' lang='lat' dir='ltr'>vera</span> <span class='ocrx_word' id='word_1_178' title='bbox 287 2295 390 2348; x_wconf 89' lang='lat' dir='ltr'>nostra</span> <span class='ocrx_word' id='word_1_179' title='bbox 421 2288 605 2373; x_wconf 81' lang='lat' dir='ltr'>aestimatio</span> <span class='ocrx_word' id='word_1_180' title='bbox 625 2293 705 2369; x_wconf 79' lang='lat' dir='ltr'>erat3</span> <span class='ocrx_word' id='word_1_181' title='bbox 740 2305 809 2348; x_wconf 92' lang='lat' dir='ltr'>nam</span> <span class='ocrx_word' id='word_1_182' title='bbox 842 2288 879 2348; x_wconf 89' lang='lat' dir='ltr'>ad</span> <span class='ocrx_word' id='word_1_183' title='bbox 913 2287 988 2356; x_wconf 87' lang='lat' dir='ltr'>duas</span> <span class='ocrx_word' id='word_1_184' title='bbox 1021 2287 1137 2366; x_wconf 84' lang='lat' dir='ltr'>galeas,</span> <span class='ocrx_word' id='word_1_185' title='bbox 1173 2304 1250 2366; x_wconf 90' lang='lat' dir='ltr'>quae</span> <span class='ocrx_word' id='word_1_186' title='bbox 1274 2304 1363 2347; x_wconf 89' lang='lat' dir='ltr'>mane</span> 
     </span>
     <span class='ocr_line' id='line_1_21' title="bbox 186 2389 1363 2471; baseline 0.002 -21"><span class='ocrx_word' id='word_1_187' title='bbox 186 2389 313 2451; x_wconf 89' lang='lat' dir='ltr'>eductae</span> <span class='ocrx_word' id='word_1_188' title='bbox 342 2391 461 2452; x_wconf 85' lang='lat' dir='ltr'>luerunt</span> <span class='ocrx_word' id='word_1_189' title='bbox 491 2390 530 2452; x_wconf 93' lang='lat' dir='ltr'>ad</span> <span class='ocrx_word' id='word_1_190' title='bbox 552 2390 726 2471; x_wconf 86' lang='lat' dir='ltr'>Sapientiae</span> <span class='ocrx_word' id='word_1_191' title='bbox 758 2397 1015 2471; x_wconf 90' lang='lat' dir='ltr'>promontorium,</span> <span class='ocrx_word' id='word_1_192' title='bbox 1049 2392 1159 2470; x_wconf 81' lang='lat' dir='ltr'>cecidit</span> <span class='ocrx_word' id='word_1_193' title='bbox 1191 2400 1222 2452; x_wconf 87' lang='lat' dir='ltr'>et.</span> <span class='ocrx_word' id='word_1_194' title='bbox 1255 2409 1363 2460; x_wconf 88' lang='lat' dir='ltr'>omnes</span> 
     </span>
     <span class='ocr_line' id='line_1_22' title="bbox 184 2495 1363 2576; baseline 0.002 -21"><span class='ocrx_word' id='word_1_195' title='bbox 184 2495 380 2558; x_wconf 82' lang='lat' dir='ltr'>inexistentes</span> <span class='ocrx_word' id='word_1_196' title='bbox 412 2496 590 2576; x_wconf 81' lang='lat' dir='ltr'>prostravit,</span> <span class='ocrx_word' id='word_1_197' title='bbox 625 2498 676 2575; x_wconf 93' lang='lat' dir='ltr'>qui</span> <span class='ocrx_word' id='word_1_198' title='bbox 707 2496 889 2576; x_wconf 90' lang='lat' dir='ltr'>aliquamdiu</span> <span class='ocrx_word' id='word_1_199' title='bbox 921 2499 1057 2558; x_wconf 88' lang='lat' dir='ltr'>semivivi</span> <span class='ocrx_word' id='word_1_200' title='bbox 1076 2496 1233 2575; x_wconf 89' lang='lat' dir='ltr'>jacebant,</span> <span class='ocrx_word' id='word_1_201' title='bbox 1268 2515 1363 2557; x_wconf 92' lang='lat' dir='ltr'>unum</span> 
     </span>
     <span class='ocr_line' id='line_1_23' title="bbox 183 2599 1361 2679; baseline -0.001 -18"><span class='ocrx_word' id='word_1_202' title='bbox 183 2615 255 2661; x_wconf 86' lang='lat' dir='ltr'>vero</span> <span class='ocrx_word' id='word_1_203' title='bbox 278 2601 398 2678; x_wconf 90' lang='lat' dir='ltr'>penitus</span> <span class='ocrx_word' id='word_1_204' title='bbox 421 2602 568 2671; x_wconf 82' lang='lat' dir='ltr'>exstinxit,</span> <span class='ocrx_word' id='word_1_205' title='bbox 592 2602 643 2679; x_wconf 91' lang='lat' dir='ltr'>qui</span> <span class='ocrx_word' id='word_1_206' title='bbox 665 2600 720 2662; x_wconf 88' lang='lat' dir='ltr'>luit</span> <span class='ocrx_word' id='word_1_207' title='bbox 741 2603 786 2663; x_wconf 81' lang='lat' dir='ltr'>vir</span> <span class='ocrx_word' id='word_1_208' title='bbox 800 2602 955 2674; x_wconf 87' lang='lat' dir='ltr'>honestus,</span> <span class='ocrx_word' id='word_1_209' title='bbox 978 2601 1199 2664; x_wconf 68' lang='lat' dir='ltr'>totius&#39;ciassis</span> <span class='ocrx_word' id='word_1_210' title='bbox 1223 2599 1361 2662; x_wconf 87' lang='lat' dir='ltr'>medieas</span> 
     </span>
     <span class='ocr_line' id='line_1_24' title="bbox 185 2684 1361 2783; baseline -0.001 -17"><span class='ocrx_word' id='word_1_211' title='bbox 185 2710 216 2767; x_wconf 88' lang='lat' dir='ltr'>et</span> <span class='ocrx_word' id='word_1_212' title='bbox 239 2705 439 2783; x_wconf 85' lang='lat' dir='ltr'>chirurgicus,</span> <span class='ocrx_word' id='word_1_213' title='bbox 471 2718 540 2765; x_wconf 89' lang='lat' dir='ltr'>cum</span> <span class='ocrx_word' id='word_1_214' title='bbox 563 2722 624 2783; x_wconf 92' lang='lat' dir='ltr'>quo</span> <span class='ocrx_word' id='word_1_215' title='bbox 647 2684 739 2782; x_wconf 90' lang='lat' dir='ltr'>sacpe</span> <span class='ocrx_word' id='word_1_216' title='bbox 762 2707 792 2765; x_wconf 92' lang='lat' dir='ltr'>in</span> <span class='ocrx_word' id='word_1_217' title='bbox 815 2701 922 2768; x_wconf 90' lang='lat' dir='ltr'>insulis</span> <span class='ocrx_word' id='word_1_218' title='bbox 946 2706 983 2767; x_wconf 92' lang='lat' dir='ltr'>de</span> <span class='ocrx_word' id='word_1_219' title='bbox 1006 2707 1092 2768; x_wconf 91' lang='lat' dir='ltr'>bonis</span> <span class='ocrx_word' id='word_1_220' title='bbox 1116 2705 1206 2767; x_wconf 91' lang='lat' dir='ltr'>rebus</span> <span class='ocrx_word' id='word_1_221' title='bbox 1230 2705 1361 2778; x_wconf 82' lang='lat' dir='ltr'>contuli3</span> 
     </span>
     <span class='ocr_line' id='line_1_25' title="bbox 185 2807 1363 2892; baseline 0.002 -25"><span class='ocrx_word' id='word_1_222' title='bbox 185 2815 248 2869; x_wconf 90' lang='lat' dir='ltr'>erat</span> <span class='ocrx_word' id='word_1_223' title='bbox 272 2809 354 2867; x_wconf 89' lang='lat' dir='ltr'>enim</span> <span class='ocrx_word' id='word_1_224' title='bbox 377 2809 569 2879; x_wconf 89' lang='lat' dir='ltr'>intentionis,</span> <span class='ocrx_word' id='word_1_225' title='bbox 602 2815 636 2868; x_wconf 91' lang='lat' dir='ltr'>ut</span> <span class='ocrx_word' id='word_1_226' title='bbox 664 2825 757 2886; x_wconf 91' lang='lat' dir='ltr'>saepe</span> <span class='ocrx_word' id='word_1_227' title='bbox 789 2810 861 2870; x_wconf 91' lang='lat' dir='ltr'>mibi</span> <span class='ocrx_word' id='word_1_228' title='bbox 891 2808 1016 2879; x_wconf 70' lang='lat' dir='ltr'>occulte,</span> <span class='ocrx_word' id='word_1_229' title='bbox 1037 2811 1210 2892; x_wconf 84' lang='lat' dir='ltr'>expressit,</span> <span class='ocrx_word' id='word_1_230' title='bbox 1243 2807 1363 2888; x_wconf 91' lang='lat' dir='ltr'>ingredi</span> 
     </span>
     <span class='ocr_line' id='line_1_26' title="bbox 184 2907 1362 2994; baseline 0.004 -24"><span class='ocrx_word' id='word_1_231' title='bbox 184 2910 365 2989; x_wconf 89' lang='lat' dir='ltr'>carthusiam</span> <span class='ocrx_word' id='word_1_232' title='bbox 388 2912 524 2974; x_wconf 90' lang='lat' dir='ltr'>Venetiis</span> <span class='ocrx_word' id='word_1_233' title='bbox 555 2911 640 2982; x_wconf 78' lang='lat' dir='ltr'>ins.</span> <span class='ocrx_word' id='word_1_234' title='bbox 661 2910 800 2985; x_wconf 75' lang='lat' dir='ltr'>tindrea,</span> <span class='ocrx_word' id='word_1_235' title='bbox 833 2913 888 2974; x_wconf 91' lang='lat' dir='ltr'>sed</span> <span class='ocrx_word' id='word_1_236' title='bbox 911 2914 976 2975; x_wconf 89' lang='lat' dir='ltr'>Deo</span> <span class='ocrx_word' id='word_1_237' title='bbox 998 2915 1057 2974; x_wconf 91' lang='lat' dir='ltr'>boc</span> <span class='ocrx_word' id='word_1_238' title='bbox 1080 2907 1201 2994; x_wconf 88' lang='lat' dir='ltr'>placuit.</span> <span class='ocrx_word' id='word_1_239' title='bbox 1245 2913 1279 2975; x_wconf 91' lang='lat' dir='ltr'>io</span> <span class='ocrx_word' id='word_1_240' title='bbox 1302 2915 1362 2976; x_wconf 90' lang='lat' dir='ltr'>hoc</span> 
     </span>
     <span class='ocr_line' id='line_1_27' title="bbox 184 3008 1363 3098; baseline 0.004 -25"><span class='ocrx_word' id='word_1_241' title='bbox 184 3030 256 3075; x_wconf 88' lang='lat' dir='ltr'>casu</span> <span class='ocrx_word' id='word_1_242' title='bbox 281 3016 472 3095; x_wconf 90' lang='lat' dir='ltr'>accepimus,</span> <span class='ocrx_word' id='word_1_243' title='bbox 508 3013 587 3093; x_wconf 93' lang='lat' dir='ltr'>quod</span> <span class='ocrx_word' id='word_1_244' title='bbox 618 3015 696 3075; x_wconf 91' lang='lat' dir='ltr'>lorte</span> <span class='ocrx_word' id='word_1_245' title='bbox 719 3016 802 3077; x_wconf 88' lang='lat' dir='ltr'>Deus</span> <span class='ocrx_word' id='word_1_246' title='bbox 831 3018 913 3078; x_wconf 92' lang='lat' dir='ltr'>illam</span> <span class='ocrx_word' id='word_1_247' title='bbox 941 3008 1141 3081; x_wconf 83' lang='lat' dir='ltr'>turbationem</span> <span class='ocrx_word' id='word_1_248' title='bbox 1170 3021 1237 3079; x_wconf 91' lang='lat' dir='ltr'>istis</span> <span class='ocrx_word' id='word_1_249' title='bbox 1267 3019 1363 3098; x_wconf 89' lang='lat' dir='ltr'>galeis</span> 
     </span>
     <span class='ocr_line' id='line_1_28' title="bbox 181 3104 1362 3200; baseline 0.003 -21"><span class='ocrx_word' id='word_1_250' title='bbox 181 3119 323 3190; x_wconf 89' lang='lat' dir='ltr'>immisit,</span> <span class='ocrx_word' id='word_1_251' title='bbox 356 3120 426 3196; x_wconf 91' lang='lat' dir='ltr'>quia</span> <span class='ocrx_word' id='word_1_252' title='bbox 454 3120 519 3179; x_wconf 91' lang='lat' dir='ltr'>sine</span> <span class='ocrx_word' id='word_1_253' title='bbox 549 3130 639 3180; x_wconf 86' lang='lat' dir='ltr'>causa</span> <span class='ocrx_word' id='word_1_254' title='bbox 670 3119 800 3181; x_wconf 90' lang='lat' dir='ltr'>cilicium</span> <span class='ocrx_word' id='word_1_255' title='bbox 831 3104 1034 3200; x_wconf 87' lang='lat' dir='ltr'>neglexerant.</span> <span class='ocrx_word' id='word_1_256' title='bbox 1080 3121 1152 3183; x_wconf 92' lang='lat' dir='ltr'>Post</span> <span class='ocrx_word' id='word_1_257' title='bbox 1177 3124 1306 3183; x_wconf 88' lang='lat' dir='ltr'>tonitrua</span> <span class='ocrx_word' id='word_1_258' title='bbox 1330 3129 1362 3183; x_wconf 92' lang='lat' dir='ltr'>et</span> 
     </span>
     <span class='ocr_line' id='line_1_29' title="bbox 181 3219 1361 3307; baseline 0.003 -26"><span class='ocrx_word' id='word_1_259' title='bbox 181 3219 299 3302; x_wconf 83' lang='lat' dir='ltr'>fulgura</span> <span class='ocrx_word' id='word_1_260' title='bbox 322 3223 486 3283; x_wconf 89' lang='lat' dir='ltr'>subsecuta</span> <span class='ocrx_word' id='word_1_261' title='bbox 509 3230 556 3284; x_wconf 90' lang='lat' dir='ltr'>est</span> <span class='ocrx_word' id='word_1_262' title='bbox 578 3223 732 3285; x_wconf 90' lang='lat' dir='ltr'>inundatio</span> <span class='ocrx_word' id='word_1_263' title='bbox 755 3242 863 3304; x_wconf 88' lang='lat' dir='ltr'>magna</span> <span class='ocrx_word' id='word_1_264' title='bbox 879 3244 1039 3305; x_wconf 89' lang='lat' dir='ltr'>aquarum,</span> <span class='ocrx_word' id='word_1_265' title='bbox 1063 3230 1120 3299; x_wconf 91' lang='lat' dir='ltr'>ita,</span> <span class='ocrx_word' id='word_1_266' title='bbox 1143 3234 1254 3307; x_wconf 72' lang='lat' dir='ltr'>nt‘per</span> <span class='ocrx_word' id='word_1_267' title='bbox 1276 3229 1361 3294; x_wconf 85' lang='lat' dir='ltr'>vicos</span> 
     </span>
     <span class='ocr_line' id='line_1_30' title="bbox 182 3314 1360 3410; baseline 0.005 -24"><span class='ocrx_word' id='word_1_268' title='bbox 182 3328 310 3387; x_wconf 86' lang='lat' dir='ltr'>civitatis</span> <span class='ocrx_word' id='word_1_269' title='bbox 334 3327 420 3406; x_wconf 89' lang='lat' dir='ltr'>quasi</span> <span class='ocrx_word' id='word_1_270' title='bbox 443 3325 567 3388; x_wconf 84' lang='lat' dir='ltr'>flumina</span> <span class='ocrx_word' id='word_1_271' title='bbox 590 3326 693 3407; x_wconf 89' lang='lat' dir='ltr'>rapida</span> <span class='ocrx_word' id='word_1_272' title='bbox 709 3336 881 3401; x_wconf 87' lang='lat' dir='ltr'>currerent,</span> <span class='ocrx_word' id='word_1_273' title='bbox 905 3318 1026 3410; x_wconf 61' lang='lat' dir='ltr'>desque</span> <span class='ocrx_word' id='word_1_274' title='bbox 1048 3314 1243 3407; x_wconf 84' lang='lat' dir='ltr'>inundatione</span> <span class='ocrx_word' id='word_1_275' title='bbox 1258 3328 1360 3394; x_wconf 90' lang='lat' dir='ltr'>Meto-</span> 
     </span>
     <span class='ocr_line' id='line_1_31' title="bbox 180 3429 1359 3516; baseline 0.003 -24"><span class='ocrx_word' id='word_1_276' title='bbox 180 3448 292 3492; x_wconf 87' lang='lat' dir='ltr'>nenses</span> <span class='ocrx_word' id='word_1_277' title='bbox 323 3429 485 3509; x_wconf 92' lang='lat' dir='ltr'>plurimum</span> <span class='ocrx_word' id='word_1_278' title='bbox 513 3432 714 3506; x_wconf 89' lang='lat' dir='ltr'>laetabantur,</span> <span class='ocrx_word' id='word_1_279' title='bbox 748 3434 818 3513; x_wconf 90' lang='lat' dir='ltr'>quia</span> <span class='ocrx_word' id='word_1_280' title='bbox 841 3435 1076 3505; x_wconf 78' lang='lat' dir='ltr'>omnes&#39;eorum</span> <span class='ocrx_word' id='word_1_281' title='bbox 1099 3439 1249 3516; x_wconf 84' lang='lat' dir='ltr'>cisternae</span> <span class='ocrx_word' id='word_1_282' title='bbox 1273 3438 1359 3514; x_wconf 91' lang='lat' dir='ltr'>aquis</span> 
     </span>
     <span class='ocr_line' id='line_1_32' title="bbox 181 3530 1359 3621; baseline 0.007 -28"><span class='ocrx_word' id='word_1_283' title='bbox 181 3530 236 3615; x_wconf 78' lang='lat' dir='ltr'>(b)</span> <span class='ocrx_word' id='word_1_284' title='bbox 259 3534 475 3615; x_wconf 89' lang='lat' dir='ltr'>implebantur,</span> <span class='ocrx_word' id='word_1_285' title='bbox 498 3542 645 3598; x_wconf 90' lang='lat' dir='ltr'>steterant</span> <span class='ocrx_word' id='word_1_286' title='bbox 669 3539 750 3598; x_wconf 91' lang='lat' dir='ltr'>enim</span> <span class='ocrx_word' id='word_1_287' title='bbox 773 3537 876 3619; x_wconf 85' lang='lat' dir='ltr'>multis</span> <span class='ocrx_word' id='word_1_288' title='bbox 899 3542 1053 3615; x_wconf 86' lang='lat' dir='ltr'>mensibus</span> <span class='ocrx_word' id='word_1_289' title='bbox 1069 3558 1197 3614; x_wconf 82' lang='lat' dir='ltr'>vacuae,</span> <span class='ocrx_word' id='word_1_290' title='bbox 1222 3536 1253 3602; x_wconf 85' lang='lat' dir='ltr'>et</span> <span class='ocrx_word' id='word_1_291' title='bbox 1275 3544 1359 3621; x_wconf 89' lang='lat' dir='ltr'>passi</span> 
     </span>
     <span class='ocr_line' id='line_1_33' title="bbox 179 3627 1357 3724; baseline 0.007 -28"><span class='ocrx_word' id='word_1_292' title='bbox 179 3636 299 3698; x_wconf 79' lang='lat' dir='ltr'>fuerant</span> <span class='ocrx_word' id='word_1_293' title='bbox 321 3640 488 3717; x_wconf 88' lang='lat' dir='ltr'>penuriam</span> <span class='ocrx_word' id='word_1_294' title='bbox 522 3658 684 3720; x_wconf 78' lang='lat' dir='ltr'>aquarum,</span> <span class='ocrx_word' id='word_1_295' title='bbox 717 3627 775 3702; x_wconf 88' lang='lat' dir='ltr'>nee</span> <span class='ocrx_word' id='word_1_296' title='bbox 799 3650 863 3704; x_wconf 92' lang='lat' dir='ltr'>erat</span> <span class='ocrx_word' id='word_1_297' title='bbox 887 3645 918 3704; x_wconf 92' lang='lat' dir='ltr'>in</span> <span class='ocrx_word' id='word_1_298' title='bbox 943 3645 1071 3721; x_wconf 74' lang='lat' dir='ltr'>&#39;civitate</span> <span class='ocrx_word' id='word_1_299' title='bbox 1101 3663 1191 3724; x_wconf 90' lang='lat' dir='ltr'>aqua,</span> <span class='ocrx_word' id='word_1_300' title='bbox 1224 3643 1283 3705; x_wconf 92' lang='lat' dir='ltr'>nisi</span> <span class='ocrx_word' id='word_1_301' title='bbox 1311 3663 1357 3717; x_wconf 91' lang='lat' dir='ltr'>ea,</span> 
     </span>
     <span class='ocr_line' id='line_1_34' title="bbox 180 3740 1358 3829; baseline 0.004 -27"><span class='ocrx_word' id='word_1_302' title='bbox 180 3759 270 3820; x_wconf 88' lang='lat' dir='ltr'>quarn</span> <span class='ocrx_word' id='word_1_303' title='bbox 292 3740 461 3804; x_wconf 80' lang='lat' dir='ltr'>inserebant</span> <span class='ocrx_word' id='word_1_304' title='bbox 483 3745 521 3804; x_wconf 89' lang='lat' dir='ltr'>de</span> <span class='ocrx_word' id='word_1_305' title='bbox 546 3745 674 3807; x_wconf 90' lang='lat' dir='ltr'>cisterna</span> <span class='ocrx_word' id='word_1_306' title='bbox 699 3746 843 3825; x_wconf 88' lang='lat' dir='ltr'>quadam,</span> <span class='ocrx_word' id='word_1_307' title='bbox 868 3766 945 3827; x_wconf 88' lang='lat' dir='ltr'>quae</span> <span class='ocrx_word' id='word_1_308' title='bbox 967 3751 1058 3829; x_wconf 91' lang='lat' dir='ltr'>longe</span> <span class='ocrx_word' id='word_1_309' title='bbox 1082 3768 1098 3812; x_wconf 96' lang='lat' dir='ltr'>a</span> <span class='ocrx_word' id='word_1_310' title='bbox 1122 3752 1242 3811; x_wconf 89' lang='lat' dir='ltr'>civitate</span> <span class='ocrx_word' id='word_1_311' title='bbox 1259 3750 1358 3810; x_wconf 89' lang='lat' dir='ltr'>stabat</span> 
     </span>
     <span class='ocr_line' id='line_1_35' title="bbox 179 3843 1357 3935; baseline 0.006 -30"><span class='ocrx_word' id='word_1_312' title='bbox 179 3852 278 3917; x_wconf 90' lang='lat' dir='ltr'>extra,</span> <span class='ocrx_word' id='word_1_313' title='bbox 300 3843 383 3922; x_wconf 87' lang='lat' dir='ltr'>juxta</span> <span class='ocrx_word' id='word_1_314' title='bbox 406 3855 589 3909; x_wconf 87' lang='lat' dir='ltr'>conventum</span> <span class='ocrx_word' id='word_1_315' title='bbox 611 3846 775 3911; x_wconf 80' lang='lat' dir='ltr'>Minorem.</span> <span class='ocrx_word' id='word_1_316' title='bbox 804 3850 838 3912; x_wconf 88' lang='lat' dir='ltr'>in</span> <span class='ocrx_word' id='word_1_317' title='bbox 860 3853 918 3914; x_wconf 91' lang='lat' dir='ltr'>iliis</span> <span class='ocrx_word' id='word_1_318' title='bbox 942 3856 1024 3915; x_wconf 89' lang='lat' dir='ltr'>euim</span> <span class='ocrx_word' id='word_1_319' title='bbox 1046 3856 1179 3935; x_wconf 88' lang='lat' dir='ltr'>partibus</span> <span class='ocrx_word' id='word_1_320' title='bbox 1203 3873 1263 3916; x_wconf 91' lang='lat' dir='ltr'>non</span> <span class='ocrx_word' id='word_1_321' title='bbox 1286 3860 1357 3913; x_wconf 91' lang='lat' dir='ltr'>sunt</span> 
     </span>
     <span class='ocr_line' id='line_1_36' title="bbox 177 3945 1357 4045; baseline 0.012 -37"><span class='ocrx_word' id='word_1_322' title='bbox 177 3945 302 4025; x_wconf 84' lang='lat' dir='ltr'>flumina</span> <span class='ocrx_word' id='word_1_323' title='bbox 331 3967 390 4012; x_wconf 91' lang='lat' dir='ltr'>nec</span> <span class='ocrx_word' id='word_1_324' title='bbox 412 3949 511 4012; x_wconf 85' lang='lat' dir='ltr'>fontes</span> <span class='ocrx_word' id='word_1_325' title='bbox 534 3970 591 4014; x_wconf 90' lang='lat' dir='ltr'>nec</span> <span class='ocrx_word' id='word_1_326' title='bbox 617 3953 736 4032; x_wconf 81' lang='lat' dir='ltr'>pluviae</span> <span class='ocrx_word' id='word_1_327' title='bbox 753 3955 957 4043; x_wconf 77' lang='lat' dir='ltr'>trequentes:</span> <span class='ocrx_word' id='word_1_328' title='bbox 980 3967 1011 4020; x_wconf 87' lang='lat' dir='ltr'>et</span> <span class='ocrx_word' id='word_1_329' title='bbox 1033 3959 1153 4039; x_wconf 91' lang='lat' dir='ltr'>quando</span> <span class='ocrx_word' id='word_1_330' title='bbox 1175 3977 1235 4020; x_wconf 94' lang='lat' dir='ltr'>non</span> <span class='ocrx_word' id='word_1_331' title='bbox 1257 3961 1357 4045; x_wconf 88' lang='lat' dir='ltr'>semel</span> 
     </span>
     <span class='ocr_line' id='line_1_37' title="bbox 177 4053 1356 4145; baseline 0.008 -29"><span class='ocrx_word' id='word_1_332' title='bbox 177 4057 229 4116; x_wconf 89' lang='lat' dir='ltr'>aut</span> <span class='ocrx_word' id='word_1_333' title='bbox 250 4053 297 4115; x_wconf 91' lang='lat' dir='ltr'>bis</span> <span class='ocrx_word' id='word_1_334' title='bbox 318 4055 350 4115; x_wconf 94' lang='lat' dir='ltr'>in</span> <span class='ocrx_word' id='word_1_335' title='bbox 373 4072 451 4116; x_wconf 91' lang='lat' dir='ltr'>anno</span> <span class='ocrx_word' id='word_1_336' title='bbox 473 4055 585 4116; x_wconf 84' lang='lat' dir='ltr'>habent</span> <span class='ocrx_word' id='word_1_337' title='bbox 604 4057 699 4118; x_wconf 89' lang='lat' dir='ltr'>talem</span> <span class='ocrx_word' id='word_1_338' title='bbox 714 4065 942 4140; x_wconf 87' lang='lat' dir='ltr'>tempestatem,</span> <span class='ocrx_word' id='word_1_339' title='bbox 965 4069 1038 4126; x_wconf 90' lang='lat' dir='ltr'>tunc</span> <span class='ocrx_word' id='word_1_340' title='bbox 1060 4068 1221 4128; x_wconf 87' lang='lat' dir='ltr'>maximam</span> <span class='ocrx_word' id='word_1_341' title='bbox 1235 4065 1356 4145; x_wconf 89' lang='lat' dir='ltr'>patiun-</span> 
     </span>
     <span class='ocr_line' id='line_1_38' title="bbox 176 4158 1356 4251; baseline 0.014 -31"><span class='ocrx_word' id='word_1_342' title='bbox 176 4163 225 4220; x_wconf 86' lang='lat' dir='ltr'>tur</span> <span class='ocrx_word' id='word_1_343' title='bbox 247 4175 392 4237; x_wconf 81' lang='lat' dir='ltr'>aquarum</span> <span class='ocrx_word' id='word_1_344' title='bbox 413 4158 581 4236; x_wconf 84' lang='lat' dir='ltr'>penuriam.</span> <span class='ocrx_word' id='word_1_345' title='bbox 627 4159 707 4224; x_wconf 86' lang='lat' dir='ltr'>Dum</span> <span class='ocrx_word' id='word_1_346' title='bbox 729 4180 802 4244; x_wconf 84' lang='lat' dir='ltr'>ergo</span> <span class='ocrx_word' id='word_1_347' title='bbox 832 4164 936 4251; x_wconf 79' lang='lat' dir='ltr'>sedata</span> <span class='ocrx_word' id='word_1_348' title='bbox 963 4167 1022 4231; x_wconf 88' lang='lat' dir='ltr'>luit</span> <span class='ocrx_word' id='word_1_349' title='bbox 1042 4176 1225 4250; x_wconf 84' lang='lat' dir='ltr'>tempestas,</span> <span class='ocrx_word' id='word_1_350' title='bbox 1255 4175 1356 4237; x_wconf 88' lang='lat' dir='ltr'>mansi</span> 
     </span>
    </p>
   </div>
   <div class='ocr_carea' id='block_1_2' title="bbox 0 0 1456 4710">
    <p class='ocr_par' dir='ltr' id='par_1_3' title="bbox 0 0 1456 4710">
     <span class='ocr_line' id='line_1_39' title="bbox 0 0 1456 4710; baseline 0 5"><span class='ocrx_word' id='word_1_351' title='bbox 0 0 1456 4710; x_wconf 95' lang='lat' dir='ltr'> </span> 
     </span>
    </p>
   </div>
  </div>
 </body>
</html>
