2874 4770
601 240 604 247 .
695 152 761 261 ur

137 360 332 428 Machametua,
351 375 403 430 quo
416 364 536 429 tempore
550 367 629 416 natus
642 361 699 415 sitl’
712 363 762 416 266
774 363 806 429 Β,
826 379 879 431 quo
892 371 1012 434 tempore
1027 367 1179 436 corruperit
1191 368 1318 421 muudum

208 449 268 501 suis
287 448 442 514 erroribus,
463 449 550 501 1415.
586 448 750 500 Machameti
770 450 866 503 civitas
887 457 913 504 et
931 453 1117 522 sepulchrum,
1145 456 1179 509 50
1197 471 1221 509 a.
1258 454 1320 506 Dea

209 542 250 586 cst
267 534 375 600 Venus,
395 535 445 586 225
459 536 490 587 Α.
529 535 624 587 Sectae
643 536 819 604 principium,
839 539 889 604 72,
908 546 983 593 55515
996 543 1074 609 pejor
1093 547 1134 595 est
1151 541 1317 608 idololatria,

208 624 257 674 107
276 639 331 688 seq.
368 623 521 689 Jejuuium,
544 624 577 676 69
596 624 628 688 5,
649 624 747 675 festum
766 625 888 691 celebre,
909 629 959 679 225
978 628 1015 692 Α,
1040 627 1122 680 55055
1142 627 1175 679 50
1194 627 1318 694 iudicau-

207 709 284 774 dum,
304 709 354 760 229
373 708 411 773 Α,
439 715 466 761 51
488 709 636 761 Turcorum
661 715 782 777 potestas
802 712 934 779 quomodo
952 713 989 765 511
1007 715 1200 782 augmentata?
1221 716 1270 768 156
1289 715 1316 780 5,

208 802 240 853 ct,
253 796 302 849 192
322 812 345 849 5.
365 797 390 847 5.
428 794 553 848 Cultores
572 797 625 848 sibi
643 797 822 864 maledicunt,
842 800 910 852 86Β
930 805 956 852 et
974 800 1007 852 86
1020 815 1051 867 a,
1071 817 1169 869 corpus
1187 801 1239 852 hoc
1252 805 1316 852 tem-

120 952 122 957 ,
207 901 272 953 5555
293 884 358 951 igne
379 883 491 936 coelesti
511 889 553 935 est
572 890 738 937 consumtum
762 891 789 937 et
807 887 979 955 sepulchrum
997 886 1176 952 destructum,
1204 887 1273 941 71A
1291 891 1318 939 et

206 973 240 1024 72
258 973 275 1023 b
295 977 322 1023 et
340 973 373 1024 56
392 987 422 1037 5,
443 971 503 1022 vide
522 971 601 1023 etiarn
620 972 817 1027 Machumetus.

135 1059 248 1112 Madian
267 1059 344 1124 regio
363 1058 409 1110 ubi
428 1058 484 1111 5111
504 1060 536 1111 39
556 1074 572 1108 5
591 1061 667 1111 5141
689 1063 775 1113 5155.

134 1147 259 1198 madinus
280 1151 321 1197 ost
340 1162 462 1198 nummus
481 1145 711 1211 sarracenorum,
732 1147 845 1215 ejusque
864 1147 957 1213 valor,
979 1148 1029 1200 148
1047 1148 1078 1199 Β.

132 1234 271 1286 Maffirath
291 1233 374 1287 xxlv
391 1233 496 1286 mansio
516 1232 721 1301 peregrinorum
739 1233 768 1284 in
788 1234 909 1300 deserto,
929 1235 962 1288 43
981 1237 1007 1287 5.

134 1321 292 1388 Margareth
311 1321 347 1372 vl
364 1321 470 1374 mansio
490 1321 696 1390 peregrinorum
715 1337 765 1388 per
784 1321 934 1388 desertum,
955 1322 987 1374 32
1006 1324 1031 1374 b.

134 1407 258 1474 magistri
277 1407 419 1476 hospitalis
439 1409 492 1460 duo
510 1408 539 1458 15
556 1409 725 1474 Jerusalem,
746 1411 794 1461 221
815 1410 846 1461 Β.
867 1426 889 1463 5.

132 1495 304 1561 Magdabeae
324 1495 345 1544 V
363 1495 468 1547 mansio
488 1494 695 1563 peregrinorum
714 1495 743 1548 in
763 1496 869 1547 deserto
888 1511 1003 1562 magno,
1025 1496 1057 1547 32
1077 1513 1100 1548 a.

134 1598 258 1649 magnes,
277 1581 348 1649 lapis
366 1581 525 1648 minerulis,
545 1581 612 1633 ferri
631 1587 737 1650 raptor,
756 1585 789 1635 49
808 1584 834 1633 5.

134 1674 290 1735 magnetum
309 1675 432 1734 montes,
452 1669 572 1737 scopuli,
593 1687 673 1739 rupes
692 1677 724 1724 et
737 1677 846 1740 petrae,
865 1670 932 1723 ubil’
952 1671 985 1723 49
1004 1671 1030 1721 b.

133 1756 278 1824 Magorum
297 1757 408 1809 (luorum
427 1755 560 1810 mirabilis
579 1760 734 1826 sepultura,
757 1760 805 1813 157
824 1760 856 1825 5,
886 1758 965 1810 trium
984 1758 1077 1825 stella,
1097 1757 1144 1812 ubi
1162 1755 1240 1810 visa?
1262 1756 1313 1810 164

201 1845 233 1898 Β.
248 1843 283 1910 C,
304 1844 382 1896 trium
403 1851 429 1896 et
448 1851 586 1913 pastorum
604 1847 763 1912 conventio,
784 1848 833 1900 166
849 1846 889 1913 Β,
916 1845 1033 1912 oblatio,
1059 1847 1106 1897 171
1120 1845 1151 1899 Α.
1164 1845 1202 1911 Β,
1222 1844 1312 1914 55551-

203 1932 241 1983 115
260 1933 289 1982 15
308 1933 422 1985 51555115
441 1933 607 1999 Jerusalem,
630 1937 679 1987 148
698 1935 728 1986 Α.
747 1934 778 1985 Β.

131 2018 299 2086 Magnificat,
320 2020 461 2086 canticum,
483 2020 529 2072 ubi
549 2021 680 2073 cecinerit
692 2021 782 2073 Maria
794 2021 880 2089 Virgo
893 2037 951 2074 cum
969 2019 1153 2088 jocunditate,
1181 2018 1230 2074 189
1239 2021 1270 2074 Β.
1281 2018 1311 2074 (l.

132 2107 253 2174 Magnus
273 2105 415 2175 episcopus
435 2106 481 2158 ubi
500 2107 536 2161 sit
555 2110 699 2177 sepultus?
719 2111 753 2162 40
771 2110 803 2160 Α.

128 2194 297 2245 Machmetus
317 2194 498 2248 Ottomannus
517 2197 665 2249 Turcorum
683 2196 838 2265 imperator,
858 2197 900 2249 vir
917 2196 1157 2263 bellicosissimus,
1177 2195 1311 2248 Constan-

199 2281 338 2349 tinopolim
359 2282 466 2334 obsedit
485 2289 511 2334 et
529 2283 612 2353 cepit,
634 2283 691 2335 178.

129 2367 315 2433 Machumetus
334 2369 459 2421 Rhodum
479 2371 649 2437 angustavit,
676 2373 723 2424 163
744 2387 768 2425 5.
786 2373 811 2426 b.
848 2370 1012 2424 Machumeti
1031 2370 1195 2441 epitaphium
1213 2369 1241 2422 iu
1260 2386 1311 2424 sua

200 2457 304 2519 tumba,
325 2457 372 2522 96,
393 2455 455 2508 vide
475 2457 553 2509 etiam
572 2458 765 2511 Machametus.

130 2544 223 2609 Maja,
244 2543 310 2608 dea,
330 2559 417 2612 aqua
435 2543 527 2610 Majus
546 2545 649 2597 mensis
667 2562 764 2597 nomen
784 2547 879 2613 habet,
901 2547 947 2599 131
970 2563 993 2600 a.

131 2630 234 2695 Majum
253 2646 374 2681 mensem
394 2632 525 2698 quomodo
544 2632 677 2684 deducere
697 2632 837 2701 peregrini
857 2633 1071 2703 proposuerint?
1090 2631 1123 2686 36
1143 2647 1166 2683 5.

130 2715 277 2767 Macharea
293 2716 356 2769 Xlll
373 2717 478 2770 mansio
498 2719 704 2788 peregrinorum
723 2721 752 2771 in
771 2722 893 2787 deserto,
914 2725 945 2774 41
966 2723 991 2773 b.
1080 2713 1090 2738 ¹

130 2803 254 2855 Malchus
283 2805 329 2857 ubi
361 2806 483 2859 auricula
509 2807 545 2860 sit
568 2807 730 2860 mutilatus?
759 2810 808 2863 146
827 2811 858 2862 Α.
895 2807 1013 2863 Domino
1040 2808 1106 2860 Jesu
1135 2804 1305 2860 durissimam

202 2891 308 2959 alapam
327 2893 417 2959 dedit,
439 2896 484 2947 101
505 2897 537 2946 Α.

128 2980 248 3032 Maleum
267 2981 325 3033 sive
343 2981 496 3034 Tenorcum
516 2983 742 3051 promontorium,
761 2985 841 3053 quale
859 2983 914 3036 5111
935 2984 985 3036 170
997 2983 1023 3036 5.
1058 2981 1176 3034 Maleum
1195 2979 1307 3050 navigio

198 3071 329 3137 quomodo
348 3070 576 3124 transiverimus?
597 3074 646 3125 186
665 3089 689 3124 5.

129 3157 215 3210 malus
234 3159 346 3226 galeae,
367 3158 455 3224 qualis
475 3160 560 3228 stipes
579 3160 638 3211 sior
657 3163 690 3213 45
709 3163 739 3212 Α.

127 3246 214 3296 malus
233 3245 310 3296 homo
330 3247 543 3313 Tanguardinus
561 3247 763 3313 Mamaluccus,
783 3249 817 3300 80
836 3249 861 3301 5.

128 3329 191 3380 mali
210 3337 365 3397 peccatores
385 3334 517 3402 quomodo
537 3336 649 3387 stabunt
666 3335 695 3386 in
715 3340 832 3386 extremo
852 3332 992 3385 examine?
1014 3331 1064 3385 150
1081 3333 1113 3384 A.

127 3417 208 3468 malis
227 3417 380 3471 homiuibus
399 3421 487 3488 parcit
503 3422 638 3474 Dominus
658 3423 818 3489 quaudoque
837 3426 948 3489 propter
966 3421 1067 3484 bonos,
1088 3422 1119 3473 21
1139 3422 1171 3473 Α.

127 3506 315 3560 malefactores
334 3507 362 3558 iu
382 3509 463 3577 galea
481 3510 581 3577 reperti
602 3516 761 3577 torquentur
780 3510 862 3574 mulo,
884 3509 917 3559 48
935 3507 957 3557 Β
977 3511 1003 3557 51
1023 3506 1072 3559 199
1095 3506 1119 3558 b.

126 3593 277 3659 Malvasia,
298 3594 392 3647 civitas
411 3595 532 3662 Maleae,
553 3614 569 3648 a
587 3613 639 3664 qua
657 3598 831 3650 Malvaticum
849 3595 939 3647 viuum
959 3591 1157 3658 denominatur,
1177 3593 1226 3645 177
1244 3607 1269 3645 5.

127 3683 300 3735 Malvaticum
320 3683 409 3736 viuum
429 3689 471 3736 est
490 3684 641 3749 Creticum,
662 3691 688 3737 et
706 3684 752 3737 ubi
772 3686 899 3737 crescat?
920 3685 968 3737 109
988 3683 1014 3733 5.

126 3770 264 3823 Mambres
290 3777 317 3823 et
333 3771 471 3840 Jambres,
499 3773 551 3824 duo
571 3773 766 3842 Aegyptiorum
784 3771 891 3824 maximi
909 3769 1003 3837 Magi,
1031 3767 1072 3822 sic
1094 3768 1194 3820 habeut
1212 3767 1301 3838 sepul·

197 3865 299 3924 turam,
322 3861 368 3913 151
390 3877 413 3913 a.

124 3946 310 4000 Mamaluccus
332 3947 430 4002 dicitur
449 3949 636 4014 Christianus,
655 3949 701 4017 qui
720 3947 822 4001 Christi
840 3946 918 4000 tidem
937 3944 1097 4013 abnegavit,
1120 3944 1168 3997 106
1187 3944 1213 3998 5.

125 4034 285 4087 Μ555515551
304 4037 547 4091 sun1Sarracenis
566 4036 672 4102 infesti,
695 4039 726 4090 16
745 4037 772 4087 5.

126 4121 353 4175 Mamaluccurum
371 4130 507 4193 potestas,
532 4129 632 4189 status,
652 4122 810 4187 multitudo,
832 4123 927 4189 1065,
954 4121 1073 4174 societas
1092 4119 1126 4172 ad
1144 4134 1195 4172 uos
1213 4124 1239 4172 et
1257 4133 1299 4170 re·

196 4208 267 4262 ditus
287 4227 377 4265 eorum
396 4212 430 4264 ad
448 4211 527 4265 tidem
546 4208 667 4277 Christi,
682 4212 716 4265 86
735 4226 758 4265 5.
777 4211 805 4266 5.
825 4226 853 4277 5,
873 4209 1006 4264 exercitus
1025 4208 1059 4263 16
1077 4223 1102 4260 a.
