<?xml version="1.0" encoding="UTF-8"?>
<!DOCTYPE html PUBLIC "-//W3C//DTD XHTML 1.0 Transitional//EN"
    "http://www.w3.org/TR/xhtml1/DTD/xhtml1-transitional.dtd">
<html xmlns="http://www.w3.org/1999/xhtml" xml:lang="en" lang="en">
 <head>
  <title>
</title>
<meta http-equiv="Content-Type" content="text/html;charset=utf-8" />
  <meta name='ocr-system' content='tesseract 3.04.00' />
  <meta name='ocr-capabilities' content='ocr_page ocr_carea ocr_par ocr_line ocrx_word'/>
</head>
<body>
  <div class='ocr_page' id='page_1' title='image "./fratrisfelicisf00fabrgoog_0381.png"; bbox 0 0 2902 4710; ppageno 0'>
   <div class='ocr_carea' id='block_1_1' title="bbox 735 141 801 213">
    <p class='ocr_par' dir='ltr' id='par_1_1' title="bbox 735 141 801 213">
     <span class='ocr_line' id='line_1_1' title="bbox 735 141 801 213; baseline 0 -1"><span class='ocrx_word' id='word_1_1' title='bbox 735 141 801 213; x_wconf 78' lang='lat'>378</span> 
     </span>
    </p>
   </div>
   <div class='ocr_carea' id='block_1_2' title="bbox 180 318 1362 927">
    <p class='ocr_par' dir='ltr' id='par_1_2' title="bbox 180 318 1362 927">
     <span class='ocr_line' id='line_1_2' title="bbox 181 318 1362 400; baseline 0 -16"><span class='ocrx_word' id='word_1_2' title='bbox 181 337 282 390; x_wconf 87' lang='lat' dir='ltr'>versa,</span> <span class='ocrx_word' id='word_1_3' title='bbox 305 326 337 382; x_wconf 84' lang='lat' dir='ltr'>et</span> <span class='ocrx_word' id='word_1_4' title='bbox 358 335 465 400; x_wconf 78' lang='lat' dir='ltr'>magna</span> <span class='ocrx_word' id='word_1_5' title='bbox 487 318 647 380; x_wconf 88' lang='lat' dir='ltr'>devotione</span> <span class='ocrx_word' id='word_1_6' title='bbox 671 327 780 399; x_wconf 82' lang='lat' dir='ltr'>eorpus</span> <span class='ocrx_word' id='word_1_7' title='bbox 796 320 921 398; x_wconf 84' lang='lat' dir='ltr'>virginis</span> <span class='ocrx_word' id='word_1_8' title='bbox 936 318 1150 393; x_wconf 80' lang='lat' dir='ltr'><strong>venerabatur,</strong></span> <span class='ocrx_word' id='word_1_9' title='bbox 1173 322 1263 400; x_wconf 83' lang='lat' dir='ltr'>eique</span> <span class='ocrx_word' id='word_1_10' title='bbox 1278 327 1362 384; x_wconf 87' lang='lat' dir='ltr'>turn-</span> 
     </span>
     <span class='ocr_line' id='line_1_3' title="bbox 181 421 1362 504; baseline 0 -16"><span class='ocrx_word' id='word_1_11' title='bbox 181 427 249 488; x_wconf 92' lang='lat' dir='ltr'>ham</span> <span class='ocrx_word' id='word_1_12' title='bbox 273 423 417 504; x_wconf 84' lang='lat' dir='ltr'>grandem</span> <span class='ocrx_word' id='word_1_13' title='bbox 439 422 542 493; x_wconf 88' lang='lat' dir='ltr'>valde,</span> <span class='ocrx_word' id='word_1_14' title='bbox 568 425 653 501; x_wconf 84' lang='lat' dir='ltr'><strong>quasi</strong></span> <span class='ocrx_word' id='word_1_15' title='bbox 675 423 904 494; x_wconf 82' lang='lat' dir='ltr'>domunculam,</span> <span class='ocrx_word' id='word_1_16' title='bbox 928 421 1148 487; x_wconf 81' lang='lat' dir='ltr'>fabricaverunt</span> <span class='ocrx_word' id='word_1_17' title='bbox 1170 424 1208 487; x_wconf 91' lang='lat' dir='ltr'>de</span> <span class='ocrx_word' id='word_1_18' title='bbox 1232 425 1362 488; x_wconf 89' lang='lat' dir='ltr'>candido</span> 
     </span>
     <span class='ocr_line' id='line_1_4' title="bbox 182 525 1362 605; baseline -0.001 -15"><span class='ocrx_word' id='word_1_19' title='bbox 182 545 343 590; x_wconf 88' lang='lat' dir='ltr'>marmore.</span> <span class='ocrx_word' id='word_1_20' title='bbox 389 525 461 587; x_wconf 90' lang='lat' dir='ltr'>Post</span> <span class='ocrx_word' id='word_1_21' title='bbox 484 534 656 604; x_wconf 87' lang='lat' dir='ltr'>temporum</span> <span class='ocrx_word' id='word_1_22' title='bbox 679 536 780 588; x_wconf 88' lang='lat' dir='ltr'>autern</span> <span class='ocrx_word' id='word_1_23' title='bbox 804 527 966 588; x_wconf 84' lang='lat' dir='ltr'>decursum</span> <span class='ocrx_word' id='word_1_24' title='bbox 995 533 1172 605; x_wconf 80' lang='lat' dir='ltr'>tepescente</span> <span class='ocrx_word' id='word_1_25' title='bbox 1189 527 1362 590; x_wconf 85' lang='lat' dir='ltr'>Chalcedo-</span> 
     </span>
     <span class='ocr_line' id='line_1_5' title="bbox 182 628 1362 710; baseline 0 -17"><span class='ocrx_word' id='word_1_26' title='bbox 182 633 321 693; x_wconf 90' lang='lat' dir='ltr'>nensium</span> <span class='ocrx_word' id='word_1_27' title='bbox 346 628 506 691; x_wconf 74' lang='lat' dir='ltr'>dev‘otione</span> <span class='ocrx_word' id='word_1_28' title='bbox 537 631 740 709; x_wconf 83' lang='lat' dir='ltr'>negligentius</span> <span class='ocrx_word' id='word_1_29' title='bbox 775 649 809 692; x_wconf 92' lang='lat' dir='ltr'>se</span> <span class='ocrx_word' id='word_1_30' title='bbox 838 630 970 694; x_wconf 81' lang='lat' dir='ltr'>habuere</span> <span class='ocrx_word' id='word_1_31' title='bbox 1000 629 1037 692; x_wconf 93' lang='lat' dir='ltr'>ad</span> <span class='ocrx_word' id='word_1_32' title='bbox 1065 631 1131 710; x_wconf 74' lang='lat' dir='ltr'>eins</span> <span class='ocrx_word' id='word_1_33' title='bbox 1155 632 1362 710; x_wconf 84' lang='lat' dir='ltr'>sepulchrum,</span> 
     </span>
     <span class='ocr_line' id='line_1_6' title="bbox 182 733 1362 821; baseline -0.001 -25"><span class='ocrx_word' id='word_1_34' title='bbox 182 740 214 797; x_wconf 88' lang='lat' dir='ltr'>et</span> <span class='ocrx_word' id='word_1_35' title='bbox 232 734 297 812; x_wconf 86' lang='lat' dir='ltr'>jnm</span> <span class='ocrx_word' id='word_1_36' title='bbox 318 751 376 794; x_wconf 90' lang='lat' dir='ltr'>nec</span> <span class='ocrx_word' id='word_1_37' title='bbox 398 733 552 821; x_wconf 85' lang='lat' dir='ltr'>lampades</span> <span class='ocrx_word' id='word_1_38' title='bbox 575 751 632 794; x_wconf 87' lang='lat' dir='ltr'>nec</span> <span class='ocrx_word' id='word_1_39' title='bbox 655 735 787 814; x_wconf 81' lang='lat' dir='ltr'>aliquem</span> <span class='ocrx_word' id='word_1_40' title='bbox 810 741 948 796; x_wconf 91' lang='lat' dir='ltr'>ornatum</span> <span class='ocrx_word' id='word_1_41' title='bbox 970 740 1001 794; x_wconf 93' lang='lat' dir='ltr'>et</span> <span class='ocrx_word' id='word_1_42' title='bbox 1023 735 1170 795; x_wconf 85' lang='lat' dir='ltr'>honorem</span> <span class='ocrx_word' id='word_1_43' title='bbox 1192 734 1250 794; x_wconf 88' lang='lat' dir='ltr'>sihi</span> <span class='ocrx_word' id='word_1_44' title='bbox 1276 735 1362 797; x_wconf 87' lang='lat' dir='ltr'>erhi-</span> 
     </span>
     <span class='ocr_line' id='line_1_7' title="bbox 180 835 1361 927; baseline -0.002 -27"><span class='ocrx_word' id='word_1_45' title='bbox 180 840 286 927; x_wconf 72' lang='lat' dir='ltr'>lpuere.</span> <span class='ocrx_word' id='word_1_46' title='bbox 332 835 420 919; x_wconf 85' lang='lat' dir='ltr'>Quod</span> <span class='ocrx_word' id='word_1_47' title='bbox 441 839 524 917; x_wconf 85' lang='lat' dir='ltr'>virgo</span> <span class='ocrx_word' id='word_1_48' title='bbox 546 838 635 899; x_wconf 90' lang='lat' dir='ltr'>heata</span> <span class='ocrx_word' id='word_1_49' title='bbox 656 857 717 899; x_wconf 91' lang='lat' dir='ltr'>non</span> <span class='ocrx_word' id='word_1_50' title='bbox 739 838 842 899; x_wconf 84' lang='lat' dir='ltr'>terens</span> <span class='ocrx_word' id='word_1_51' title='bbox 866 838 901 899; x_wconf 94' lang='lat' dir='ltr'>ah</span> <span class='ocrx_word' id='word_1_52' title='bbox 924 839 982 898; x_wconf 91' lang='lat' dir='ltr'>hoc</span> <span class='ocrx_word' id='word_1_53' title='bbox 1005 838 1073 899; x_wconf 89' lang='lat' dir='ltr'>loco</span> <span class='ocrx_word' id='word_1_54' title='bbox 1088 856 1245 899; x_wconf 84' lang='lat' dir='ltr'>recessum</span> <span class='ocrx_word' id='word_1_55' title='bbox 1261 855 1277 900; x_wconf 92' lang='lat' dir='ltr'>a</span> <span class='ocrx_word' id='word_1_56' title='bbox 1293 838 1361 899; x_wconf 90' lang='lat' dir='ltr'>Deo</span> 
     </span>
    </p>
   </div>
   <div class='ocr_carea' id='block_1_3' title="bbox 29 922 1361 1131">
    <p class='ocr_par' dir='ltr' id='par_1_3' title="bbox 29 922 1361 1131">
     <span class='ocr_line' id='line_1_8' title="bbox 55 922 1361 1023; baseline -0.005 -15"><span class='ocrx_word' id='word_1_57' title='bbox 55 932 104 1013; x_wconf 41' lang='grc' dir='ltr'>,Γ</span> <span class='ocrx_word' id='word_1_58' title='bbox 132 928 140 939; x_wconf 66' lang='grc'>’</span> <span class='ocrx_word' id='word_1_59' title='bbox 167 922 366 1023; x_wconf 55' lang='lat' dir='ltr'>÷&#39;&#39;l&#39;r&#39;hpctravitss</span> <span class='ocrx_word' id='word_1_60' title='bbox 397 958 468 1003; x_wconf 89' lang='lat' dir='ltr'>nam</span> <span class='ocrx_word' id='word_1_61' title='bbox 499 948 588 1004; x_wconf 89' lang='lat' dir='ltr'>nocte</span> <span class='ocrx_word' id='word_1_62' title='bbox 621 943 751 1022; x_wconf 89' lang='lat' dir='ltr'>quadam</span> <span class='ocrx_word' id='word_1_63' title='bbox 780 944 859 1006; x_wconf 89' lang='lat' dir='ltr'>iacta</span> <span class='ocrx_word' id='word_1_64' title='bbox 890 948 938 1004; x_wconf 92' lang='lat' dir='ltr'>est</span> <span class='ocrx_word' id='word_1_65' title='bbox 967 945 997 1003; x_wconf 92' lang='lat' dir='ltr'>in</span> <span class='ocrx_word' id='word_1_66' title='bbox 1028 942 1103 1001; x_wconf 88' lang='lat' dir='ltr'>mari</span> <span class='ocrx_word' id='word_1_67' title='bbox 1125 945 1185 1002; x_wconf 87' lang='lat' dir='ltr'>tam</span> <span class='ocrx_word' id='word_1_68' title='bbox 1209 941 1361 1003; x_wconf 89' lang='lat' dir='ltr'>horribilis</span> 
     </span>
     <span class='ocr_line' id='line_1_9' title="bbox 29 1028 1361 1131; baseline -0.007 -17"><span class='ocrx_word' id='word_1_69' title='bbox 29 1028 55 1095; x_wconf 59' lang='grc' dir='ltr'>’Ῐ</span> <span class='ocrx_word' id='word_1_70' title='bbox 158 1053 363 1131; x_wconf 52' lang='lat' dir='ltr'>„tempe-stas,</span> <span class='ocrx_word' id='word_1_71' title='bbox 394 1051 427 1107; x_wconf 93' lang='lat' dir='ltr'>ut</span> <span class='ocrx_word' id='word_1_72' title='bbox 450 1045 714 1108; x_wconf 75' lang='lat' dir='ltr'>chalcedonenses</span> <span class='ocrx_word' id='word_1_73' title='bbox 737 1066 798 1107; x_wconf 93' lang='lat' dir='ltr'>non</span> <span class='ocrx_word' id='word_1_74' title='bbox 821 1048 879 1108; x_wconf 89' lang='lat' dir='ltr'>nisi</span> <span class='ocrx_word' id='word_1_75' title='bbox 902 1064 975 1108; x_wconf 89' lang='lat' dir='ltr'>suae</span> <span class='ocrx_word' id='word_1_76' title='bbox 986 1035 1125 1107; x_wconf 67' lang='lat' dir='ltr'>civitatis</span> <span class='ocrx_word' id='word_1_77' title='bbox 1148 1051 1179 1106; x_wconf 86' lang='lat' dir='ltr'>et</span> <span class='ocrx_word' id='word_1_78' title='bbox 1202 1063 1292 1107; x_wconf 90' lang='lat' dir='ltr'>suurn</span> <span class='ocrx_word' id='word_1_79' title='bbox 1315 1047 1361 1106; x_wconf 91' lang='lat' dir='ltr'>in·</span> 
     </span>
    </p>
   </div>
   <div class='ocr_carea' id='block_1_4' title="bbox 180 1148 1434 4243">
    <p class='ocr_par' dir='ltr' id='par_1_4' title="bbox 180 1148 1363 3100">
     <span class='ocr_line' id='line_1_10' title="bbox 182 1148 1362 1231; baseline -0.003 -19"><span class='ocrx_word' id='word_1_80' title='bbox 182 1152 306 1213; x_wconf 83' lang='lat' dir='ltr'>teritum</span> <span class='ocrx_word' id='word_1_81' title='bbox 329 1148 436 1211; x_wconf 88' lang='lat' dir='ltr'>adesse</span> <span class='ocrx_word' id='word_1_82' title='bbox 453 1151 701 1211; x_wconf 73' lang='lat' dir='ltr'>lamentarentur.</span> <span class='ocrx_word' id='word_1_83' title='bbox 733 1149 766 1211; x_wconf 94' lang='lat' dir='ltr'>ln</span> <span class='ocrx_word' id='word_1_84' title='bbox 788 1152 845 1212; x_wconf 83' lang='lat' dir='ltr'>h&#39;ac</span> <span class='ocrx_word' id='word_1_85' title='bbox 867 1157 1048 1231; x_wconf 71' lang='lat' dir='ltr'>tempestate</span> <span class='ocrx_word' id='word_1_86' title='bbox 1072 1151 1189 1229; x_wconf 88' lang='lat' dir='ltr'>crepuit</span> <span class='ocrx_word' id='word_1_87' title='bbox 1210 1155 1242 1210; x_wconf 91' lang='lat' dir='ltr'>et</span> <span class='ocrx_word' id='word_1_88' title='bbox 1265 1150 1362 1210; x_wconf 91' lang='lat' dir='ltr'>scissa</span> 
     </span>
     <span class='ocr_line' id='line_1_11' title="bbox 181 1254 1362 1333; baseline -0.001 -19"><span class='ocrx_word' id='word_1_89' title='bbox 181 1259 229 1314; x_wconf 89' lang='lat' dir='ltr'>est</span> <span class='ocrx_word' id='word_1_90' title='bbox 251 1260 352 1331; x_wconf 88' lang='lat' dir='ltr'>petra,</span> <span class='ocrx_word' id='word_1_91' title='bbox 386 1270 591 1331; x_wconf 88' lang='lat' dir='ltr'>superquam</span> <span class='ocrx_word' id='word_1_92' title='bbox 620 1254 726 1316; x_wconf 87' lang='lat' dir='ltr'>heatae</span> <span class='ocrx_word' id='word_1_93' title='bbox 749 1254 935 1333; x_wconf 87' lang='lat' dir='ltr'>Euphemiae</span> <span class='ocrx_word' id='word_1_94' title='bbox 964 1255 1061 1315; x_wconf 88' lang='lat' dir='ltr'>stabat</span> <span class='ocrx_word' id='word_1_95' title='bbox 1089 1254 1208 1326; x_wconf 89' lang='lat' dir='ltr'>tumba,</span> <span class='ocrx_word' id='word_1_96' title='bbox 1244 1258 1277 1314; x_wconf 84' lang='lat' dir='ltr'>et</span> <span class='ocrx_word' id='word_1_97' title='bbox 1305 1271 1362 1332; x_wconf 85' lang='lat' dir='ltr'>per</span> 
     </span>
     <span class='ocr_line' id='line_1_12' title="bbox 180 1356 1362 1437; baseline 0 -19"><span class='ocrx_word' id='word_1_98' title='bbox 180 1359 277 1437; x_wconf 88' lang='lat' dir='ltr'>ipsam</span> <span class='ocrx_word' id='word_1_99' title='bbox 301 1360 464 1418; x_wconf 88' lang='lat' dir='ltr'>scissuram</span> <span class='ocrx_word' id='word_1_100' title='bbox 494 1359 595 1419; x_wconf 91' lang='lat' dir='ltr'>tumha</span> <span class='ocrx_word' id='word_1_101' title='bbox 625 1376 696 1419; x_wconf 88' lang='lat' dir='ltr'>cum</span> <span class='ocrx_word' id='word_1_102' title='bbox 725 1375 854 1437; x_wconf 89' lang='lat' dir='ltr'>corpore</span> <span class='ocrx_word' id='word_1_103' title='bbox 885 1358 1001 1437; x_wconf 89' lang='lat' dir='ltr'>dilapsa</span> <span class='ocrx_word' id='word_1_104' title='bbox 1031 1364 1078 1418; x_wconf 86' lang='lat' dir='ltr'>est</span> <span class='ocrx_word' id='word_1_105' title='bbox 1108 1360 1140 1418; x_wconf 93' lang='lat' dir='ltr'>in</span> <span class='ocrx_word' id='word_1_106' title='bbox 1171 1373 1271 1429; x_wconf 89' lang='lat' dir='ltr'>mare,</span> <span class='ocrx_word' id='word_1_107' title='bbox 1295 1356 1362 1427; x_wconf 26' lang='lat' dir='ltr'>,sed</span> 
     </span>
     <span class='ocr_line' id='line_1_13' title="bbox 181 1459 1360 1556; baseline -0.003 -33"><span class='ocrx_word' id='word_1_108' title='bbox 181 1478 374 1556; x_wconf 77' lang='lat' dir='ltr'>nequaquam</span> <span class='ocrx_word' id='word_1_109' title='bbox 398 1479 514 1522; x_wconf 89' lang='lat' dir='ltr'>mersa:</span> <span class='ocrx_word' id='word_1_110' title='bbox 539 1463 688 1540; x_wconf 90' lang='lat' dir='ltr'>quinimo</span> <span class='ocrx_word' id='word_1_111' title='bbox 711 1463 790 1523; x_wconf 88' lang='lat' dir='ltr'>sicut</span> <span class='ocrx_word' id='word_1_112' title='bbox 811 1462 912 1541; x_wconf 86' lang='lat' dir='ltr'>lignea</span> <span class='ocrx_word' id='word_1_113' title='bbox 927 1462 1063 1523; x_wconf 90' lang='lat' dir='ltr'>navicula</span> <span class='ocrx_word' id='word_1_114' title='bbox 1078 1479 1171 1540; x_wconf 85' lang='lat' dir='ltr'>super</span> <span class='ocrx_word' id='word_1_115' title='bbox 1185 1459 1281 1521; x_wconf 86' lang='lat' dir='ltr'>undas</span> <span class='ocrx_word' id='word_1_116' title='bbox 1306 1477 1360 1521; x_wconf 91' lang='lat' dir='ltr'>na·</span> 
     </span>
     <span class='ocr_line' id='line_1_14' title="bbox 181 1563 1360 1646; baseline -0.003 -19"><span class='ocrx_word' id='word_1_117' title='bbox 181 1567 255 1627; x_wconf 89' lang='lat' dir='ltr'>tavit</span> <span class='ocrx_word' id='word_1_118' title='bbox 279 1571 310 1627; x_wconf 80' lang='lat' dir='ltr'>ct</span> <span class='ocrx_word' id='word_1_119' title='bbox 326 1582 342 1626; x_wconf 95' lang='lat' dir='ltr'>a</span> <span class='ocrx_word' id='word_1_120' title='bbox 358 1563 497 1626; x_wconf 87' lang='lat' dir='ltr'>iluctihus</span> <span class='ocrx_word' id='word_1_121' title='bbox 520 1569 694 1645; x_wconf 92' lang='lat' dir='ltr'>importune</span> <span class='ocrx_word' id='word_1_122' title='bbox 719 1566 805 1646; x_wconf 87' lang='lat' dir='ltr'>pulsa</span> <span class='ocrx_word' id='word_1_123' title='bbox 828 1565 934 1627; x_wconf 83' lang='lat' dir='ltr'>eadem</span> <span class='ocrx_word' id='word_1_124' title='bbox 950 1572 1041 1627; x_wconf 91' lang='lat' dir='ltr'>nocte</span> <span class='ocrx_word' id='word_1_125' title='bbox 1064 1567 1094 1626; x_wconf 93' lang='lat' dir='ltr'>in</span> <span class='ocrx_word' id='word_1_126' title='bbox 1119 1583 1155 1626; x_wconf 88' lang='lat' dir='ltr'>ea</span> <span class='ocrx_word' id='word_1_127' title='bbox 1177 1568 1360 1642; x_wconf 88' lang='lat' dir='ltr'>tempestate</span> 
     </span>
     <span class='ocr_line' id='line_1_15' title="bbox 181 1669 1361 1749; baseline -0.002 -19"><span class='ocrx_word' id='word_1_128' title='bbox 181 1671 386 1749; x_wconf 78' lang='lat' dir='ltr'>permaxima</span> <span class='ocrx_word' id='word_1_129' title='bbox 409 1671 499 1730; x_wconf 89' lang='lat' dir='ltr'>maris</span> <span class='ocrx_word' id='word_1_130' title='bbox 524 1672 619 1749; x_wconf 89' lang='lat' dir='ltr'>spatia</span> <span class='ocrx_word' id='word_1_131' title='bbox 642 1677 689 1732; x_wconf 89' lang='lat' dir='ltr'>est</span> <span class='ocrx_word' id='word_1_132' title='bbox 712 1670 750 1732; x_wconf 91' lang='lat' dir='ltr'>de</span> <span class='ocrx_word' id='word_1_133' title='bbox 772 1669 843 1731; x_wconf 79' lang='lat' dir='ltr'>Asia</span> <span class='ocrx_word' id='word_1_134' title='bbox 866 1672 898 1730; x_wconf 91' lang='lat' dir='ltr'>in</span> <span class='ocrx_word' id='word_1_135' title='bbox 920 1670 1070 1749; x_wconf 86' lang='lat' dir='ltr'>Europam</span> <span class='ocrx_word' id='word_1_136' title='bbox 1093 1669 1208 1741; x_wconf 89' lang='lat' dir='ltr'>delata,</span> <span class='ocrx_word' id='word_1_137' title='bbox 1244 1669 1361 1731; x_wconf 88' lang='lat' dir='ltr'>amari</span> 
     </span>
     <span class='ocr_line' id='line_1_16' title="bbox 180 1758 1360 1852; baseline -0.001 -17"><span class='ocrx_word' id='word_1_138' title='bbox 180 1774 285 1852; x_wconf 80' lang='lat' dir='ltr'>Aegeo</span> <span class='ocrx_word' id='word_1_139' title='bbox 309 1791 364 1852; x_wconf 91' lang='lat' dir='ltr'>per</span> <span class='ocrx_word' id='word_1_140' title='bbox 380 1774 611 1852; x_wconf 83' lang='lat' dir='ltr'>Hellespontum</span> <span class='ocrx_word' id='word_1_141' title='bbox 632 1778 663 1836; x_wconf 90' lang='lat' dir='ltr'>in</span> <span class='ocrx_word' id='word_1_142' title='bbox 679 1758 769 1837; x_wconf 49' lang='lat' dir='ltr'>‘mare</span> <span class='ocrx_word' id='word_1_143' title='bbox 784 1776 971 1838; x_wconf 77' lang='lat' dir='ltr'>Adriaticum</span> <span class='ocrx_word' id='word_1_144' title='bbox 987 1784 1018 1837; x_wconf 91' lang='lat' dir='ltr'>et</span> <span class='ocrx_word' id='word_1_145' title='bbox 1031 1773 1175 1849; x_wconf 84' lang='lat' dir='ltr'>Histriam</span> <span class='ocrx_word' id='word_1_146' title='bbox 1189 1772 1360 1834; x_wconf 89' lang='lat' dir='ltr'>Dalmatiae</span> 
     </span>
     <span class='ocr_line' id='line_1_17' title="bbox 182 1875 1360 1957; baseline -0.001 -20"><span class='ocrx_word' id='word_1_147' title='bbox 182 1875 325 1938; x_wconf 89' lang='lat' dir='ltr'>translata</span> <span class='ocrx_word' id='word_1_148' title='bbox 348 1879 432 1938; x_wconf 88' lang='lat' dir='ltr'>etin</span> <span class='ocrx_word' id='word_1_149' title='bbox 455 1876 537 1938; x_wconf 91' lang='lat' dir='ltr'>hiatu</span> <span class='ocrx_word' id='word_1_150' title='bbox 565 1888 668 1957; x_wconf 91' lang='lat' dir='ltr'>petrae</span> <span class='ocrx_word' id='word_1_151' title='bbox 694 1881 750 1941; x_wconf 88' lang='lat' dir='ltr'>suh</span> <span class='ocrx_word' id='word_1_152' title='bbox 766 1883 886 1943; x_wconf 89' lang='lat' dir='ltr'>civitate</span> <span class='ocrx_word' id='word_1_153' title='bbox 902 1881 1018 1941; x_wconf 87' lang='lat' dir='ltr'>Rnhina</span> <span class='ocrx_word' id='word_1_154' title='bbox 1033 1878 1159 1956; x_wconf 89' lang='lat' dir='ltr'>injecta,</span> <span class='ocrx_word' id='word_1_155' title='bbox 1182 1876 1234 1937; x_wconf 90' lang='lat' dir='ltr'>uhi</span> <span class='ocrx_word' id='word_1_156' title='bbox 1257 1876 1360 1937; x_wconf 89' lang='lat' dir='ltr'>multis</span> 
     </span>
     <span class='ocr_line' id='line_1_18' title="bbox 183 1979 1363 2063; baseline 0.002 -23"><span class='ocrx_word' id='word_1_157' title='bbox 183 1980 288 2040; x_wconf 88' lang='lat' dir='ltr'>diebus</span> <span class='ocrx_word' id='word_1_158' title='bbox 312 1983 395 2043; x_wconf 89' lang='lat' dir='ltr'>stetit</span> <span class='ocrx_word' id='word_1_159' title='bbox 418 1980 588 2047; x_wconf 90' lang='lat' dir='ltr'>hominihus</span> <span class='ocrx_word' id='word_1_160' title='bbox 612 1985 773 2063; x_wconf 82' lang='lat' dir='ltr'>incognita.</span> <span class='ocrx_word' id='word_1_161' title='bbox 810 1986 913 2047; x_wconf 87' lang='lat' dir='ltr'>Sancti</span> <span class='ocrx_word' id='word_1_162' title='bbox 937 1991 1038 2045; x_wconf 91' lang='lat' dir='ltr'>autem</span> <span class='ocrx_word' id='word_1_163' title='bbox 1061 1982 1199 2042; x_wconf 89' lang='lat' dir='ltr'>homines</span> <span class='ocrx_word' id='word_1_164' title='bbox 1221 1979 1363 2042; x_wconf 84' lang='lat' dir='ltr'>viderunt</span> 
     </span>
     <span class='ocr_line' id='line_1_19' title="bbox 181 2083 1362 2168; baseline -0.001 -24"><span class='ocrx_word' id='word_1_165' title='bbox 181 2086 322 2146; x_wconf 87' lang='lat' dir='ltr'>noctibus</span> <span class='ocrx_word' id='word_1_166' title='bbox 345 2085 471 2164; x_wconf 84' lang='lat' dir='ltr'>singulis</span> <span class='ocrx_word' id='word_1_167' title='bbox 494 2087 672 2167; x_wconf 91' lang='lat' dir='ltr'>splendores</span> <span class='ocrx_word' id='word_1_168' title='bbox 699 2089 736 2150; x_wconf 93' lang='lat' dir='ltr'>de</span> <span class='ocrx_word' id='word_1_169' title='bbox 769 2091 909 2151; x_wconf 90' lang='lat' dir='ltr'>scissuris</span> <span class='ocrx_word' id='word_1_170' title='bbox 939 2094 1043 2168; x_wconf 88' lang='lat' dir='ltr'>petrae</span> <span class='ocrx_word' id='word_1_171' title='bbox 1078 2083 1299 2147; x_wconf 84' lang='lat' dir='ltr'>adscendentes</span> <span class='ocrx_word' id='word_1_172' title='bbox 1331 2090 1362 2144; x_wconf 87' lang='lat' dir='ltr'>et</span> 
     </span>
     <span class='ocr_line' id='line_1_20' title="bbox 182 2188 1361 2267; baseline -0.001 -19"><span class='ocrx_word' id='word_1_173' title='bbox 182 2188 293 2249; x_wconf 84' lang='lat' dir='ltr'>lumina</span> <span class='ocrx_word' id='word_1_174' title='bbox 316 2195 347 2250; x_wconf 93' lang='lat' dir='ltr'>et</span> <span class='ocrx_word' id='word_1_175' title='bbox 369 2190 555 2252; x_wconf 90' lang='lat' dir='ltr'>harmoniam</span> <span class='ocrx_word' id='word_1_176' title='bbox 578 2192 719 2255; x_wconf 89' lang='lat' dir='ltr'>coelestis</span> <span class='ocrx_word' id='word_1_177' title='bbox 742 2188 891 2254; x_wconf 87' lang='lat' dir='ltr'>melodiae</span> <span class='ocrx_word' id='word_1_178' title='bbox 915 2191 1088 2267; x_wconf 68' lang='lat' dir='ltr'>audierunt:</span> <span class='ocrx_word' id='word_1_179' title='bbox 1121 2189 1198 2250; x_wconf 87' lang='lat' dir='ltr'>Cum</span> <span class='ocrx_word' id='word_1_180' title='bbox 1221 2205 1293 2266; x_wconf 82' lang='lat' dir='ltr'>ergo</span> <span class='ocrx_word' id='word_1_181' title='bbox 1308 2188 1361 2250; x_wconf 48' lang='lat' dir='ltr'>*his</span> 
     </span>
     <span class='ocr_line' id='line_1_21' title="bbox 183 2290 1361 2377; baseline -0.001 -25"><span class='ocrx_word' id='word_1_182' title='bbox 183 2293 275 2372; x_wconf 85' lang='lat' dir='ltr'>signis</span> <span class='ocrx_word' id='word_1_183' title='bbox 298 2294 400 2354; x_wconf 90' lang='lat' dir='ltr'>tumha</span> <span class='ocrx_word' id='word_1_184' title='bbox 425 2310 492 2353; x_wconf 87' lang='lat' dir='ltr'>curn</span> <span class='ocrx_word' id='word_1_185' title='bbox 518 2313 603 2357; x_wconf 88' lang='lat' dir='ltr'>sacro</span> <span class='ocrx_word' id='word_1_186' title='bbox 628 2315 755 2377; x_wconf 91' lang='lat' dir='ltr'>corpore</span> <span class='ocrx_word' id='word_1_187' title='bbox 778 2299 900 2358; x_wconf 89' lang='lat' dir='ltr'>inventa</span> <span class='ocrx_word' id='word_1_188' title='bbox 925 2302 1008 2356; x_wconf 90' lang='lat' dir='ltr'>esset</span> <span class='ocrx_word' id='word_1_189' title='bbox 1031 2300 1062 2353; x_wconf 91' lang='lat' dir='ltr'>et</span> <span class='ocrx_word' id='word_1_190' title='bbox 1081 2292 1192 2365; x_wconf 90' lang='lat' dir='ltr'>vellent</span> <span class='ocrx_word' id='word_1_191' title='bbox 1215 2307 1284 2352; x_wconf 90' lang='lat' dir='ltr'>eam</span> <span class='ocrx_word' id='word_1_192' title='bbox 1308 2290 1361 2352; x_wconf 91' lang='lat' dir='ltr'>de·</span> 
     </span>
     <span class='ocr_line' id='line_1_22' title="bbox 183 2393 1361 2486; baseline -0.002 -31"><span class='ocrx_word' id='word_1_193' title='bbox 183 2403 316 2474; x_wconf 88' lang='lat' dir='ltr'>portare,</span> <span class='ocrx_word' id='word_1_194' title='bbox 341 2415 531 2477; x_wconf 88' lang='lat' dir='ltr'>nequaquam</span> <span class='ocrx_word' id='word_1_195' title='bbox 556 2417 623 2461; x_wconf 91' lang='lat' dir='ltr'>earn</span> <span class='ocrx_word' id='word_1_196' title='bbox 647 2419 769 2463; x_wconf 90' lang='lat' dir='ltr'>movere</span> <span class='ocrx_word' id='word_1_197' title='bbox 799 2406 953 2479; x_wconf 88' lang='lat' dir='ltr'>poterant,</span> <span class='ocrx_word' id='word_1_198' title='bbox 985 2397 1083 2458; x_wconf 91' lang='lat' dir='ltr'>donec</span> <span class='ocrx_word' id='word_1_199' title='bbox 1107 2394 1234 2457; x_wconf 90' lang='lat' dir='ltr'>consilio</span> <span class='ocrx_word' id='word_1_200' title='bbox 1258 2393 1361 2486; x_wconf 80' lang='lat' dir='ltr'>cujus·</span> 
     </span>
     <span class='ocr_line' id='line_1_23' title="bbox 183 2497 1362 2588; baseline -0.003 -28"><span class='ocrx_word' id='word_1_201' title='bbox 183 2498 253 2561; x_wconf 90' lang='lat' dir='ltr'>dam</span> <span class='ocrx_word' id='word_1_202' title='bbox 276 2509 398 2563; x_wconf 89' lang='lat' dir='ltr'>sanctae</span> <span class='ocrx_word' id='word_1_203' title='bbox 426 2503 576 2565; x_wconf 85' lang='lat' dir='ltr'>foeminae</span> <span class='ocrx_word' id='word_1_204' title='bbox 604 2504 726 2567; x_wconf 88' lang='lat' dir='ltr'>fuerunt</span> <span class='ocrx_word' id='word_1_205' title='bbox 749 2504 871 2566; x_wconf 86' lang='lat' dir='ltr'>adducti</span> <span class='ocrx_word' id='word_1_206' title='bbox 894 2502 953 2563; x_wconf 92' lang='lat' dir='ltr'>duo</span> <span class='ocrx_word' id='word_1_207' title='bbox 981 2503 1058 2563; x_wconf 88' lang='lat' dir='ltr'>tauri</span> <span class='ocrx_word' id='word_1_208' title='bbox 1088 2499 1251 2588; x_wconf 82' lang='lat' dir='ltr'>indomati,</span> <span class='ocrx_word' id='word_1_209' title='bbox 1279 2497 1362 2577; x_wconf 86' lang='lat' dir='ltr'>jugis</span> 
     </span>
     <span class='ocr_line' id='line_1_24' title="bbox 183 2606 1361 2688; baseline -0.002 -24"><span class='ocrx_word' id='word_1_210' title='bbox 183 2622 242 2665; x_wconf 92' lang='lat' dir='ltr'>non</span> <span class='ocrx_word' id='word_1_211' title='bbox 267 2609 395 2677; x_wconf 85' lang='lat' dir='ltr'>assueti,</span> <span class='ocrx_word' id='word_1_212' title='bbox 419 2609 471 2685; x_wconf 91' lang='lat' dir='ltr'>qui</span> <span class='ocrx_word' id='word_1_213' title='bbox 493 2607 612 2669; x_wconf 88' lang='lat' dir='ltr'>iunihns</span> <span class='ocrx_word' id='word_1_214' title='bbox 636 2608 821 2688; x_wconf 86' lang='lat' dir='ltr'>sarcophago</span> <span class='ocrx_word' id='word_1_215' title='bbox 846 2607 977 2684; x_wconf 86' lang='lat' dir='ltr'>colligati</span> <span class='ocrx_word' id='word_1_216' title='bbox 991 2607 1089 2683; x_wconf 88' lang='lat' dir='ltr'>ipsam</span> <span class='ocrx_word' id='word_1_217' title='bbox 1103 2606 1259 2682; x_wconf 86' lang='lat' dir='ltr'>ingentem</span> <span class='ocrx_word' id='word_1_218' title='bbox 1283 2608 1361 2664; x_wconf 92' lang='lat' dir='ltr'>tum·</span> 
     </span>
     <span class='ocr_line' id='line_1_25' title="bbox 182 2706 1360 2790; baseline -0.003 -18"><span class='ocrx_word' id='word_1_219' title='bbox 182 2711 251 2772; x_wconf 90' lang='lat' dir='ltr'>ham</span> <span class='ocrx_word' id='word_1_220' title='bbox 275 2709 313 2771; x_wconf 92' lang='lat' dir='ltr'>de</span> <span class='ocrx_word' id='word_1_221' title='bbox 336 2710 418 2771; x_wconf 89' lang='lat' dir='ltr'>hiatu</span> <span class='ocrx_word' id='word_1_222' title='bbox 441 2710 680 2772; x_wconf 81' lang='lat' dir='ltr'>advexeruntet</span> <span class='ocrx_word' id='word_1_223' title='bbox 702 2730 793 2790; x_wconf 89' lang='lat' dir='ltr'>supra</span> <span class='ocrx_word' id='word_1_224' title='bbox 816 2716 951 2771; x_wconf 91' lang='lat' dir='ltr'>montem</span> <span class='ocrx_word' id='word_1_225' title='bbox 976 2711 1043 2770; x_wconf 92' lang='lat' dir='ltr'>sine</span> <span class='ocrx_word' id='word_1_226' title='bbox 1067 2706 1242 2768; x_wconf 85' lang='lat' dir='ltr'>difficultate</span> <span class='ocrx_word' id='word_1_227' title='bbox 1265 2724 1360 2768; x_wconf 87' lang='lat' dir='ltr'>vene·</span> 
     </span>
     <span class='ocr_line' id='line_1_26' title="bbox 183 2809 1361 2893; baseline -0.003 -19"><span class='ocrx_word' id='word_1_228' title='bbox 183 2821 252 2875; x_wconf 90' lang='lat' dir='ltr'>runt</span> <span class='ocrx_word' id='word_1_229' title='bbox 275 2832 490 2893; x_wconf 88' lang='lat' dir='ltr'>perpraeceps</span> <span class='ocrx_word' id='word_1_230' title='bbox 512 2815 732 2877; x_wconf 88' lang='lat' dir='ltr'>adscendentes</span> <span class='ocrx_word' id='word_1_231' title='bbox 756 2816 927 2884; x_wconf 91' lang='lat' dir='ltr'>inlocum,</span> <span class='ocrx_word' id='word_1_232' title='bbox 951 2813 1002 2874; x_wconf 91' lang='lat' dir='ltr'>uhi</span> <span class='ocrx_word' id='word_1_233' title='bbox 1024 2829 1120 2890; x_wconf 90' lang='lat' dir='ltr'>usque</span> <span class='ocrx_word' id='word_1_234' title='bbox 1145 2809 1234 2871; x_wconf 92' lang='lat' dir='ltr'>hodie</span> <span class='ocrx_word' id='word_1_235' title='bbox 1258 2816 1361 2872; x_wconf 88' lang='lat' dir='ltr'>manet</span> 
     </span>
     <span class='ocr_line' id='line_1_27' title="bbox 185 2914 1358 2994; baseline -0.001 -18"><span class='ocrx_word' id='word_1_236' title='bbox 185 2924 215 2976; x_wconf 94' lang='lat' dir='ltr'>et</span> <span class='ocrx_word' id='word_1_237' title='bbox 231 2934 248 2977; x_wconf 90' lang='lat' dir='ltr'>a</span> <span class='ocrx_word' id='word_1_238' title='bbox 264 2918 380 2977; x_wconf 89' lang='lat' dir='ltr'>cunctis</span> <span class='ocrx_word' id='word_1_239' title='bbox 403 2925 563 2979; x_wconf 86' lang='lat' dir='ltr'>veneratur</span> <span class='ocrx_word' id='word_1_240' title='bbox 585 2918 731 2990; x_wconf 83' lang='lat' dir='ltr'>fidelihus,</span> <span class='ocrx_word' id='word_1_241' title='bbox 755 2920 805 2980; x_wconf 92' lang='lat' dir='ltr'>uhi</span> <span class='ocrx_word' id='word_1_242' title='bbox 828 2925 874 2980; x_wconf 91' lang='lat' dir='ltr'>est</span> <span class='ocrx_word' id='word_1_243' title='bbox 889 2918 1020 2978; x_wconf 87' lang='lat' dir='ltr'>ecclesia</span> <span class='ocrx_word' id='word_1_244' title='bbox 1036 2920 1210 2978; x_wconf 84' lang='lat' dir='ltr'>constructa</span> <span class='ocrx_word' id='word_1_245' title='bbox 1223 2914 1358 2994; x_wconf 89' lang='lat' dir='ltr'>pulchra,</span> 
     </span>
     <span class='ocr_line' id='line_1_28' title="bbox 184 3022 747 3100; baseline -0.002 -17"><span class='ocrx_word' id='word_1_246' title='bbox 184 3022 297 3083; x_wconf 90' lang='lat' dir='ltr'>hahens</span> <span class='ocrx_word' id='word_1_247' title='bbox 322 3025 499 3100; x_wconf 89' lang='lat' dir='ltr'>episcopum</span> <span class='ocrx_word' id='word_1_248' title='bbox 522 3028 553 3083; x_wconf 93' lang='lat' dir='ltr'>et</span> <span class='ocrx_word' id='word_1_249' title='bbox 576 3025 747 3084; x_wconf 88' lang='lat' dir='ltr'>canonicos.</span> 
     </span>
    </p>

    <p class='ocr_par' dir='ltr' id='par_1_5' title="bbox 182 3124 1434 3938">
     <span class='ocr_line' id='line_1_29' title="bbox 269 3124 1360 3203; baseline -0.002 -19"><span class='ocrx_word' id='word_1_250' title='bbox 269 3124 357 3185; x_wconf 88' lang='lat' dir='ltr'>Dicta</span> <span class='ocrx_word' id='word_1_251' title='bbox 387 3131 435 3186; x_wconf 92' lang='lat' dir='ltr'>est</span> <span class='ocrx_word' id='word_1_252' title='bbox 464 3132 564 3187; x_wconf 90' lang='lat' dir='ltr'>autem</span> <span class='ocrx_word' id='word_1_253' title='bbox 596 3127 700 3187; x_wconf 89' lang='lat' dir='ltr'>civitas</span> <span class='ocrx_word' id='word_1_254' title='bbox 730 3127 806 3187; x_wconf 90' lang='lat' dir='ltr'>haec</span> <span class='ocrx_word' id='word_1_255' title='bbox 829 3127 944 3188; x_wconf 81' lang='lat' dir='ltr'>lluhina</span> <span class='ocrx_word' id='word_1_256' title='bbox 974 3144 990 3187; x_wconf 89' lang='lat' dir='ltr'>a</span> <span class='ocrx_word' id='word_1_257' title='bbox 1015 3125 1160 3203; x_wconf 84' lang='lat' dir='ltr'>sanguine</span> <span class='ocrx_word' id='word_1_258' title='bbox 1193 3126 1360 3198; x_wconf 79' lang='lat' dir='ltr'>martyrum</span> 
     </span>
     <span class='ocr_line' id='line_1_30' title="bbox 183 3227 1360 3309; baseline -0.003 -20"><span class='ocrx_word' id='word_1_259' title='bbox 183 3231 224 3290; x_wconf 92' lang='lat' dir='ltr'>ihi</span> <span class='ocrx_word' id='word_1_260' title='bbox 248 3229 398 3308; x_wconf 89' lang='lat' dir='ltr'>quondam</span> <span class='ocrx_word' id='word_1_261' title='bbox 421 3248 476 3308; x_wconf 91' lang='lat' dir='ltr'>per</span> <span class='ocrx_word' id='word_1_262' title='bbox 499 3230 641 3309; x_wconf 72' lang='lat' dir='ltr'>tyrannos</span> <span class='ocrx_word' id='word_1_263' title='bbox 664 3232 839 3292; x_wconf 84' lang='lat' dir='ltr'>occisorum·</span> <span class='ocrx_word' id='word_1_264' title='bbox 857 3250 912 3309; x_wconf 90' lang='lat' dir='ltr'>pro</span> <span class='ocrx_word' id='word_1_265' title='bbox 936 3231 1070 3301; x_wconf 85' lang='lat' dir='ltr'>Christo,</span> <span class='ocrx_word' id='word_1_266' title='bbox 1095 3234 1203 3306; x_wconf 89' lang='lat' dir='ltr'>estque</span> <span class='ocrx_word' id='word_1_267' title='bbox 1226 3227 1282 3287; x_wconf 87' lang='lat' dir='ltr'>suh</span> <span class='ocrx_word' id='word_1_268' title='bbox 1304 3243 1360 3304; x_wconf 88' lang='lat' dir='ltr'>po·</span> 
     </span>
     <span class='ocr_line' id='line_1_31' title="bbox 184 3330 1361 3416; baseline -0.004 -22"><span class='ocrx_word' id='word_1_269' title='bbox 184 3340 295 3394; x_wconf 88' lang='lat' dir='ltr'>testate</span> <span class='ocrx_word' id='word_1_270' title='bbox 325 3334 529 3416; x_wconf 83' lang='lat' dir='ltr'>Venetorum,</span> <span class='ocrx_word' id='word_1_271' title='bbox 563 3334 600 3397; x_wconf 91' lang='lat' dir='ltr'>ad</span> <span class='ocrx_word' id='word_1_272' title='bbox 628 3334 758 3397; x_wconf 88' lang='lat' dir='ltr'>Histriae</span> <span class='ocrx_word' id='word_1_273' title='bbox 787 3334 930 3396; x_wconf 90' lang='lat' dir='ltr'>ducatum</span> <span class='ocrx_word' id='word_1_274' title='bbox 959 3335 1125 3413; x_wconf 86' lang='lat' dir='ltr'>pertinens.</span> <span class='ocrx_word' id='word_1_275' title='bbox 1176 3330 1257 3392; x_wconf 89' lang='lat' dir='ltr'>Visis</span> <span class='ocrx_word' id='word_1_276' title='bbox 1287 3346 1361 3409; x_wconf 84' lang='lat' dir='ltr'>ergo</span> 
     </span>
     <span class='ocr_line' id='line_1_32' title="bbox 182 3432 1361 3518; baseline -0.008 -18"><span class='ocrx_word' id='word_1_277' title='bbox 182 3438 317 3518; x_wconf 89' lang='lat' dir='ltr'>reliqniis</span> <span class='ocrx_word' id='word_1_278' title='bbox 346 3446 377 3500; x_wconf 91' lang='lat' dir='ltr'>et</span> <span class='ocrx_word' id='word_1_279' title='bbox 409 3441 528 3502; x_wconf 89' lang='lat' dir='ltr'>civitate</span> <span class='ocrx_word' id='word_1_280' title='bbox 552 3440 717 3500; x_wconf 81' lang='lat' dir='ltr'>liuhinensi</span> <span class='ocrx_word' id='word_1_281' title='bbox 752 3438 967 3500; x_wconf 88' lang='lat' dir='ltr'>descendimus</span> <span class='ocrx_word' id='word_1_282' title='bbox 998 3437 1036 3499; x_wconf 90' lang='lat' dir='ltr'>ad</span> <span class='ocrx_word' id='word_1_283' title='bbox 1064 3452 1148 3497; x_wconf 91' lang='lat' dir='ltr'>mare</span> <span class='ocrx_word' id='word_1_284' title='bbox 1183 3440 1215 3494; x_wconf 87' lang='lat' dir='ltr'>et</span> <span class='ocrx_word' id='word_1_285' title='bbox 1244 3432 1361 3492; x_wconf 91' lang='lat' dir='ltr'>hiatum</span> 
     </span>
     <span class='ocr_line' id='line_1_33' title="bbox 183 3536 1434 3623; baseline -0.008 -19"><span class='ocrx_word' id='word_1_286' title='bbox 183 3544 238 3604; x_wconf 92' lang='lat' dir='ltr'>suh</span> <span class='ocrx_word' id='word_1_287' title='bbox 262 3547 397 3617; x_wconf 90' lang='lat' dir='ltr'>civitate,</span> <span class='ocrx_word' id='word_1_288' title='bbox 421 3547 536 3622; x_wconf 91' lang='lat' dir='ltr'>inquo</span> <span class='ocrx_word' id='word_1_289' title='bbox 562 3545 592 3605; x_wconf 90' lang='lat' dir='ltr'>S.</span> <span class='ocrx_word' id='word_1_290' title='bbox 607 3545 791 3623; x_wconf 88' lang='lat' dir='ltr'>Euphemiae</span> <span class='ocrx_word' id='word_1_291' title='bbox 815 3545 917 3605; x_wconf 91' lang='lat' dir='ltr'>tumha</span> <span class='ocrx_word' id='word_1_292' title='bbox 940 3548 1085 3612; x_wconf 85' lang='lat' dir='ltr'>steterat,</span> <span class='ocrx_word' id='word_1_293' title='bbox 1107 3538 1238 3601; x_wconf 89' lang='lat' dir='ltr'>vidimus</span> <span class='ocrx_word' id='word_1_294' title='bbox 1268 3536 1362 3596; x_wconf 86' lang='lat' dir='ltr'>etita</span> <span class='ocrx_word' id='word_1_295' title='bbox 1431 3565 1434 3572; x_wconf 93' lang='lat'>·</span> 
     </span>
     <span class='ocr_line' id='line_1_34' title="bbox 182 3642 1363 3727; baseline -0.007 -21"><span class='ocrx_word' id='word_1_296' title='bbox 182 3649 213 3706; x_wconf 92' lang='lat' dir='ltr'>in</span> <span class='ocrx_word' id='word_1_297' title='bbox 236 3650 338 3726; x_wconf 86' lang='lat' dir='ltr'>galeas</span> <span class='ocrx_word' id='word_1_298' title='bbox 360 3649 573 3727; x_wconf 82' lang='lat' dir='ltr'>navigavimus.</span> <span class='ocrx_word' id='word_1_299' title='bbox 620 3648 696 3710; x_wconf 85' lang='lat' dir='ltr'>Cum</span> <span class='ocrx_word' id='word_1_300' title='bbox 728 3665 837 3726; x_wconf 83' lang='lat' dir='ltr'>magno</span> <span class='ocrx_word' id='word_1_301' title='bbox 870 3646 1021 3708; x_wconf 89' lang='lat' dir='ltr'>desiderio</span> <span class='ocrx_word' id='word_1_302' title='bbox 1050 3646 1081 3704; x_wconf 90' lang='lat' dir='ltr'>in</span> <span class='ocrx_word' id='word_1_303' title='bbox 1114 3642 1231 3722; x_wconf 85' lang='lat' dir='ltr'>galeam</span> <span class='ocrx_word' id='word_1_304' title='bbox 1254 3655 1363 3704; x_wconf 85' lang='lat' dir='ltr'>meam</span> 
     </span>
     <span class='ocr_line' id='line_1_35' title="bbox 183 3746 1361 3833; baseline -0.003 -22"><span class='ocrx_word' id='word_1_305' title='bbox 183 3753 333 3830; x_wconf 84' lang='lat' dir='ltr'>navigavi,</span> <span class='ocrx_word' id='word_1_306' title='bbox 367 3772 458 3833; x_wconf 89' lang='lat' dir='ltr'>quam</span> <span class='ocrx_word' id='word_1_307' title='bbox 482 3755 657 3823; x_wconf 87' lang='lat' dir='ltr'>amiseram,</span> <span class='ocrx_word' id='word_1_308' title='bbox 693 3760 724 3812; x_wconf 91' lang='lat' dir='ltr'>et</span> <span class='ocrx_word' id='word_1_309' title='bbox 746 3771 816 3812; x_wconf 91' lang='lat' dir='ltr'>cum</span> <span class='ocrx_word' id='word_1_310' title='bbox 839 3752 933 3813; x_wconf 90' lang='lat' dir='ltr'>multa</span> <span class='ocrx_word' id='word_1_311' title='bbox 953 3749 1139 3827; x_wconf 88' lang='lat' dir='ltr'>jocunditate</span> <span class='ocrx_word' id='word_1_312' title='bbox 1163 3748 1199 3809; x_wconf 94' lang='lat' dir='ltr'>ah</span> <span class='ocrx_word' id='word_1_313' title='bbox 1222 3746 1361 3808; x_wconf 89' lang='lat' dir='ltr'>omnihus</span> 
     </span>
     <span class='ocr_line' id='line_1_36' title="bbox 184 3851 1361 3938; baseline -0.009 -18"><span class='ocrx_word' id='word_1_314' title='bbox 184 3864 326 3938; x_wconf 88' lang='lat' dir='ltr'>receptus</span> <span class='ocrx_word' id='word_1_315' title='bbox 347 3857 406 3929; x_wconf 88' lang='lat' dir='ltr'>ini,</span> <span class='ocrx_word' id='word_1_316' title='bbox 430 3864 461 3918; x_wconf 88' lang='lat' dir='ltr'>et</span> <span class='ocrx_word' id='word_1_317' title='bbox 477 3856 644 3936; x_wconf 82' lang='lat' dir='ltr'>gaudebant</span> <span class='ocrx_word' id='word_1_318' title='bbox 667 3864 821 3934; x_wconf 89' lang='lat' dir='ltr'>tamquam</span> <span class='ocrx_word' id='word_1_319' title='bbox 845 3855 883 3916; x_wconf 93' lang='lat' dir='ltr'>de</span> <span class='ocrx_word' id='word_1_320' title='bbox 904 3855 995 3916; x_wconf 85' lang='lat' dir='ltr'>fratre</span> <span class='ocrx_word' id='word_1_321' title='bbox 1012 3852 1129 3935; x_wconf 89' lang='lat' dir='ltr'>perdito</span> <span class='ocrx_word' id='word_1_322' title='bbox 1146 3857 1177 3911; x_wconf 91' lang='lat' dir='ltr'>et</span> <span class='ocrx_word' id='word_1_323' title='bbox 1191 3851 1361 3911; x_wconf 84' lang='lat' dir='ltr'>reinventa.</span> 
     </span>
    </p>

    <p class='ocr_par' dir='ltr' id='par_1_6' title="bbox 183 3940 1366 4243">
     <span class='ocr_line' id='line_1_37' title="bbox 271 3940 1364 4041; baseline -0.009 -19"><span class='ocrx_word' id='word_1_324' title='bbox 271 3963 406 4041; x_wconf 90' lang='lat' dir='ltr'>Septima</span> <span class='ocrx_word' id='word_1_325' title='bbox 437 3960 503 4031; x_wconf 90' lang='lat' dir='ltr'>die,</span> <span class='ocrx_word' id='word_1_326' title='bbox 535 3966 604 4020; x_wconf 89' lang='lat' dir='ltr'>ante</span> <span class='ocrx_word' id='word_1_327' title='bbox 627 3959 727 4020; x_wconf 91' lang='lat' dir='ltr'>lucem</span> <span class='ocrx_word' id='word_1_328' title='bbox 749 3960 836 4030; x_wconf 91' lang='lat' dir='ltr'>solis,</span> <span class='ocrx_word' id='word_1_329' title='bbox 869 3961 901 4020; x_wconf 92' lang='lat' dir='ltr'>in</span> <span class='ocrx_word' id='word_1_330' title='bbox 927 3940 1095 4037; x_wconf 82' lang='lat' dir='ltr'>¹splendore</span> <span class='ocrx_word' id='word_1_331' title='bbox 1118 3956 1208 4016; x_wconf 91' lang='lat' dir='ltr'>lunae</span> <span class='ocrx_word' id='word_1_332' title='bbox 1231 3953 1364 4014; x_wconf 88' lang='lat' dir='ltr'>solutam</span> 
     </span>
     <span class='ocr_line' id='line_1_38' title="bbox 185 4057 1363 4143; baseline -0.005 -17"><span class='ocrx_word' id='word_1_333' title='bbox 185 4066 420 4126; x_wconf 81' lang='lat' dir='ltr'>classem-extra</span> <span class='ocrx_word' id='word_1_334' title='bbox 442 4071 562 4143; x_wconf 87' lang='lat' dir='ltr'>portum</span> <span class='ocrx_word' id='word_1_335' title='bbox 586 4062 771 4135; x_wconf 83' lang='lat' dir='ltr'>eduxerunt,</span> <span class='ocrx_word' id='word_1_336' title='bbox 803 4069 834 4125; x_wconf 94' lang='lat' dir='ltr'>et</span> <span class='ocrx_word' id='word_1_337' title='bbox 856 4063 1001 4142; x_wconf 87' lang='lat' dir='ltr'>paulatim</span> <span class='ocrx_word' id='word_1_338' title='bbox 1021 4066 1112 4123; x_wconf 92' lang='lat' dir='ltr'>vento</span> <span class='ocrx_word' id='word_1_339' title='bbox 1135 4061 1221 4121; x_wconf 90' lang='lat' dir='ltr'>tenui</span> <span class='ocrx_word' id='word_1_340' title='bbox 1242 4057 1363 4120; x_wconf 88' lang='lat' dir='ltr'>iereha·</span> 
     </span>
     <span class='ocr_line' id='line_1_39' title="bbox 183 4161 1366 4243; baseline -0.005 -12"><span class='ocrx_word' id='word_1_341' title='bbox 183 4187 252 4231; x_wconf 90' lang='lat' dir='ltr'>mur</span> <span class='ocrx_word' id='word_1_342' title='bbox 265 4169 297 4231; x_wconf 95' lang='lat' dir='ltr'>in</span> <span class='ocrx_word' id='word_1_343' title='bbox 312 4186 395 4231; x_wconf 89' lang='lat' dir='ltr'>mare</span> <span class='ocrx_word' id='word_1_344' title='bbox 410 4167 572 4233; x_wconf 80' lang='lat' dir='ltr'>Venetam.</span> <span class='ocrx_word' id='word_1_345' title='bbox 602 4167 674 4229; x_wconf 89' lang='lat' dir='ltr'>Sole</span> <span class='ocrx_word' id='word_1_346' title='bbox 691 4175 794 4231; x_wconf 90' lang='lat' dir='ltr'>antem</span> <span class='ocrx_word' id='word_1_347' title='bbox 810 4173 878 4231; x_wconf 92' lang='lat' dir='ltr'>orto</span> <span class='ocrx_word' id='word_1_348' title='bbox 892 4166 1022 4230; x_wconf 87' lang='lat' dir='ltr'>vidimus</span> <span class='ocrx_word' id='word_1_349' title='bbox 1036 4184 1098 4228; x_wconf 92' lang='lat' dir='ltr'>non</span> <span class='ocrx_word' id='word_1_350' title='bbox 1111 4164 1201 4243; x_wconf 81' lang='lat' dir='ltr'>longe</span> <span class='ocrx_word' id='word_1_351' title='bbox 1215 4161 1366 4242; x_wconf 80' lang='lat' dir='ltr'>grandem</span> 
     </span>
    </p>
   </div>
   <div class='ocr_carea' id='block_1_5' title="bbox 0 0 1458 4710">
    <p class='ocr_par' dir='ltr' id='par_1_7' title="bbox 0 0 1458 4710">
     <span class='ocr_line' id='line_1_40' title="bbox 0 0 1458 4710; baseline 0 0"><span class='ocrx_word' id='word_1_352' title='bbox 0 0 1458 4710; x_wconf 95' lang='lat' dir='ltr'> </span> 
     </span>
    </p>
   </div>
  </div>
 </body>
</html>
