2902 4710
690 153 753 222 143

133 352 189 398 nos
212 335 243 394 in
265 351 358 395 unum
381 337 413 394 et
436 328 622 408 conjecimus
645 328 783 391 madinos
806 329 996 392 adinvicem
1018 334 1049 390 ct
1071 333 1230 389 contentos
1253 343 1308 387 eos

132 420 278 508 lecimus;
303 437 436 514 acceptis
460 452 532 512 ergo
555 433 680 494 madinis
704 432 775 493 facti
799 438 869 493 sunt
884 434 974 493 amici
989 435 1084 493 nostri
1101 438 1131 494 et
1146 421 1308 492 reonerare

132 542 246 604 bestias
266 538 411 616 juverunt
433 543 464 597 et
486 539 528 597 ita
550 539 733 597 recessimus
757 537 954 597 abinvicem.
984 535 1059 597 Post
1072 537 1202 614 spatium
1216 537 1309 596 borae

132 649 282 710 venerunt
304 642 354 703 alii
378 659 448 702 cum
471 640 611 711 camelis,
635 640 823 718 postulantes
840 638 968 700 multum
982 640 1153 719 importune
1167 642 1308 720 pretium,
1408 652 1415 661 ’

130 751 205 828 ,quia
228 753 332 808 essent
355 744 508 806 camelarii
532 739 733 804 Alexandrini.
780 740 897 813 Quibus
920 760 989 804 cum
1011 742 1200 816 diceremus,
1228 741 1310 824 quod

134 849 386 932 praecedentibus
410 846 623 915 scivissemus,
657 843 836 906 dimiserunt
868 851 923 905 nos
956 847 987 905 in
1017 864 1094 926 pace
1123 848 1308 927 procedere;

136 952 245 1015 deinde
268 952 378 1012 multas
401 957 515 1011 turmas
539 947 695 1009 hominum
727 954 758 1008 et
791 949 975 1009 camelorum
1005 950 1123 1011 obviam
1152 951 1309 1012 habuimus

136 1064 168 1118 et
197 1059 228 1118 in
253 1058 403 1118 continuo
433 1055 542 1115 timore
572 1053 710 1112 stetimus
740 1057 912 1113 metuentes
943 1053 1139 1114 invasionem.
1194 1052 1311 1114 lnterea
1379 1062 1386 1069 '

137 1166 205 1224 o'um
227 1163 350 1241 longum
372 1163 431 1222 iter
453 1169 547 1237 super
576 1171 660 1216 oram
682 1157 773 1216 maris
806 1154 997 1229 leuissimus,
1034 1164 1138 1218 contra
1171 1163 1311 1217 montana

136 1265 284 1345 quaedam
306 1285 366 1327 non
388 1265 460 1336 alta,
484 1260 540 1323 sed
562 1276 659 1337 usque
684 1258 721 1319 ad
743 1259 869 1320 limbum
891 1263 981 1322 maris
1005 1269 1164 1340 protensa,
1187 1279 1311 1342 proces·

136 1373 245 1443 simus;
270 1373 432 1431 avertimus
456 1385 528 1445 ergo
553 1382 609 1423 nos
633 1380 650 1423 a
674 1364 748 1423 mari
772 1362 810 1423 ad
832 1371 973 1425 montana
996 1365 1061 1438 illa,
1096 1367 1138 1426 ita
1162 1364 1243 1444 quod
1275 1364 1312 1426 ad

137 1474 291 1536 dexteram
313 1473 472 1535 habuimus
496 1474 637 1529 montana
660 1467 770 1527 fertilia
793 1474 824 1527 et
845 1469 1013 1546 palmarum
1037 1471 1190 1531 arboribus
1214 1471 1312 1549 plena,

136 1584 167 1637 et
190 1577 227 1637 ad
250 1575 367 1637 radices
391 1574 538 1633 montium
560 1570 680 1630 illorum
697 1559 732 1631 ab
748 1570 804 1632 alia
818 1578 903 1650 parte
918 1575 1070 1635 irruebant
1085 1572 1196 1634 fluctus
1212 1575 1313 1647 maris,

136 1679 349 1763 adisiuistram
373 1683 475 1737 autem
497 1675 656 1744 babuimus
681 1672 779 1754 (1211
795 1673 838 1756 a)
863 1676 1044 1738 latissimum
1060 1696 1216 1759 campum,
1241 1696 1312 1739 oon-

137 1784 255 1845 clusum
277 1783 313 1843 ab
342 1799 402 1842 una
425 1785 510 1858 parte
532 1778 616 1850 Nilo,
647 1779 683 1838 ab
714 1779 808 1840 altera
835 1782 910 1841 mari
939 1798 1065 1859 magno,
1098 1788 1180 1843 totus
1213 1788 1315 1843 autem
1425 1764 1430 1775 ’

137 1904 261 1966 campus
284 1886 335 1946 ille
359 1890 407 1946 est
430 1884 570 1944 salinaria
586 1885 733 1961 pretiosa,
758 1886 966 1963 optimumque
981 1887 1013 1946 in
1031 1904 1068 1947 eo
1083 1887 1128 1949 sal
1144 1894 1314 1965 generatur,

138 1993 233 2064 unde,
257 1989 376 2070 quando
400 1987 505 2049 oculos
528 1989 625 2067 primo
648 1990 679 2048 in
704 2006 845 2068 campum
867 1991 968 2068 ipsum
992 1989 1194 2067 conjecimus,
1227 1997 1314 2071 puta·

137 2087 260 2167 vimus,
282 2111 423 2172 campum
454 2091 539 2152 illum
569 2095 637 2154 nive
669 2099 719 2152 aut
743 2095 849 2171 pruina
872 2099 1063 2167 contectum,
1095 2094 1150 2154 sed
1173 2101 1237 2155 erat
1260 2095 1314 2154 sal.

137 2202 213 2262 Nam
235 2201 303 2261 Nilo
326 2205 521 2261 excrescente
544 2196 678 2275 repletur
701 2214 827 2275 campus
850 2197 902 2257 ille
925 2199 1025 2275 aquis,
1049 2216 1107 2258 nec
1130 2216 1200 2258 eum
1214 2205 1315 2258 tamen

138 2302 318 2372 foecundat,
350 2304 419 2379 quia
451 2317 546 2377 aquae
575 2301 666 2359 maris
690 2299 749 2358 Nili
783 2316 875 2377 aquas
905 2290 1040 2360 inliciunt
1073 2318 1186 2379 easque
1220 2302 1315 2362 salsas

141 2413 171 2467 et
194 2406 314 2466 steriles
337 2405 460 2465 faciunt.
506 2403 538 2463 ln
555 2401 764 2462 decrescentia
780 2419 852 2480 ergo
869 2401 930 2461 Nili
945 2407 1042 2468 omnis
1060 2418 1138 2484 aqua
1154 2424 1315 2468 remanens

139 2511 171 2569 in
194 2526 301 2586 campo
324 2506 375 2566 illo
399 2507 518 2588 actione
541 2507 614 2565 solis
637 2506 667 2565 in
691 2506 734 2566 sal
758 2503 985 2584 sapidissimum
1009 2507 1204 2588 decoquitur,
1239 2525 1316 2588 aqua

141 2613 242 2682 etiam,
267 2627 345 2688 quaa
368 2600 554 2669 in'scissuris
570 2616 669 2670 terrae
693 2607 724 2670 et
737 2612 768 2670 in
785 2609 881 2669 foveis
898 2619 1041 2686 remanet,
1064 2613 1097 2673 lit
1119 2614 1163 2674 sal
1186 2619 1217 2674 et
1238 2618 1318 2674 stant

140 2719 171 2777 in
194 2733 302 2795 campo
324 2713 376 2774 illo
399 2712 487 2773 multi
509 2713 609 2777 tontes
633 2716 721 2789 salis3
745 2717 790 2778 sal
813 2725 916 2778 autem
939 2718 997 2779 hoc
1019 2719 1166 2795 optimum
1189 2725 1236 2778 est
1252 2736 1316 2778 om-

140 2825 240 2894 nium,
271 2839 331 2901 quo
363 2823 458 2881 utitur
488 2819 628 2881 dominus
651 2819 800 2881 Soldauus
835 2826 865 2881 et
895 2837 1036 2900 magnum
1060 2839 1184 2882 censum
1208 2823 1319 2939 accipit

141 2926 179 2988 da
202 2927 343 2988 salineria
366 2924 425 2986 illa.
526 2950 528 2955 ·
1034 2939 1037 2943 ’

140 3158 319 3245 Ingressus
339 3145 601 3245 peregrinorum
622 3157 657 3226 iu
675 3154 936 3242 Alexandriam,
966 3158 1000 3226 et
1029 3153 1200 3245 quomodo
1228 3157 1319 3252 inter

141 3290 259 3369 portas
289 3279 442 3386 conclusi
470 3285 504 3350 et
534 3280 661 3367 captivi
690 3279 775 3348 tenti
803 3283 949 3348 suutt
914 3285 949 3348 et
974 3296 1043 3350 non
1065 3297 1189 3366 parum
1208 3279 1318 3349 tribu·

592 3401 654 3471 lati
682 3406 716 3471 et
744 3403 874 3472 vexati

231 3568 307 3629 Cum
340 3552 448 3644 magna
486 3567 678 3627 festinatione
712 3566 782 3627 salis
818 3584 958 3644 campum
989 3557 1251 3648 pertransivimus,
1286 3574 1321 3631 ut

143 3675 231 3734 citius
246 3671 458 3733 Alexandriam
476 3673 648 3733 veniremus
664 3671 701 3732 ad
717 3670 829 3749 aliquid
845 3660 1086 3732 manducandum
1101 3679 1131 3732 et
1146 3671 1320 3744 bibendum,

143 3783 174 3837 et
195 3778 325 3854 ingressi
349 3777 485 3854 opposita
510 3780 651 3835 montana
674 3776 704 3834 in
729 3773 884 3854 crepidine
908 3778 1057 3854 perviam
1078 3775 1258 3856 profundam
1283 3774 1321 3836 ad

141 3880 305 3950 terminum
327 3878 446 3938 illorum
463 3861 617 3980 'montium
650 3880 788 3939 venimus
820 3879 921 3958 ibique
945 3879 1073 3958 grandes
1097 3888 1129 3940 et
1147 3867 1320 3941 vetustissi-

143 3999 207 4043 mas
231 3999 383 4042 murorum
416 3983 517 4041 ruinas
545 3982 731 4053 invenimus,
763 3983 795 4042 in
824 3981 946 4061 longum
977 3984 1132 4063 latumque
1163 3991 1322 4062 protensas

144 4090 175 4144 et
196 4084 351 4177 dicebatur
373 4085 483 4155 nobis,·
493 4085 533 4143 ibi
557 4084 628 4143 olim
646 4087 804 4164 antiquam
828 4090 951 4148 stetisse
974 4086 1193 4149 Alexandriam.
1240 4085 1323 4148 Vidi·

142 4184 213 4248 mus'
248 4195 349 4250 autem
386 4193 455 4248 ante
491 4204 547 4291 nos
586 4188 772 4268 gloriosam
786 4191 939 4253 civitatem
975 4189 1209 4263 Alexandriam,
1248 4189 1325 4250 mari
