2874 4770
717 166 784 237 430

157 338 196 402 de
219 357 279 419 quo
301 338 431 402 ecclesia
453 339 576 403 festivat
597 346 683 402 serto
709 342 902 415 Decembris,
933 341 988 404 sed
1010 343 1152 415 alterius:
1177 349 1210 403 et
1232 360 1338 424 corpus

157 444 189 506 S.
215 442 387 516 Theodori,
411 451 442 506 et
464 445 588 506 baculus
610 447 771 524 pastoralis
793 447 825 508 S.
841 447 957 508 Nicolai
979 448 1099 526 magni,
1121 452 1156 506 ct
1178 445 1253 506 tibia
1275 464 1339 508 com

156 546 236 627 pede
259 546 290 607 S.
312 544 426 608 Mariae
449 546 672 626 Aegyptiacae,
697 556 728 610 et
749 550 906 612 brachium
928 568 998 611 cum
1020 568 1111 611 manu
1135 549 1168 609 S.
1186 547 1339 628 Porphyrii

157 651 314 728 martyris,
350 653 489 712 conversi
520 669 575 730 per
605 650 637 712 S.
672 652 873 714 catharinam.
936 650 983 712 Ad
1006 651 1037 711 S.
1063 650 1265 713 Dominicum
1296 662 1339 715 est

156 771 211 835 pes
234 756 352 834 integer
374 756 404 816 S.
430 755 606 818 catharinae
630 754 668 817 de
685 756 792 830 Senis,
815 763 846 818 et
868 756 970 836 plures
994 753 1070 814 aliae
1094 753 1259 832 reliquiae.
1297 755 1337 817 td

156 855 320 936 Apostolos
344 864 392 920 est
414 877 524 938 corpus
547 859 579 920 S.
602 857 739 921 Marinae
762 861 903 939 virginis,
929 859 967 920 de
991 876 1050 938 qua
1072 856 1198 920 invitis
1223 864 1335 939 patrum

155 963 271 1022 montio
294 962 336 1023 tit.
381 961 416 1024 ln
438 963 569 1024 ecclesia
591 963 772 1026 Sanctorum
794 964 937 1026 lobannis
967 970 998 1025 et
1020 961 1106 1024 Pauli
1134 969 1209 1023 sunt
1233 982 1334 1024 eoron-

157 1060 229 1125 dem
251 1063 432 1127 Sanctorum
454 1067 618 1145 reliquiae,
651 1073 684 1129 et
705 1067 737 1129 S.
760 1066 843 1129 Petri
871 1068 1026 1147 martyris,
1061 1073 1092 1126 et
1116 1067 1227 1146 plures
1255 1068 1333 1128 aliae.

79 1202 82 1207 ·
157 1163 192 1230 ln
217 1168 348 1230 eeclesia
373 1168 548 1232 castellana
570 1177 641 1233 sunt
662 1169 757 1232 multa
784 1171 979 1249 particulares
1005 1171 1154 1249 reliquiae
1189 1176 1224 1231 ct
1244 1169 1334 1232 indul·

157 1273 277 1352 gentiao
300 1270 448 1353 speciales
471 1290 526 1351 per
549 1279 645 1334 totam
666 1271 937 1352 quadragesimam.
981 1271 1034 1346 Ad,
1051 1272 1083 1333 S.
1100 1271 1269 1346 andream,
1289 1273 1334 1334 ubi

156 1382 227 1440 suot
249 1376 481 1439 carthusienses
512 1379 543 1438 in
572 1379 682 1457 insigni
710 1380 913 1450 monasterio,
948 1377 1035 1456 cujus
1064 1378 1167 1438 simile
1199 1379 1250 1439 vir
1270 1376 1334 1447 ridi,

157 1486 227 1543 sunt
258 1481 404 1561 reliquiae
438 1480 470 1542 S.
500 1480 656 1543 Andreae·
671 1480 799 1560 apostoli
831 1489 863 1542 et
893 1483 991 1542 sancti
1021 1478 1190 1541 Laurentii.
1237 1479 1284 1540 Ad
1304 1479 1332 1540 S.

155 1583 313 1648 Danielem
336 1591 383 1648 est
405 1602 515 1664 corpus
538 1584 570 1645 S.
594 1582 737 1645 lobannis
767 1586 915 1664 martyris.
959 1583 1008 1645 Ad
1030 1583 1062 1644 S.
1085 1582 1221 1645 Mariam
1242 1582 1333 1662 Virgi-

112 1682 115 1689 ‘
156 1706 228 1752 uem
250 1696 298 1753 est
322 1706 432 1769 corpus
454 1688 486 1748 S.
510 1687 626 1749 Sabbas
640 1686 779 1759 Abbatis,
804 1693 834 1748 et
856 1687 969 1749 multae
993 1687 1080 1748 aliae.
1124 1684 1177 1747 Ad
1200 1692 1333 1748 sanctum

157 1792 335 1857 Contionum
365 1798 413 1854 eat
442 1809 552 1870 corpus
575 1790 607 1852 S.
630 1788 753 1852 Maximi
783 1792 929 1870 episcopi.
974 1788 1022 1851 Ad
1048 1808 1074 1850 s.
1098 1787 1270 1852 deremiam
1291 1796 1334 1851 cst

157 1915 267 1979 corpus
291 1897 321 1958 S.
345 1894 465 1975 Magni,
494 1896 583 1975 primi
605 1894 792 1956 Venetorum
815 1895 960 1975 episcopi.
1005 1892 1054 1955 An
1077 1912 1193 1974 corpus
1218 1896 1332 1964 cbristt

156 1999 208 2063 ubi
230 2004 278 2061 est
300 1982 454 2079 egregium
478 1999 698 2059 monasterium
720 1997 896 2060 monialium
920 1996 1041 2077 ordinis,
1051 1999 1170 2070 nostri,
1196 2005 1246 2060 est
1270 2016 1331 2058 caro

157 2102 267 2165 Christi
288 2102 485 2172 miraculosa,
520 2108 551 2163 ct
573 2101 659 2181 plura
682 2102 749 2162 alia.
794 2100 841 2162 Ad
864 2101 896 2161 S.
919 2098 1058 2162 Marcum
1089 2108 1140 2162 est
1169 2120 1283 2181 corpus
1303 2101 1329 2162 S.

155 2204 270 2269 lsidorl.
315 2203 438 2267 Praeter
460 2205 537 2268 haec
559 2206 616 2269 alia
639 2205 732 2268 multa
754 2205 916 2267 ruothino
938 2204 1010 2269 inde
1032 2222 1089 2285 per
1111 2206 1276 2268 ecclesias.

636 2506 846 2581 ihesamus.

242 2730 427 2810 Septimum,
459 2723 539 2808 quod
569 2731 709 2790 venustat
730 2725 927 2787 venetiarum
949 2726 1073 2798 urbam,
1106 2731 1158 2787 cst
1180 2724 1327 2806 praedicto

157 2850 322 2906 annerum,
344 2835 555 2896 thesaurorum
577 2832 739 2893 multorum
762 2831 944 2909 pretiositas.
984 2828 1124 2901 Quantus
1148 2830 1191 2890 ibi
1215 2830 1326 2891 thesau-

156 2954 208 2999 rus
231 2939 271 2998 sit
292 2939 323 2998 in
346 2955 433 3009 auro,
457 2942 587 3015 argento
604 2941 634 2996 et
658 2933 805 3012 lapidibus
827 2935 970 3012 pretiosis
993 2934 1023 2993 in
1038 2932 1180 2993 omnihus
1198 2932 1326 2994 ecclesiis

157 3046 189 3102 et
210 3041 415 3110 monasteriis,
448 3041 479 3100 in
511 3040 621 3110 thecis,
654 3038 864 3116 sarcophagis,
898 3037 1120 3109 monstrantiis,
1144 3037 1328 3116 reliquiariis,

158 3145 310 3216 crucibus,
344 3144 521 3222 imaginihus
545 3149 577 3204 et
598 3143 762 3214 similibus,
797 3143 907 3219 partim
928 3139 1047 3202 videtur
1076 3143 1107 3200 in
1131 3141 1328 3219 processioni·

155 3246 212 3311 hus
236 3266 304 3309 cum
328 3253 450 3326 stupore
473 3252 504 3308 et
527 3245 730 3308 admiratione.
777 3242 915 3315 Quantus
945 3244 977 3304 in
1001 3244 1146 3304 calicibus
1170 3251 1204 3306 et
1226 3242 1328 3305 Missae

156 3353 338 3433 paramentis
362 3349 485 3412 cottidie
509 3351 650 3411 cernitur.
693 3346 783 3427 Apud
805 3346 837 3407 S.
861 3344 998 3409 Marcum
1030 3350 1062 3408 in
1085 3346 1220 3425 quadarn
1242 3351 1327 3407 testu·

156 3456 226 3520 diue
250 3460 297 3517 est
320 3454 479 3515 thesaurus
502 3453 702 3523 Venetorum,
736 3469 854 3514 summa
886 3469 956 3513 cunr
988 3451 1145 3529 diligentia
1182 3451 1327 3512 reclnsnsi

155 3560 186 3621 in
209 3560 345 3622 sacristia
368 3574 439 3620 vero
463 3563 510 3617 est
531 3557 705 3626 thesaurus,
741 3555 792 3633 qui
816 3555 906 3614 certis
929 3553 1142 3616 festivitatibus
1174 3553 1327 3634 protertur.

154 3660 201 3724 lbi
223 3661 285 3726 vidi
306 3660 361 3724 llll
384 3676 510 3723 coronas
542 3665 574 3719 et
595 3657 649 3719 llll
671 3657 836 3738 pectoralia
869 3656 907 3718 de
930 3675 1003 3718 auro
1026 3658 1262 3736 probatissimo,
1286 3673 1328 3715 or·

155 3773 226 3827 nata
257 3767 442 3844 margaritis,
481 3764 628 3843 sapphiris
664 3768 694 3823 st
726 3761 891 3840 smaragdis
932 3762 1058 3840 aliisque
1096 3764 1240 3841 gemmis.
1293 3757 1330 3819 lbi

155 3867 218 3931 ridi
241 3882 294 3929 serr
317 3885 423 3929 aureas
451 3884 575 3939 cruces,
608 3867 738 3946 gemmis
769 3865 1050 3944 incomparabilibus
1083 3873 1227 3937 ornatas,
1260 3879 1330 3942 quae

155 3989 218 4033 uon
239 3975 311 4030 sunt
332 3984 452 4048 parvae.
496 3968 539 4029 lhi
561 3977 609 4032 est
632 3969 797 4050 capellum,
820 3970 906 4048 quasi
928 3969 1090 4041 birretum,
1125 3984 1189 4047 quo
1212 3967 1333 4047 quilibet

156 4075 217 4139 dux
230 4073 417 4138 Venetorum
439 4072 583 4151 singulari
605 4074 761 4153 privilegio
787 4080 960 4145 coronatur,
983 4077 1014 4134 ct
1037 4080 1086 4134 est
1099 4075 1193 4152 pretii
1214 4072 1333 4134 inaesti-

155 4177 283 4245 mabilis.
327 4175 372 4243 lbi
394 4182 465 4243 snut
486 4174 546 4242 duo
569 4177 748 4243 candelabra
762 4196 853 4243 aurea
868 4189 992 4259 magna,
1012 4177 1123 4258 quibos
1142 4179 1256 4243 inserti
1269 4182 1336 4241 sont
