2902 4710
725 161 791 233 356

45 381 53 391 -
167 359 245 402 naen
269 345 300 401 et
321 339 478 419 parvulum
500 337 603 410 lilium,
628 355 719 418 quern
743 339 828 400 enixa
850 336 963 410 luerat,
987 342 1018 398 et
1041 355 1108 399 eam
1130 339 1195 418 regi
1216 335 1346 417 Apuliae

170 444 296 507 Pilunno
320 449 603 524 praesentaverunt,
627 443 678 522 qui
701 459 769 503 earn
791 459 917 503 uxorem
940 441 1032 503 duxit.
1062 441 1159 520 Huius
1183 443 1227 502 rei
1251 444 1346 522 gratia

167 550 281 629 antiqui
304 550 336 610 in
358 541 457 610 littore
480 548 532 610 illo
555 549 658 609 Danae
688 546 836 626 templum
870 543 1110 607 aedificaverunt.
1155 545 1231 614 Item
1254 563 1345 609 secus

166 652 246 714 hunc
259 651 471 732 Metapontum
486 650 590 712 dicunt
612 649 740 712 Palladis
763 649 912 730 templum
934 649 1044 721 fuisse,
1067 651 1097 710 in
1120 667 1180 728 quo
1204 650 1255 712 diu
1277 668 1344 712 ser·

139 742 141 747 ³
164 762 231 819 vata
255 761 324 817 sunt
346 755 412 834 Epii
433 756 653 828 instrumenta,
689 752 798 833 quibus
821 752 930 815 durum
953 770 1066 832 equum
1088 752 1276 833 apudllium
1299 754 1344 817 ia·

164 860 345 930 bricaverat,
378 864 410 920 et
430 857 577 937 bipennes
601 873 708 918 aereae
732 863 763 917 et
786 873 868 918 arma
891 855 1049 928 Diomedis
1073 859 1225 918 sociorum
1247 856 1344 936 ‹lepo-

165 967 221 1026 s'ita
245 969 276 1024 et
298 962 348 1024 diu
371 968 494 1024 ostensa
516 967 597 1024 sunt.
627 960 739 1022 Dicunt
761 962 904 1040 insuper,
926 960 967 1021 ibi
991 977 1082 1022 canes
1104 958 1200 1045 luisse
1218 959 1345 1024 Graecis

164 1068 353 1131 venientibus
376 1066 455 1129 laeta
477 1065 650 1146 garrulitate
671 1062 878 1136 blandientem
901 1063 959 1137 sed
983 1062 1065 1144 quod
1086 1062 1176 1155 longe
1191 1063 1288 1142 majus
1312 1071 1344 1126 et

162 1156 265 1235 verius
289 1178 319 1232 et
340 1171 543 1235 venerabilius
567 1174 629 1241 est,
661 1158 724 1247 hoc'
750 1169 781 1227 in
804 1174 908 1228 monte
931 1184 1008 1228 anno
1031 1166 1154 1227 Domini
1176 1163 1239 1232 481
1264 1174 1342 1231 tem·

163 1292 237 1354 pore
260 1275 391 1336 Senonis
406 1273 564 1336 Michaelis
589 1272 763 1352 archangeli
785 1288 896 1350 specus
919 1271 1026 1332 incolis
1049 1278 1191 1332 ostensus
1214 1270 1262 1334 est
1284 1276 1342 1334 mi·

163 1379 248 1441 rabili
270 1378 423 1458 prodigio,
456 1378 508 1439 ubi
535 1393 653 1438 summa
685 1376 846 1457 devotione
875 1375 1092 1436 aChristianis
1116 1376 1261 1439 visitatur.
1308 1376 1352 1439 ln·

160 1459 220 1543 hoc
243 1489 348 1544 monte
372 1480 444 1543 dicit
466 1480 658 1552 Catholicon‚
682 1481 722 1541 ibi
744 1480 840 1542 lerula
863 1482 974 1543 erescit
996 1480 1107 1552 herba,
1131 1497 1209 1559 quae
1231 1480 1343 1543 dicitur

161 1585 273 1658 ferula,
298 1587 368 1664 quia
390 1592 451 1646 tarn
475 1584 590 1647 calidae
613 1590 751 1659 naturae,
764 1590 826 1656 est,
850 1583 931 1662 quod
947 1590 1048 1649 austro
1063 1582 1156 1645 flante
1171 1585 1344 1648 incenditur

161 1689 270 1762 herba,
295 1696 326 1751 et
342 1689 523 1769 quandoque
545 1696 608 1751 tota
630 1691 714 1768 regio
739 1687 882 1758 aduritur.
913 1688 956 1748 lbi
976 1690 1007 1748 in
1023 1689 1098 1749 mari
1120 1695 1191 1750 sunt
1212 1691 1341 1764 insillae,

162 1812 240 1874 quae
263 1792 405 1855 dicuntur
427 1792 543 1854 insulae
565 1791 737 1863 Diomedis,
773 1791 825 1851 ubi
848 1793 950 1852 occiso
982 1792 1018 1853 ab
1040 1791 1168 1872 lllyricis
1193 1794 1342 1875 templum

159 1900 266 1976 ingens
290 1893 479 1957 aedificatum
502 1895 566 1957 luit.
596 1895 652 1956 llic
666 1893 831 1955 Diomedes
854 1893 913 1956 dur
936 1894 1154 1957 audacissimus
1177 1915 1247 1958 oum
1270 1917 1341 1962 oae-

162 2003 236 2061 teris
261 1991 383 2062 Graecis
415 1999 452 2060 ad
486 1999 673 2060 obsidionem
695 1997 857 2075 Trojanam
887 2001 1017 2060 accessit
1050 2006 1081 2061 et
1109 2019 1180 2061 curn
1206 2001 1341 2065 llectore

161 2100 316 2164 athenea
340 2107 579 2184 congressiones
601 2103 674 2164 iecit
696 2104 856 2181 ipsumque
879 2100 1009 2164 Martem
1031 2105 1198 2168 vulneravit
1225 2112 1256 2167 et
1278 2106 1339 2168 Ve-

159 2225 281 2280 nerem,
304 2205 439 2269 Aeneam
462 2213 622 2288 protegere
645 2207 814 2279 volentem,
847 2209 898 2284 qui
923 2226 992 2268 oum
1008 2209 1046 2268 'io
1071 2207 1228 2271 Graeciam
1250 2228 1339 2292 repa·

158 2312 248 2373 triare
271 2294 364 2394 vellet
395 2316 426 2372 et
448 2291 589 2373 uxorem*
604 2329 690 2373 suam
720 2312 798 2372 cunr¹
813 2309 874 2371 alio·
895 2312 1095 2374 concubuisse
1118 2313 1251 2387 audiret,
1284 2333 1339 2396 pa·

158 2417 247 2476 triam
269 2419 369 2480 renuit
399 2423 430 2478 et
452 2418 483 2478 in
507 2418 628 2479 erilium
660 2434 695 2477 se
718 2416 862 2495 relegavit
896 2417 1040 2494 navigans
1062 2418 1094 2487 in
1116 2415 1273 2496 Apuliam,
1309 2427 1341 2482 et

159 2526 332 2601 oppugnabo
363 2525 465 2582 monte
497 2518 634 2600 Gargano
671 2526 702 2581 et
740 2518 894 2581 aedificata
925 2519 1051 2598 Siponto
1091 2521 1268 2605 interiectus
1303 2523 1339 2584 ab

157 2622 261 2686 Aenea
284 2624 348 2685 iuit'
361 2631 392 2685 et
415 2624 590 2696 deificatus,
614 2621 702 2701 cujus
726 2624 801 2684 socii
823 2624 853 2682 in
869 2639 939 2684 aves
955 2624 1094 2684 conversi
1110 2623 1175 2700 ejus
1190 2626 1340 2706 templum

160 2726 377 2788 circumvolare
401 2725 550 2788 dicuntur.
582 2727 660 2789 Sunt
682 2729 764 2787 enim
787 2743 856 2789 aves
881 2727 979 2799 albae,
1003 2745 1077 2805 quas
1100 2725 1198 2790 Latini
1220 2729 1338 2793 diome-

160 2828 224 2901 des,
250 2829 357 2891 Graeci
373 2830 516 2891 herodios
531 2837 648 2902 vocant,
671 2847 749 2909 quae
764 2847 915 2910 nusquam
930 2834 1135 2909 reperiuntur,
1157 2835 1215 2895 nisi
1237 2835 1268 2895 in
1291 2837 1338 2896 in·

156 2931 223 2994 sula
244 2932 416 3005 Diomedis,
441 2940 471 2995 et
493 2934 631 2994 omnibus
654 2933 782 2995 infestae
810 2941 879 2995 sunt
902 2941 933 2996 et
949 2936 1093 3008 clamant,
1117 2936 1227 2999 demtis
1243 2938 1338 2999 Grae·

159 3036 219 3105 cis,
243 3040 275 3096 et
296 3035 403 3114 vulgus
428 3034 563 3108 credidit,
586 3037 681 3098 luisse
705 3039 805 3098 socios
829 3038 1000 3110 Diomedis,
1024 3047 1055 3101 et
1077 3040 1203 3119 singulis
1231 3041 1339 3103 diebus

157 3154 267 3217 aquam
301 3141 406 3200 rostris
444 3147 568 3202 sumunt
599 3147 629 3202 et
665 3140 813 3219 templum
850 3143 1008 3204 Diomedis
1043 3143 1250 3222 perfundunt·
1290 3145 1337 3207 De

155 3241 203 3302 his
225 3242 360 3322 loquitur
384 3243 572 3323 Augustinus
596 3245 633 3306 de
655 3245 776 3307 civitate
801 3246 858 3307 Dei
881 3253 912 3306 et
934 3249 965 3307 iu
991 3246 1080 3326 Speo.
1097 3247 1215 3310 Natur,
1230 3246 1265 3308 L.
1284 3247 1335 3314 17.

157 3344 189 3407 G.
215 3341 266 3410 68·
293 3370 296 3375 ·

155 3443 159 3449 ’
241 3434 333 3512 ln'ea
347 3448 473 3531 Apuliae
498 3453 528 3514 et
543 3453 697 3515 Calabriae
721 3457 844 3532 regione
869 3461 917 3516 est
932 3456 1003 3516 urbs
1019 3455 1220 3535 Hydruntum,
1243 3444 1337 3537 quam

154 3551 246 3614 Turci
278 3572 384 3634 magna
416 3555 543 3618 adducta
572 3557 669 3618 classe
698 3565 845 3636 oeperunt
877 3564 908 3619 et
935 3558 1030 3620 multo
1060 3560 1158 3622 effuso
1188 3547 1336 3643 sanguiue

37 3655 43 3668 ‘
155 3660 299 3728 cunctos,
322 3661 436 3741 nemini
459 3668 635 3738 parcentes,
671 3659 836 3722 crudeliter
857 3669 1068 3741 peremerunt,
1094 3666 1126 3724 in
1149 3683 1209 3744 quo
1231 3665 1336 3728 ltaliae

155 3759 313 3821 universae
336 3761 503 3822 immensos
527 3764 616 3823 timor
631 3765 772 3825 incussus
795 3770 856 3837 est,
880 3772 910 3826 et
923 3766 982 3827 nisi
996 3766 1080 3827 Deus
1095 3767 1335 3843 Maohumetum,

153 3863 251 3923 virum
281 3863 385 3940 utique
408 3865 438 3924 in
461 3865 577 3925 bellicis
600 3867 690 3929 rebus
714 3868 1003 3942 fortunatissimum,
1035 3873 1136 3933 statim
1163 3872 1202 3934 de
1232 3874 1336 3937 medio

153 3965 287 4036 tulisset,
311 3963 427 4027 ltaliam
450 3984 610 4047 aggressus
626 3970 750 4044 suisset,
775 3973 812 4034 ad
828 3990 918 4052 quarn
933 3972 1056 4054 semper
1071 3977 1230 4056 anhelavit,
1253 3979 1336 4042 uude

152 4069 183 4129 in
206 4068 360 4150 epitaphio
383 4073 535 4151 sepulchri
558 4072 623 4151 ejus
646 4076 727 4138 inter
750 4085 846 4140 metra
870 4079 946 4140 baec
968 4079 1144 4143 habenturz'
1263 4124 1266 4129 -
