2874 4770
704 139 770 211 295

141 319 173 379 in
196 314 325 395 epistola
354 314 392 377 ad
413 312 572 381 Hedibiaro
600 313 639 377 de
660 315 752 379 verbo
768 315 927 395 apostoli:
959 314 1017 379 illis
1048 312 1124 377 odor
1153 315 1258 374 mortis
1288 315 1320 375 iu

143 427 282 482 mortem.
772 423 777 429 '
1128 484 1132 491 ,

228 522 322 601 Igitur
343 522 518 598 navigantes
541 527 682 590 venturo,
707 522 758 600 qui
781 523 812 581 in
834 521 992 609 Phrygiam
1014 539 1070 583 000
1093 520 1205 599 ejicere
1228 540 1323 583 eona·

140 628 243 695 batur,
277 624 428 686 declinare
452 642 510 685 non
535 630 729 701 poteramus,
760 622 829 685 ideo
853 625 889 685 ad
911 627 1039 686 insulam
1062 624 1210 704 quandam
1232 626 1320 704 Nyon

139 731 187 793 vel
211 729 299 789 Nium
333 726 445 787 dictam
476 725 692 786 declinavimus
723 744 778 805 per
802 706 1126 789 canale‘strictom'in
1149 728 1248 789 medio
1268 710 1318 788 'in-¹

140 832 272 894 solarum
303 838 333 892 et
356 837 476 907 0001010
498 848 640 890 secumm
664 837 694 890 01
716 831 830 905 bonum
853 833 980 910 ingressi
1003 848 1095 892 00100
1119 831 1317 892 stabilivimus

139 936 278 997 anchoris
312 940 343 993 et
373 922 548 993 cancrorum
580 933 762 1011 alligatione.
800 933 924 1017 ‚Eodem
959 932 1047 994 modo
1084 941 1114 993 et
1150 935 1224 997 01100
1248 941 1318 1012 0001

137 1057 193 1099 000
217 1043 363 1099 10000001
386 1037 509 1115 galeae,
533 1053 608 1115 quas
624 1054 681 1096 nox
698 1044 906 1114 tempestuosa
929 1037 1018 1116 longe
1034 1055 1049 1098 0
1066 1039 1151 1098 nobis
1166 1028 1316 1114 ejecerat,

139 1150 169 1205 et
183 1144 319 1220 ingressi
342 1146 461 1220 portum
484 1139 520 1200 ad
544 1141 623 1200 latus
646 1147 784 1200 nostrum
814 1158 884 1201 suas
908 1141 1046 1202 locavere
1070 1159 1171 1202 naves.
1219 1140 1316 1201 Stabi-

137 1246 190 1306 lita
212 1263 285 1323 ergo
309 1243 406 1304 classe
429 1249 461 1303 et
483 1242 606 1321 prandio
630 1250 730 1303 sumto
754 1242 899 1321 projectis
934 1244 1054 1323 scaphis
1078 1243 1223 1305 descendi
1248 1261 1316 1303 oum

137 1349 263 1428 galeotis
287 1350 317 1408 10
341 1354 470 1416 terram,
494 1347 579 1407 nolui
600 1348 682 1406 euim
704 1348 821 1406 socium
845 1364 947 1407 meum
964 1347 1118 1408 dominum
1141 1355 1224 1408 extra
1248 1349 1315 1407 mit-

137 1460 218 1520 tere,
242 1453 378 1529 quamvis
402 1429 509 1509 obnixe
532 1457 708 1527 precaretur
728 1466 796 1527 me,
820 1452 890 1528 quia
912 1452 943 1511 10
967 1451 1214 1529 praecedentibas
1239 1458 1315 1511 tem·

135 1553 303 1635 pestatlbus
327 1551 413 1615 valde
435 1550 605 1612 debilitatus
637 1550 736 1612 luerat
769 1557 799 1611 et
830 1555 1002 1613 acutissima
1036 1553 1120 1614 lebre
1145 1559 1311 1633 correptus,
1420 1638 1424 1644 1

137 1662 170 1717 01
190 1656 291 1726 111001,
315 1652 397 1732 quod
411 1653 509 1714 subita
524 1655 603 1713 a'e'ris
620 1656 745 1714 mutatio
774 1662 805 1714 et
828 1662 926 1716 terrae
954 1663 1110 1717 contactus
1135 1664 1165 1718 et
1185 1657 1315 1735 gustatio

137 1782 259 1835 eornm,
290 1780 367 1842 quae
392 1767 476 1822 extra
497 1763 630 1839 reperire
654 1764 865 1840 sperabamus,
897 1781 968 1825 eum
991 1766 1087 1841 magis
1111 1761 1311 1822 debilitarent.

137 1867 213 1958 Com
235 1885 309 1945 ergo
332 1865 368 1926 ad
384 1867 467 1927 littus
482 1869 652 1939 venissem,
675 1871 776 1930 inveni
799 1872 899 1932 socios
923 1879 1043 1938 nostros
1067 1869 1105 1930 de
1130 1870 1194 1929 01110
1220 1868 1313 1946 galeis

137 1979 335 2050 congregatos
359 1971 397 2032 ad
419 1970 551 2043 iontem,
575 1981 607 2034 et
629 1974 715 2035 valde
739 1956 888 2037 consolati
912 1978 1001 2038 simul
1024 1976 1144 2037 luimus.

222 2075 309 2136 Circa
333 2075 413 2136 hunc
435 2075 692 2139 fontemstabaot
715 2079 801 2140 multi
834 2081 973 2163 galeatae·
1003 2087 1042 2140 et·
1056 2079 1191 2140 lavabant
1215 2074 1311 2136 domi·

133 2196 241 2239 norom
264 2197 388 2239 suorum
412 2186 443 2241 et
465 2197 536 2241 suas
559 2183 717 2254 camisias,
752 2185 822 2261 quia
851 2201 937 2262 aqua,
960 2185 1074 2244 marina
1103 2178 1182 2240 salsa
1210 2180 1313 2254 inepta

133 2286 182 2342 est
204 2280 242 2341 ad
264 2264 433 2372 lavandum.
465 2283 611 2344 Similiter
633 2302 705 2363 ergo
729 2303 783 2363 per
799 2293 933 2365 montem
949 2287 1146 2368 praecipitem
1171 2290 1203 2342 01
1219 2284 1312 2342 altum

134 2402 198 2463 000,
212 2392 370 2462 petrosum
394 2385 505 2448 olivum
529 2385 742 2459 abscondimus
766 2396 870 2452 contra
886 2389 1058 2460 castellum,
1082 2386 1163 2466 quod
1179 2388 1209 2445 in
1225 2401 1310 2444 mon·

133 2489 172 2547 tis
206 2490 362 2548 cacumine
392 2493 440 2548 est
472 2490 580 2560 situm,
618 2496 649 2550 et
670 2492 750 2551 inter
783 2491 1030 2553 adscendendnm
1059 2492 1226 2552 invenimus
1249 2494 1311 2548 tres

133 2590 282 2651 ecclesias
297 2608 431 2669 graecas,
455 2610 545 2653 unam
561 2593 686 2654 inferius
709 2598 740 2656 in
763 2600 873 2658 montis
890 2597 968 2676 pede
993 2615 1083 2676 super
1107 2613 1199 2664 mare,
1223 2593 1311 2655 aliam

132 2696 163 2755 iu
187 2697 297 2763 montis
325 2713 470 2767 0000000,
493 2699 614 2758 tertiam
637 2701 776 2777 superius
799 2702 830 2761 in
854 2701 988 2781 castello,
1012 2719 1086 2779 quas
1101 2701 1230 2779 ingressi
1244 2699 1310 2759 Deo

132 2801 244 2879 gratias
273 2800 446 2872 retulimus,
481 2804 532 2880 qui
562 2803 720 2881 hueusque
751 2822 806 2864 000
838 2805 1006 2867 incolumes
1032 2806 1229 2866 conservavit.
1275 2801 1309 2864 10

129 2904 196 2981 1000
219 2910 321 2964 autem
344 2903 469 2965 00010110
491 2906 564 2967 nihil
580 2909 749 2985 reperimus
765 2909 870 2970 100010
886 2920 921 2970 ei
938 2910 1000 2981 his,
1025 2927 1101 2989 qnae
1118 2909 1208 2968 victui
1225 2912 1310 2967 eraut

130 3008 318 3077 necessaria,
354 3026 411 3068 000
434 3025 529 3087 00000
553 3025 652 3088 neque
683 3029 739 3072 ova
771 3030 870 3091 neque
893 3013 1025 3088 fructus,
1053 3031 1122 3075 nam
1146 3014 1198 3091 qui
1220 3012 1308 3090 primi

130 3109 344 3182 ascenderant,
368 3112 501 3173 tulerunt
523 3117 633 3175 omnia.
1103 3130 1111 3143 “·

216 3212 271 3275 Εο1
303 3221 403 3275 antem
436 3217 536 3295 ipsum
570 3218 727 3279 castellnm
758 3238 897 3298 parvum,
928 3222 1006 3284 sicut
1028 3219 1141 3281 Albeclr
1165 3225 1306 3289 castrum,

128 3318 193 3378 sine
218 3316 344 3395 oppido,
373 3316 428 3377 sed
445 3319 556 3380 mullus
581 3327 627 3381 est
649 3323 731 3383 intus
747 3323 891 3402 0000100,
916 3325 1026 3385 habent
1042 3324 1123 3383 enim
1147 3337 1238 3381 unam
1253 3320 1306 3379 ho-

128 3420 296 3492 norabilem
310 3419 526 3481 habitationem
540 3422 570 3481 io
587 3439 671 3494 arce,
695 3426 725 3483 in
748 3443 807 3502 qua
822 3426 937 3487 residet
953 3426 1091 3487 dominus
1116 3421 1304 3483 castellanus.

126 3522 186 3584 Alii
210 3527 311 3583 autem
334 3521 471 3583 homines
495 3523 606 3587 habent
628 3525 825 3588 domunculas
849 3505 1016 3599 demissas,
1041 3528 1143 3598 011100,
1168 3531 1199 3584 01
1217 3531 1305 3602 tugu-

127 3628 219 3697 riola,
251 3627 412 3702 inquibus
437 3626 527 3686 homo
557 3630 603 3689 vix
626 3635 729 3706 potest
757 3647 792 3689 00
827 3631 944 3708 erigere
969 3638 1051 3692 stans
1088 3636 1117 3690 et
1141 3626 1304 3700 extendere

122 3730 241 3808 jacens.
288 3731 352 3790 Neo
376 3730 465 3791 habet
486 3732 586 3792 insula
608 3731 659 3791 illa
681 3733 739 3814 0101
761 3732 829 3793 11100
847 3733 1044 3805 habitatores,
1067 3734 1119 3812 qui
1140 3734 1243 3793 vivunt
1267 3728 1304 3790 de

126 3835 272 3896 fructibus
296 3841 395 3895 terrae
427 3836 458 3894 in
487 3835 596 3895 insula.
641 3833 743 3915 Ipsum
767 3844 869 3898 autem
892 3837 1049 3899 castellum
1078 3845 1125 3899 001
1148 3839 1303 3905 munitum,

127 3955 144 3999 a
165 3941 319 4000 veteribus
344 3937 467 3999 Graecis
492 3938 681 4000 aedificatum
698 3959 751 4018 pro
777 3943 866 4001 maris
883 3941 1034 4013 custodia,
1057 3961 1149 4022 super
1163 3945 1303 4020 abruptas

125 4047 226 4119 001000
250 4048 467 4104 constructum.
513 4044 556 4104 Eu
585 4063 622 4105 00
656 4048 822 4127 enim-per
845 4047 1024 4109 latissimum
1048 4046 1139 4127 (1Ὶὸ
1153 4044 1196 4124 a)
1220 4065 1302 4107 mare

127 4139 166 4203 ad
186 4145 301 4206 1000100
324 4154 461 4209 00010000
485 4147 648 4228 Cycladum
669 4149 788 4228 patulus
810 4151 938 4219 habetur
965 4159 1134 4230 respectus.
1166 4151 1302 4230 Cumque
