2874 4770
688 256 737 328 25.

124 427 242 498 11181
266 433 335 495 dixi.
364 432 562 515 'Accepimus
586 438 727 496 autema
749 433 879 514 quodam
901 430 988 497 nobis
1018 422 1186 501 referente,
1218 414 1304 505 quod

125 537 226 612 illam,
261 555 338 616 quae
367 538 424 600 luit
453 539 645 616 principalior
678 556 752 598 uxor
775 526 946 608 etsenior,
980 535 1098 612 acecpit
1118 533 1168 595 111
1191 532 1305 610 eripuit

127 639 167 701 de
189 639 325 720 lupanari
347 643 379 702 in
400 639 595 712 Alexandria,
628 642 659 701 in
689 658 748 718 quo
769 641 930 720 prostituta
951 637 1120 699 tenebatur.
1166 633 1302 696 Alteram

128 749 230 804 autem
248 741 402 818 juniorem
425 744 557 823 puellam
580 750 695 806 emeret
716 746 747 805 in
771 742 899 804 Graecia
922 746 954 801 et
969 739 1225 826 adolescentulam
1238 737 1304 802 iace

128 852 190 906 tarn
212 844 294 907 duxit
317 864 449 907 uxorem.
495 847 562 919 Non
593 853 694 908 autern
724 850 829 907 curant
863 844 1020 905 Sarraceni
1051 847 1101 903 aut
1130 838 1303 913 Manraluei,

128 948 210 1028 quod
232 966 338 1010 eorum
360 968 468 1011 uxores
491 957 561 1012 sunt
577 951 764 1012 Christianae
787 947 825 1009 de
839 946 899 1008 hoc
913 945 962 1009 111
979 944 1016 1005 de
1032 945 1083 1006 illo
1101 946 1170 1006 ritu.
1207 942 1302 1005 Porro

128 1051 215 1113 nobis
237 1051 268 1111 in
292 1051 422 1113 thalamo
445 1054 591 1115 stantibus
615 1058 807 1113 1111111111
830 1048 1046 1129 aspicientibus
1062 1046 1121 1109 dixi
1137 1064 1193 1126 ego
1210 1046 1304 1109 latine

130 1154 168 1215 ad
188 1152 344 1221 dominum
367 1153 490 1217 domus:
515 1174 606 1229 ecce,
629 1157 679 1217 hic
703 1160 751 1216 est
772 1153 929 1234 paradisus
952 1152 1070 1222 vester,
1095 1149 1166 1229 quid
1185 1167 1304 1228 quaeso

129 1257 276 1318 habebitis
298 1257 330 1317 in
352 1257 410 1319 alia
422 1257 506 1320 vitat
527 1258 698 1339 Antequam
720 1265 823 1319 autem
838 1254 1055 1335 responderet,
1080 1253 1185 1314 extulit
1198 1268 1307 1313 rocem
1367 1311 1388 1330 .·

130 1363 233 1422 senior
255 1379 344 1432 uxor,
372 1359 617 1440 adloquendum
640 1363 712 1423 satis
737 1367 870 1441 promta,
900 1353 969 1437 quia
995 1357 1088 1420 verba
1119 1371 1188 1415 mea
1217 1353 1306 1414 intel·

128 1464 259 1535 lererat,
282 1462 402 1525 dicens:
425 1452 503 1535 imo,
526 1466 639 1544 inquit,
663 1464 766 1525 ethic
789 1470 821 1524 11
842 1466 872 1524 11
888 1461 989 1524 tuturo
1005 1458 1144 1539 paradiso
1161 1456 1307 1518 fruemur.

131 1565 187 1629 Cui
210 1583 280 1626 cum
303 1564 452 1637 dicerem,
477 1566 536 1627 hoc
557 1567 745 1646 impossibile
768 1566 851 1637 iore,
874 1564 925 1626 illa
948 1565 979 1624 in
1002 1563 1187 1624 eontrarium
1210 1558 1307 1621 recla-

122 1669 238 1744 mabat.
283 1669 346 1747 Ego
368 1687 441 1731 1111
465 1672 528 1730 1111
551 1671 766 1749 multiplicibus
789 1670 888 1732 verbis
911 1665 1096 1747 respondere
1113 1662 1306 1741 dedignabar.

132 1771 219 1833 Juxta
242 1771 320 1833 hanc
335 1789 494 1834 cameram
515 1780 601 1835 erant
624 1774 698 1834 aliae
722 1790 860 1846 camerae
883 1771 1042 1852 pulchrae,
1065 1766 1102 1832 ad
1125 1784 1199 1846 quas
1214 1768 1307 1827 intra·

133 1876 230 1935 vimus
253 1881 286 1935 et
306 1873 446 1936 vidimus.
521 1862 525 1869 ’

221 1975 295 2039 Post
316 1979 375 2038 hoc
397 1977 611 2042 descendimus
633 1982 664 2042 in
688 1981 811 2053 curiam.
857 1979 916 2040 l‘er
939 1975 1005 2054 ejus
1022 1976 1183 2036 circuitum
1196 1973 1309 2033 multae
1388 1987 1394 1995 ·

135 2087 221 2142 erant
244 2080 371 2143 cellulae
395 2087 427 2143 et
449 2100 612 2157 cavernae,
643 2102 702 2146 una
730 2090 832 2145 autern
864 2082 943 2143 bene
977 2078 1078 2139 clausa
1103 2079 1178 2138 seris
1201 2075 1309 2136 1111111
1359 2088 1367 2097 ·

135 2192 166 2246 11
188 2185 338 2265 repagulis
361 2186 446 2246 nobis
471 2189 588 2264 aperuit
610 2193 641 2248 et
661 2186 841 2260 introduxit,
871 2189 903 2247 in
931 2201 990 2264 qua
1019 2181 1098 2245 sedit
1120 2198 1198 2241 unus
1223 2179 1309 2240 Chri-

134 2289 247 2349 stianus
270 2293 428 2349 catenatus
452 2290 658 2368 compedibus.
703 2291 751 2351 Ad
772 2292 930 2351 introitum
959 2292 1062 2347 autem
1083 2291 1221 2344 nostrum
1243 2300 1309 2343 sur·

135 2391 212 2452 rexit
235 2397 267 2450 et
289 2389 327 2449 ad
348 2391 443 2468 pedes
466 2399 585 2453 nostros
610 2393 735 2464 cecidit,
765 2399 892 2471 petens,
915 2396 949 2450 ut
970 2404 1063 2466 opera
1085 2383 1311 2446 misericordiae

136 2495 167 2553 in
183 2509 253 2552 eum
267 2480 454 2564 laceremus,
476 2501 626 2573 quatenus
640 2495 679 2554 de
693 2480 762 2555 istis
777 2494 892 2571 catenis
906 2490 1025 2551 liberari
1048 2494 1169 2569 posset,
1193 2487 1311 2548 duobus

137 2595 220 2654 eninr
239 2593 306 2655 tere
330 2596 415 2655 annis
437 2590 482 2656 s'ic
503 2598 533 2656 in
557 2595 897 2675 captivitate'deguerat
918 2612 974 2672 pro
997 2608 1048 2665 eo,
1083 2589 1164 2669 quod
1185 2592 1217 2651 in
1238 2587 1310 2651 Ale·

137 2697 259 2759 rendria
282 2706 396 2759 emerat
419 2698 495 2760 duos
518 2717 629 2779 pueros
653 2717 669 2760 a
692 2698 823 2777 quodam
841 2713 985 2777 paupere
1009 2695 1192 2765 Sarracenn,
1224 2691 1310 2770 quus

138 2809 239 2872 erant,
263 2819 377 2879 eosque
400 2805 431 2862 in
448 2803 583 2875 Cretam,
607 2803 685 2864 unde
701 2802 844 2864 oriundus
863 2800 976 2871 iuerat,
1001 2798 1110 2860 detulit
1123 2803 1154 2858 et
1166 2796 1311 2876 baptizari

136 2903 218 2964 iecit.
263 2902 353 2965 Vetat
375 2912 475 2967 autem
509 2907 558 2967 lex
579 2904 779 2974 Machometi‚
809 2904 890 2985 quod
913 2904 1073 2965 Christiani
1107 2921 1168 2962 non
1200 2900 1312 2962 dehent

138 3024 240 3067 emere
263 3006 462 3079 Sarracenos,
485 3027 543 3070 nec
566 3009 723 3071 Sarraceni
747 3010 858 3070 debent
881 3007 968 3069 subdi
990 3008 1096 3085 quovis
1119 3005 1209 3066 modo
1225 3002 1311 3064 Chri·

137 3111 252 3170 stianis.
299 3110 375 3178 Cum
398 3109 660 3192 autem-(8311)
693 3113 816 3173 rediiset
846 3114 877 3172 in
908 3108 1132 3181 Alexandriam,
1162 3111 1245 3170 venit
1273 3105 1312 3168 ad

139 3230 209 3273 eum
232 3213 353 3290 quidam
374 3211 578 3286 Mamalucus,
603 3217 653 3293 qui
676 3217 800 3299 emtioni
823 3214 1015 3286 interfuerat,
1039 3214 1142 3275 dicens
1159 3213 1202 3272 ci:
1227 3227 1333 3281 1111..

140 3315 323 3401 Christiane,
349 3325 453 3380 contra
475 3320 576 3397 legem
591 3318 826 3379 sarracenorum
848 3320 949 3378 emisti
972 3316 1047 3378 duos
1063 3318 1244 3376 Sarracenos
1261 3329 1311 3374 mc

138 3417 260 3480 vidente
283 3426 313 3479 el
328 3438 381 3480 eos
397 3421 545 3482 abduxisti
558 3423 589 3481 in
604 3421 705 3481 locum
719 3427 819 3493 tuum,
842 3423 900 3481 nisi
916 3439 988 3499 ergo
1004 3439 1053 3481 me
1070 3420 1171 3496 aliquo
1185 3433 1311 3478 munere

140 3522 323 3601 placaveris,
347 3522 471 3584 domino
497 3523 629 3584 Soldano
646 3525 836 3585 accusaberis
853 3530 884 3585 et
899 3525 969 3585 binc
985 3525 1098 3602 absque
1116 3522 1312 3598 castigatione

141 3641 201 3683 non
225 3622 345 3684 evades.
391 3625 452 3688 llas
475 3629 570 3687 minas
594 3634 744 3687 mercator
765 3627 817 3688 ille
839 3630 922 3707 parvi
945 3626 1048 3706 pendit
1064 3631 1095 3686 et
1110 3625 1195 3686 malis
1211 3623 1312 3685 verbis

140 3724 345 3811 Mamalueum
367 3747 384 3789 a
407 3747 441 3790 se
464 3729 591 3808 repulit,
615 3733 665 3808 qui
689 3710 917 3791 statimabiens
940 3729 1100 3810 praelecto·
1116 3725 1313 3789 Alexandriae

142 3848 212 3891 eum
235 3834 402 3902 accusavit,
426 3835 477 3912 qui
500 3850 571 3893 eum
595 3835 696 3893 statim
719 3834 820 3893 missis
843 3835 938 3893 servis
961 3833 1121 3912 captivavit
1136 3837 1166 3890 et
1180 3831 1314 3891 vinctum

143 3933 284 3995 Cahirum
306 3938 471 3996 transmisit
488 3933 695 4012 judicandum.
741 3933 881 3996 Traditus
898 3943 998 3996 autern
1013 3934 1068 3996 tuit
1086 3929 1312 4011 Tangwardino,

140 4045 173 4099 ut
196 4036 361 4100 custodiret
382 4038 474 4098 illum‘
490 4044 520 4099 et
543 4041 693 4100 sententia
714 4040 746 4098 in
770 4054 840 4097 eum
862 4037 921 4099 1111
944 4037 1010 4098 11111
1029 4038 1099 4110 1111,
1123 4042 1156 4096 11
1179 4051 1197 4093 1
1218 4030 1313 4092 tribus

142 4158 237 4200 unum
268 4141 409 4221 eligeret,
440 4142 489 4204 rel
517 4142 603 4203 daret
629 4144 808 4220 quingentos
840 4139 981 4212 ducatos,
1013 4141 1061 4201 111
1089 4138 1201 4199 Christi
1222 4132 1314 4194 tidem

144 4244 318 4322 abnegando
334 4247 595 4316 circumcisionem
610 4247 776 4324 acciperet,
791 4243 840 4306 vel
855 4246 944 4304 morti
959 4243 1048 4305 alicui
1062 4259 1096 4302 se
1111 4238 1313 4302 submitteret.
