2902 4710
604 193 607 199 ’
682 177 746 247 475

130 369 225 424 aquam
237 352 367 408 Jordanis
386 357 413 406 et
424 351 482 406 Nili
500 352 598 406 bibens
616 351 649 402 de
662 355 777 419 quatuor
789 349 910 420 paradisi
922 347 1077 402 tlumiuibus
1090 348 1201 418 potavit,
1222 348 1307 402 1221.

132 457 201 510 aqua
218 441 276 493 Nili
295 441 402 495 turbida
420 441 552 510 quomodo
572 438 756 491 clarificetur?
778 438 827 489 120
846 453 869 488 a.

132 545 201 597 aqua
219 544 318 596 magua
336 528 471 582 industria
490 535 516 581 11
534 527 665 581 sumtibus
684 524 793 579 ducitur
813 540 861 592 per
880 524 974 576 cauale
996 523 1026 577 in
1044 522 1195 577 Jerusalem
1214 525 1309 577 1111-1

202 615 319 685 ginquo,
340 617 390 669 219
408 616 439 668 Β.
460 604 489 669 0.

136 720 205 772 aqua
222 702 456 755 Bethlehemitana
474 702 575 772 optima
593 707 649 768 est,
670 701 720 753 173
741 690 792 756 A'

133 807 203 860 aqua
220 791 351 844 mortifica
369 792 546 857 nocentibus,
566 789 710 843 salutifera
728 805 793 843 vero
813 789 906 853 bonis,
928 790 961 840 55
980 802 1004 839 1.

133 895 202 947 aqua
220 879 303 931 maris
322 894 404 947 quare
423 878 589 931 1111111111
609 879 642 930 43
662 879 692 929 A.
713 881 738 929 et
760 877 810 930 240
829 876 863 931 A.
882 881 909 928 et
927 875 960 929 59
978 874 1005 927 b.

134 981 217 1034 aqua,
239 965 280 1018 sic
296 965 435 1019 iuvenitur
452 965 481 1017 iu
502 966 612 1018 deserto
632 962 778 1034 potabilis,
799 964 876 1019 641.

134 1068 230 1122 aquam
256 1054 464 1108 abominabilem
489 1053 617 1105 biberunt
643 1044 782 1121 peregrini
809 1051 839 1104 in
867 1051 990 1119 deserto,
1020 1051 1054 1105 29
1079 1051 1105 1102 b.
1133 1054 1160 1103 et
1175 1047 1311 1102 vermlbua

204 1141 325 1209 plenam,
345 1144 378 1195 53
396 1141 425 1193 Β.
916 1146 920 1151 “

134 1229 332 1296 aquaeemtio,
352 1227 446 1281 2201.
483 1228 628 1294 Defectus,
648 1229 724 1282 371.
744 1229 769 1280 b.
789 1246 811 1282 c.
886 1259 889 1263 ·
1119 1234 1141 1274 0
1160 1253 1177 1289 g

134 1331 203 1384 aqua
221 1315 249 1369 S.
268 1315 342 1368 Petri
361 1315 487 1384 martyris
506 1317 645 1383 virtuosa,
665 1318 698 1369 33
717 1315 748 1368 Β.

133 1418 263 1471 aquarum
280 1403 309 1455 in
328 1403 464 1455 montanis
483 1403 581 1459 divisio
601 1403 634 1455 ad
654 1420 748 1457 omues
766 1404 860 1457 muudi
878 1404 993 1471 plagas,
1012 1402 1063 1456 227
1082 1418 1099 1454 a
1117 1406 1145 1454 et
1162 1415 1219 1469 seq.

135 1488 316 1559 aquaeductus
335 1488 453 1555 longus,
478 1490 510 1542 95
530 1491 555 1543 b.

135 1591 262 1643 aquarum
281 1575 440 1643 potabilium
458 1577 626 1641 bajulatores
644 1576 734 1641 multi,
756 1579 805 1631 109
825 1577 850 1630 b.
950 1595 953 1599 ·

135 1677 262 1729 aquarum
280 1660 310 1711 11
328 1661 436 1713 camelis
456 1668 482 1714 et
500 1664 586 1716 asinis
605 1663 809 1730 circumductio,
831 1665 879 1717 110
897 1679 922 1714 1.

136 1763 238 1815 aquosa
254 1749 315 1800 loca
332 1754 396 1801 sunt
414 1747 442 1800 11
461 1749 584 1817 deserto,
605 1752 656 1804 104
675 1768 698 1803 a.
719 1752 744 1804 b.
786 1780 790 1787 *

134 1834 302 1903 Aquisgraui
321 1834 455 1889 habentur
473 1837 618 1905 reliquiae,
639 1845 665 1890 et
683 1854 814 1907 quaenam
833 1834 993 1889 1111111111
1013 1836 1062 1890 107
1081 1836 1113 1888 Α.
1132 1835 1163 1887 Β.
1186 1868 1189 1874 -

135 1923 234 1992 Aquila
251 1923 366 1975 Romani
384 1925 491 1993 imperii
509 1925 618 1993 signum
638 1933 678 1979 est
696 1943 745 1996 per
762 1926 871 1991 Jovem,
893 1925 942 1977 170
962 1941 986 1976 a.

106 2043 107 2046 =
135 2010 238 2063 Arabia
250 2011 417 2079 quadruplex
429 2012 523 2080 regio,
545 2016 575 2064 21
590 2015 615 2068 b.
646 2014 737 2080 Felix,
758 2014 785 2064 iu
806 2030 860 2082 qua
878 2017 920 2064 est
932 2011 1028 2064 infelix
1040 2011 1234 2078 Machametus,
1254 2013 1316 2063 101

206 2096 292 2150 Simul
312 2097 445 2151 latissima
463 2091 646 2153 est‘Orientis
666 2100 761 2169 regio,
782 2101 813 2154 21
834 2102 859 2152 b.
1139 2091 1143 2099 ¹

135 2187 240 2238 Arabes
259 2185 360 2238 deserti
379 2187 503 2252 incolae,
522 2187 593 2238 unde
613 2188 669 2240 sint
688 2194 715 2240 11
734 2190 828 2256 quales
847 2187 1044 2240 1111111125
1064 2203 1087 2239 a.
1165 2246 1174 2260 .

135 2274 239 2325 Arabes
265 2273 358 2325 dieunt
383 2289 413 2325 ee
432 2273 507 2324 solos
534 2275 641 2328 nobiles
668 2291 729 2328 esse
760 2282 786 2328 11
810 2275 928 2328 omnium
953 2291 1045 2327 eorum
1072 2273 1213 2338 dominos,
1245 2289 1316 2340 quaa

205 2361 289 2412 muris
309 2376 363 2412 uon
383 2361 543 2414 clauduntur
562 2377 613 2413 uec
632 2362 710 2415 tectis
729 2361 897 2431 operiuntur,
917 2367 943 2414 et
956 2361 985 2413 iu
999 2361 1072 2414 omni
1085 2376 1179 2430 eampo
1198 2365 1228 2418 11
1243 2359 1314 2410 silva

207 2446 348 2516 pedagium
362 2448 590 2502 atrauseuntibus
600 2449 719 2518 exigunt,
734 2450 905 2515 21011251,
918 2455 946 2502 11
958 2451 1046 2502 solum
1059 2449 1093 2501 de
1103 2448 1202 2517 praeda
1214 2445 1315 2499 vivunt.
1419 2463 1423 2472 ¹

136 2534 241 2593 Arabes
260 2540 324 2587 suut
342 2534 508 2588 velocissimi
526 2552 667 2604 cursores,
687 2537 721 2589 00
740 2553 764 2591 1.
799 2537 918 2603 Arabum
937 2534 1086 2600 foeminae,
1107 2536 1139 2588 25
1158 2550 1183 2588 1.
1201 2536 1227 2585 b.

136 2621 242 2672 Arabes
260 2636 392 2691 persaepe
405 2621 564 2676 invaserunt
577 2623 749 2693 peregrinos,
769 2626 800 2677 81
822 2630 849 2675 et
867 2624 901 2676 88
920 2629 945 2676 et
966 2624 1014 2678 108
1035 2630 1061 2677 11
1079 2623 1131 2677 250
1149 2620 1314 2676 etsexta.

208 2712 558 2766 11101111515111.

137 2795 241 2849 Arabes
260 2812 293 2850 ex
309 2798 422 2875 antiquo
441 2799 601 2873 regionibus
619 2798 885 2866 circumjacentibus·
901 2798 997 2852 infesti
1021 2799 1146 2866 luerunt,
1173 2800 1242 2852 sieut
1264 2798 1317 2850 hoo

208 2887 275 2939 satis
294 2893 369 2956 patet
386 2904 418 2939 ex
437 2887 545 2955 Biblia,
565 2887 599 2940 25
617 2890 643 2939 b.
664 2905 686 2941 c.

138 2973 242 3041 Arbor,
261 2991 330 3043 quae
349 2976 471 3045 plantata
489 2981 531 3027 est
549 2992 565 3027 1
583 2978 664 3027 beata
682 2975 796 3043 Virgine
816 2974 968 3041 infantula,
989 2977 1040 3029 230
1058 2977 1089 3029 Β.
1126 2975 1242 3040 Arbori,
1262 2989 1315 3042 quo

208 3062 237 3114 iu
256 3063 316 3115 loco
330 3062 456 3116 Christus
474 3063 662 3117 maledixerit?
683 3066 732 3118 154
745 3065 777 3117 A.
814 3066 919 3130 Arbor,
938 3065 967 3119 11
980 3079 1033 3131 qua
1051 3061 1122 3115 sedit
1140 3064 1220 3115 beata
1231 3062 1316 3129 Virgo

208 3167 265 3201 cum
279 3166 363 3218 puero
376 3150 451 3218 Jesu,
473 3151 504 3204 75
519 3169 551 3218 1.,
572 3152 627 3203 1111
646 3153 728 3204 arbor
740 3152 845 3204 Mariae
859 3153 991 3221 Virginis,
1005 3154 1055 3206 sub
1068 3169 1121 3220 qua
1134 3149 1316 3220 1111111891.

208 3237 278 3305 ligni
297 3239 428 3290 scientiae
447 3239 511 3291 boni
531 3245 558 3297 11
575 3239 653 3305 mali,
675 3242 708 3315 75
727 3240 768 3305 1.,
789 3240 1008 3292 111111111111111
1027 3239 1139 3301 tiorum,
1166 3238 1199 3290 de
1218 3239 1317 3306 quibua

210 3323 296 3374 solum
314 3324 412 3391 spinae
429 3332 571 3392 crescunt,
591 3332 619 3378 et
636 3326 664 3376 11
684 3343 737 3394 qua
755 3329 853 3379 arbore
872 3326 1019 3379 Sarraceui
1037 3325 1173 3391 divinant,
1193 3328 1227 3377 28
1245 3326 1271 3376 b.
1291 3329 1317 3375 et

140 3444 143 3453 ·
209 3408 357 3464 3311531.
371 3412 397 3462 b.
422 3412 512 3464 Arbor
524 3413 612 3464 crucis
625 3412 673 3464 ubi
686 3412 822 3465 creverit?
843 3414 893 3466 152
905 3413 936 3465 Β.
968 3413 1100 3477 Mambre,
1119 3413 1170 3463 sub
1184 3427 1237 3479 qua
1249 3410 1317 3462 vidit

209 3499 344 3552 Abrabam
363 3497 402 3549 lll
420 3497 508 3564 viros,
530 3499 582 3549 71.
619 3496 736 3550 Zachaei
755 3498 807 3552 204
824 3499 855 3550 B.
891 3498 1012 3551 Arbores
1031 3496 1178 3550 terebinthi
1197 3497 1227 3548 91
1247 3497 1279 3547 A.

139 3588 211 3640 Area
223 3584 330 3637 Veteris
340 3583 517 3651 Testamenti,
534 3599 603 3653 quae
615 3584 723 3638 incluse
735 3585 871 3638 tenuerit?
891 3600 1001 3654 eamque
1012 3584 1146 3639 Jeremias
1165 3582 1317 3648 abscondit,

212 3673 263 3725 258
280 3672 312 3723 A.

141 3762 230 3814 Archa
248 3759 307 3812 Nod
325 3757 370 3811 ubi
389 3757 571 3825 requieverit,
591 3758 642 3812 118
660 3759 686 3810 b.

140 3849 260 3902 Arcadia
278 3847 370 3916 regio,
391 3849 422 3901 83
441 3847 473 3901 A.

141 3935 370 4006 Archiepiscopus
387 3933 506 3988 Pisanus
524 3933 576 3987 fuit
594 3932 696 4001 primus
715 3933 869 4004 patriarcba
886 3933 1001 3988 Latinus
1029 3934 1162 3988 eeclesiae
1179 3931 1318 4003 lerosoly-¹

211 4023 347 4090 mitanae,
366 4023 417 4075 274
436 4021 466 4074 B.

144 4122 209 4160 area
226 4123 311 4161 ornan
331 4109 450 4175 (Arnon)
468 4108 597 4164 debusaei
616 4108 650 4162 ad
668 4109 761 4180 templi
774 4108 965 4187 fundationem
983 4109 1083 4181 petitur
1102 4110 1152 4163 257
1170 4109 1202 4162 Β.
