2874 4770
675 152 742 223 tlt

124 342 358 406 recompensam
371 325 536 387 arnicitiae
564 325 649 389 idem
669 327 780 389 Nausea
808 327 957 390 sacellum
981 329 1016 395 S.
1039 328 1191 395 Theodori
1223 349 1305 395 mar·

126 433 218 511 tyris,
252 431 304 492 ubi
332 447 412 490 nunc
439 432 488 489 est
514 428 662 507 templum
689 430 721 490 S.
751 427 862 502 Marci,
896 430 1061 494 aedificarit
1091 441 1123 496 ct
1156 434 1305 515 quasdam

128 536 200 596 alias
224 533 381 595 eeclesias.
426 532 482 593 lllo
505 544 636 610 namque
667 537 804 610 tempore
833 550 896 593 non
919 540 983 595 erat
1012 538 1136 598 civitatis
1158 546 1304 617 patronus

128 639 159 698 S.
183 636 321 708 Marcus,
351 635 405 697 sed
428 635 459 696 S.
484 635 676 697 Theodorus.
717 635 835 697 Deinde
859 653 936 697 anno
958 635 1024 702 810
1044 640 1179 703 Romano
1202 644 1302 721 ponti-

126 743 183 805 fice
206 741 322 815 Leone,
357 743 525 820 imperante
550 740 657 802 Carolo
679 739 807 819 Magno,
841 739 1007 802 iustiniano
1027 742 1104 805 duce
1118 744 1306 811 Venetorum

128 845 193 908 Xll.
209 846 265 907 luit
281 863 391 923 corpus
414 844 446 905 S.
461 842 558 906 Marci
573 839 776 924 evangelistae
800 844 836 904 ab
851 842 1030 907 Alexandria
1043 846 1188 910 Venetiae
1209 856 1306 913 bans-

129 949 222 1010 latum
256 950 316 1010 hoc
340 948 440 1009 modo.
489 947 619 1022 Quidam
642 954 827 1010 mercatores
851 947 979 1018 Veneti,
1011 967 1071 1010 non
1093 967 1130 1011 ex
1151 956 1307 1032 proposito

128 1053 182 1114 sed
206 1055 302 1114 coacti
330 1052 464 1132 impulsu
494 1059 669 1124 ventorum,
700 1050 938 1112 Alexandrinum
970 1059 1089 1130 portum
1118 1054 1306 1117 intraverunt

126 1163 157 1217 et
177 1157 209 1218 S.
232 1154 328 1218 Marci
351 1156 514 1217 ecelesiam
537 1165 568 1218 et
591 1157 737 1236 reliquias
760 1158 974 1228 visitaverunt,
1007 1159 1116 1236 quibus
1146 1159 1207 1220 duo
1229 1162 1309 1220 sacri

125 1262 259 1340 corporis
289 1259 433 1321 custodes
464 1263 623 1339 conquesti
653 1261 791 1331 luerunt,
825 1258 907 1337 quod
929 1244 1114 1339 Babyloniae
1144 1263 1193 1324 rel
1218 1263 1307 1344 Capri

126 1365 249 1442 regulus
282 1366 341 1426 sibi
375 1366 508 1425 construi
537 1365 652 1426 laceret
674 1365 848 1443 palatium,¹
872 1362 911 1424 ad
933 1364 1016 1440 quod
1046 1365 1204 1426 columnas
1227 1386 1307 1429 mar·

127 1488 246 1532 moreas
271 1471 310 1531 de
326 1471 566 1532 Christianorum
581 1467 724 1529 aediliciis
741 1469 878 1545 recipere
895 1467 1061 1540 mandavit,
1085 1470 1189 1548 sicque
1205 1471 1308 1548 plures

128 1573 277 1634 ecclesiae
309 1576 342 1634 in
376 1573 440 1633 dies
474 1572 719 1642 destruerentur,
755 1578 785 1631 et
815 1571 874 1631 hoe
905 1571 987 1631 idem
1018 1575 1161 1635 timerent
1188 1575 1254 1636 fieri
1276 1578 1308 1637 in

127 1679 264 1756 proximo
287 1677 436 1738 eeclesiae
461 1677 492 1737 S.
519 1674 615 1737 Marci
647 1683 677 1736 et
700 1693 810 1754 eorpus
834 1692 953 1736 sacmm
976 1675 1118 1756 dispergi.
1162 1677 1209 1739 Ad
1233 1697 1306 1740 con·

129 1781 232 1841 silium
261 1799 333 1861 ergo
360 1780 480 1841 illorum
509 1786 712 1841 mercatorum
734 1780 875 1841 monachi
908 1780 952 1840 illi
981 1779 1168 1842 tradiderunt
1196 1800 1307 1862 corpus

130 1886 333 1963 evangelistae
363 1885 422 1945 illis
445 1885 586 1956 Venetis,
622 1883 703 1962 quod
734 1885 917 1962 accipientes
948 1901 1016 1944 cum
1044 1886 1147 1946 multis
1170 1893 1201 1947 et
1223 1890 1307 1949 miris

128 1987 271 2066 prodigiis
287 1988 429 2049 Venetias
452 1989 679 2048 transtulerunt.
724 1987 770 2048 Ob
795 1987 860 2064 ejus
884 1987 1033 2048 honorem
1049 1987 1305 2052 duxJustinianus

128 2091 273 2169 templum
304 2094 458 2170 egregium
489 2090 639 2164 fundavit,
672 2090 754 2170 quod
785 2091 956 2164 lohannes,
989 2109 1149 2154 successor
1177 2093 1243 2170 ejus
1273 2096 1305 2154 iu

127 2194 252 2267 ducatu,
276 2197 495 2256 consummavit
516 2197 548 2255 in
570 2195 656 2267 loco,
678 2196 729 2255 ubi
745 2194 856 2256 Narses
880 2194 1027 2255 sacellum
1043 2200 1139 2258 sancti
1153 2197 1307 2259 Theodori

127 2301 302 2362 aedificavit.
348 2297 395 2358 Ad
415 2294 476 2358 boc
499 2298 647 2377 templum
669 2299 763 2359 multa
793 2297 871 2358 dona
905 2297 999 2360 duces
1022 2297 1201 2360 Germaniae
1234 2319 1306 2361 con·

126 2403 262 2465 tulerunt
294 2408 325 2461 et
353 2419 389 2462 ex
421 2406 493 2461 tuuc
524 2404 656 2479 primum
686 2409 809 2463 senatus
832 2402 968 2463 Venetus
989 2401 1086 2465 Marci
1114 2407 1209 2483 ipsius
1232 2407 1306 2465 ima-

128 2510 230 2587 ginem
270 2512 425 2584 tamquam
452 2505 547 2586 urbis,¹
568 2507 686 2584 patroni
723 2506 754 2565 in
783 2504 916 2578 vexillis,
949 2508 1043 2567 scutis
1080 2513 1112 2568 et
1142 2509 1218 2571 velis
1252 2508 1305 2570 de·

127 2611 200 2672 terri
224 2611 336 2670 statuit.

216 2713 323 2784 Porro,
353 2720 386 2774 ut
409 2712 536 2785 dieitur,
569 2730 630 2772 non
653 2711 713 2772 diu·
727 2712 759 2773 S.
783 2709 906 2773 Marcus
929 2711 1065 2773 venetiis
1094 2716 1218 2787 mansit,
1252 2713 1307 2776 sed

129 2819 165 2880 ab
189 2818 262 2879 urbe
286 2818 356 2877 abiit
378 2824 448 2894 post
464 2817 662 2878 centesimum
676 2813 826 2876 LXXXIV
842 2833 952 2876 annum
969 2835 1042 2878 suae
1064 2820 1095 2878 in
1119 2836 1187 2880 eam
1209 2824 1306 2881 trans-

128 2925 263 2995 lationis,
298 2923 426 2985 ducante
449 2922 539 2984 Petro
564 2920 707 2982 Condiani
732 2916 774 2985 23
797 2917 983 2982 Venetorum
1014 2920 1106 2992 duee,
1139 2921 1304 3001 indiscipli-

128 3035 199 3089 nato
215 3028 346 3088 bomine.
378 3027 441 3088 Suo
456 3029 536 3088 enim
560 3034 712 3105 tempore,
736 3032 770 3086 ut
785 3025 908 3098 dicunt,
933 3027 1048 3106 expulsi
1062 3026 1185 3088 luerunt
1199 3045 1304 3090 omues

130 3132 218 3193 alieni
242 3132 279 3193 de
302 3134 375 3194 urbe
400 3139 430 3192 et
446 3134 628 3211 quicumque
645 3137 715 3210 post
730 3132 852 3191 tertium
869 3131 950 3191 diem
964 3130 1180 3203 inveniebatur,
1205 3134 1304 3210 capite

127 3236 323 3316 plectebatur.
353 3235 432 3297 lnlra
454 3236 513 3296 hoe
528 3235 661 3297 triduum
684 3237 714 3294 in
738 3236 810 3295 solis
833 3253 945 3295 occasu
967 3236 1050 3295 venit
1073 3234 1194 3311 quidam
1217 3253 1304 3314 pere·

128 3342 231 3418 goinus
256 3340 294 3400 ad
314 3341 484 3401 barcarium
514 3346 741 3417 exspectantem
775 3338 914 3398 homines
937 3339 970 3396 iu
992 3338 1057 3398 rivo
1081 3337 1112 3396 S.
1136 3335 1251 3409 Marci,
1275 3343 1307 3398 et

127 3444 265 3522 projecto
290 3441 399 3502 ducato
422 3444 453 3502 in
467 3443 588 3503 barcam
604 3442 710 3520 petivit
736 3457 770 3501 se
787 3442 928 3501 celeriter
950 3438 1038 3499 educi
1061 3439 1098 3499 ad
1120 3441 1204 3500 littus
1223 3439 1307 3516 juxta

127 3544 313 3624 Margerum.
342 3544 500 3605 Barcarius
524 3563 596 3622 ergo
613 3542 782 3604 accelerato
806 3544 930 3617 negotio
956 3541 1058 3602 eduxit
1079 3541 1164 3602 illum
1188 3550 1305 3619 putans,

128 3668 198 3711 eum
221 3650 271 3712 vel
295 3648 456 3710 decurrere
480 3647 656 3725 fugitivum,
679 3644 728 3708 vel
754 3646 827 3705 alias
851 3626 976 3706 alicuius
988 3647 1124 3706 sceleris
1148 3663 1250 3706 reum:
1273 3649 1304 3707 in

128 3755 288 3818 eductione
311 3760 414 3815 autem
438 3752 591 3813 videbatur
613 3751 763 3819 barcario,
788 3747 869 3827 quod
891 3751 1069 3827 peregrinus
1091 3750 1142 3810 ille
1158 3769 1302 3812 veneran-

127 3861 269 3921 dissimus
293 3857 384 3917 bomo
408 3863 505 3926 esset,
530 3860 561 3915 et
584 3855 746 3914 mirabatur
770 3852 834 3929 ejus
858 3870 979 3925 casum3
1003 3872 1132 3932 cumque
1153 3853 1190 3914 ad
1219 3857 1302 3917 littus

127 3968 295 4037 venissent,
329 3963 402 4023 dixit
432 3961 609 4039 peregrinus
638 3957 675 4018 ad
707 3958 891 4018 barcarium:
926 3955 1002 4020 vade
1024 3957 1168 4019 Venetias
1202 3964 1232 4019 et
1254 3959 1303 4019 die

130 4067 198 4130 duci
220 4074 252 4129 et
274 4067 409 4129 senatui:
442 4066 518 4126 baec
542 4064 615 4124 dicit
636 4059 756 4124 Marcus
779 4062 978 4140 evangelista:
1008 4064 1077 4140 quia
1099 4079 1207 4122 omnes
1229 4062 1302 4122 alie·

1058 4184 1092 4234 27
