2874 4770
700 143 745 214 36

135 315 258 379 Fuimus
281 317 332 378 illo
355 317 405 378 die
437 319 572 388 occasio,
603 316 685 395 quod
714 318 758 378 illi
779 315 940 380 Mamalnoi
969 320 1192 381 oommisemnt
1224 319 1318 381 multa

135 427 259 498 peccata
282 427 385 481 contra
406 418 591 481 Machometi
615 420 730 498 legom;
762 420 917 499 fregerunt
939 423 1020 481 enim
1038 420 1195 498 jejunium
1219 440 1317 493 suum,

136 525 237 583 vinum
259 524 414 594 biberunt,
437 520 664 583 Machometum
687 523 948 601 blasphemarunt,
980 523 1082 602 legem
1105 523 1174 601 ejus
1199 525 1315 585 derise-

81 690 86 704 ,
135 632 221 696 runt,
245 625 419 686 sarracenis
442 624 650 694 detraremnt,
674 632 706 684 et
720 623 873 686 Christum
887 624 1050 687 Dominum
1067 644 1104 686 ao
1120 629 1315 707 evangehum

136 727 265 805 professi
286 727 415 789 iuemnt.
466 728 549 790 llaec
564 730 594 787 in
610 744 728 787 omnera
744 725 847 788 nostra
869 729 987 789 occulte
1003 728 1160 800 iecerunt,
1185 748 1249 790 neo
1263 747 1314 808 pro

135 837 199 891 toto
222 831 333 892 mundo
356 832 413 892 hoc
436 831 537 892 lacere
561 832 625 890 ausi
648 829 777 890 luissent
800 829 989 914 audientibus
1003 832 1080 892 aliis.
1113 831 1193 911 Cum
1215 838 1314 893 autem

136 932 365 1012 advesperasset
388 940 419 993 et
441 941 561 1011 tempus
585 934 695 1009 quietis
720 932 856 1016 adesset,
878 936 1035 1023 posuimus
1057 952 1114 995 nos
1130 933 1312 1007 dormitum;

135 1038 183 1097 rix
206 1043 307 1098 autem
329 1036 434 1097 oculos
451 1037 631 1106 clausimus,
655 1038 834 1113 inceperunt
849 1035 1009 1099 Sarraceni
1024 1038 1156 1097 insanire
1172 1039 1207 1097 in
1226 1037 1313 1097 domo

135 1147 165 1200 et
189 1158 257 1201 cum
281 1140 476 1209 clamoribus,
501 1138 637 1199 cantibus
662 1145 692 1197 et
714 1139 838 1199 musicis
862 1138 930 1218 (⁸7
949 1137 993 1216 a)
1015 1141 1229 1201 instrumentis
1253 1140 1312 1201 dis-

134 1261 256 1304 currere
280 1261 335 1322 per
351 1242 491 1313 domum;
516 1241 571 1301 sed
587 1247 617 1301 et
631 1237 919 1302 Trutschelmannus
937 1238 1175 1319 Tangwardinus
1190 1243 1313 1303 hilarior

134 1347 223 1407 solito
251 1345 349 1406 lactus
378 1348 461 1408 venit
494 1363 562 1405 cum
594 1345 774 1413 luminibus,
807 1343 923 1404 ducens
946 1362 1052 1404 secum
1074 1344 1178 1405 ambas
1203 1364 1311 1406 uxores

133 1466 203 1509 suas
227 1449 264 1508 ad
287 1447 480 1510 commodum
502 1452 654 1515 nostrum,
688 1448 718 1505 in
742 1463 801 1524 quo
824 1448 855 1506 in
873 1445 996 1506 lectulis
1014 1445 1185 1524 jacuimus,
1219 1456 1249 1508 et
1273 1449 1313 1509 ibi

134 1568 236 1609 coram
266 1550 353 1609 nobis
388 1531 578 1611 chorizahant
608 1556 638 1608 et
666 1566 700 1608 se
731 1551 761 1607 in
783 1549 904 1609 lascivis
927 1551 1111 1610 ornamentis
1134 1552 1201 1610 suis
1225 1550 1312 1611 nobis

133 1652 336 1721 ostentabant,
360 1651 530 1713 arridebant
552 1657 582 1710 et
605 1667 689 1712 more
711 1651 893 1713 daemonum
912 1655 1093 1713 tentationes
1117 1655 1220 1714 carnis
1246 1655 1311 1714 suis

133 1754 355 1830 precationibus
389 1754 474 1814 nobis
509 1755 662 1814 concitare
696 1755 888 1831 satagebant,
920 1754 1071 1815 foeminae
1105 1757 1190 1815 enim
1226 1763 1314 1818 erant

133 1857 175 1915 ita
197 1857 381 1933 petulantes,
405 1859 431 1916 si
454 1875 514 1917 non
537 1851 711 1917 timuissent
724 1855 987 1934 Tanguardinum,
1011 1876 1069 1918 non
1091 1857 1214 1930 dubito,
1239 1864 1313 1939 quin

133 1959 230 2017 omnis
259 1959 460 2020 verecundiae
491 1957 600 2019 oblitae
632 1958 762 2037 aliquam
790 1958 1014 2021 inhonestatem
1036 1966 1067 2020 et
1088 1962 1314 2038 turpitudinem

133 2062 339 2121 exercuissent
362 2064 393 2121 in
415 2064 528 2122 nostris
552 2062 773 2139 conspectibus.
821 2061 872 2121 Sic
895 2079 966 2140 ergo
989 2080 1063 2122 norv
1079 2063 1129 2124 illa
1159 2069 1311 2129 transivit,

218 2162 321 2224 Tertio
344 2163 462 2225 decimo
486 2164 535 2225 die
564 2181 652 2224 mane
675 2169 823 2224 venerunt
846 2160 1010 2224 Mamaluci
1030 2161 1163 2243 Hungari
1198 2174 1230 2227 et
1254 2189 1312 2231 nos

132 2265 169 2326 de
192 2269 280 2327 tortia
302 2268 447 2328 societate
471 2266 734 2327 circumduxerunt
763 2285 818 2345 per
849 2269 930 2327 varia
959 2265 1041 2338 loca,
1075 2264 1113 2327 de
1144 2271 1258 2346 quibus
1280 2275 1311 2333 in

131 2371 263 2447 generali
286 2371 422 2430 omnium
444 2368 700 2430 circumductione
724 2368 837 2439 dicam,
861 2375 892 2430 et
914 2368 951 2429 ad
973 2369 1132 2450 prandium
1145 2372 1178 2431 in
1193 2377 1311 2435 curiam

130 2479 264 2534 nostram
297 2477 478 2535 revenimus.
524 2473 596 2533 Post
625 2471 932 2550 prandiumvolebat
963 2489 1129 2550 generosus
1164 2471 1309 2557 dominus

130 2574 240 2636 Comes
264 2575 306 2656 de,
325 2576 425 2635 Solms
449 2577 531 2636 exire
554 2578 585 2634 in
608 2569 760 2634 civitatem
783 2574 825 2634 ad·
842 2574 955 2652 aliquid
977 2573 1153 2647 emendum,
1179 2585 1211 2639 et
1234 2596 1309 2638 oon·

131 2676 212 2738 duxit
234 2695 328 2737 unum
350 2674 564 2748 Mamalucum,
600 2679 651 2755 qui
675 2695 745 2738 eum
768 2677 902 2738 duceret.
949 2677 1089 2738 Comitati
1111 2686 1182 2739 sunt
1205 2690 1309 2742 autem

130 2795 200 2838 cum
222 2785 285 2837 tros
308 2780 459 2856 peregrini
490 2780 596 2839 tertiae
629 2781 799 2849 societatis,
833 2779 949 2838 scilicet
983 2777 1123 2841 dominus
1146 2780 1313 2845 Heinricus

131 2876 168 2938 de
191 2878 392 2955 Sohomberg‚
422 2879 523 2951 miles,
555 2886 586 2940 et
609 2880 747 2942 dominus
772 2881 880 2941 Petrus
903 2880 1034 2952 Velsch,‘
1065 2889 1099 2954 et⁴
1120 2901 1189 2963 ego
1207 2884 1308 2966 'irater

129 2976 219 3038 Felix.
266 2979 417 3041 Exivimus
441 3000 511 3061 ergo
535 2971 664 3055 curiam,
689 2991 719 3055 et
741 2982 929 3045 Mamalucus
953 2984 1120 3046 conductus
1136 2989 1306 3064 praecessit

129 3098 184 3140 nos
219 3097 287 3140 cum
311 3081 408 3155 iuste,
438 3090 591 3163 tamquam
624 3086 748 3160 ductor,
782 3093 937 3164 protector
966 3094 997 3148 et
1020 3087 1162 3149 defensor
1183 3095 1216 3148 et
1238 3093 1320 3154 viae.

128 3182 240 3254 iactor;
264 3200 333 3244 nam
348 3193 435 3257 tanta
457 3187 615 3248 multitudo
637 3189 792 3250 hominum
815 3197 862 3250 est
884 3189 1016 3268 undique
1038 3192 1069 3250 in
1092 3192 1182 3262 vicis,
1206 3197 1304 3272 tanta-

29 3316 35 3325 ·
129 3303 189 3363 que
213 3290 399 3367 compressio
421 3290 618 3368 populorum,
650 3298 681 3351 et
703 3275 873 3353 tammulti
897 3300 1082 3353 mercatores
1095 3298 1138 3353 'et
1159 3301 1305 3367 emtores,

128 3389 208 3465 quod
232 3398 279 3451 est
301 3397 407 3470 stupor
429 3392 532 3455 videre
561 3400 592 3453 et
624 3391 799 3457 incredibile
824 3396 945 3468 audire,
977 3414 1035 3456 nec
1070 3403 1170 3475 potest
1193 3399 1304 3478 aliquis

127 3493 168 3552 ibi
199 3495 260 3564 ire,
295 3494 350 3554 sed
382 3499 523 3557 continue
547 3489 689 3575 ,oportet¹
705 3517 774 3558 cum
804 3507 913 3579 conatu
944 3499 1066 3577 vulgum
1089 3501 1305 3563 occurrentem

126 3603 295 3672 penetrare.
343 3597 394 3657 Sic
418 3587 489 3677 ergo
506 3597 692 3659 Mamalucus
716 3604 898 3679 praecessit,
922 3601 1139 3680 condensatum
1155 3603 1305 3683 popplum

126 3696 245 3770 divisit,
275 3699 394 3759 iaciens
412 3693 507 3760 nobis'
522 3697 617 3771 viam;
651 3704 767 3762 interea
797 3705 827 3764 in
858 3705 957 3765 forum
989 3692 1143 3776 uenimus,
1175 3708 1206 3768 in
1241 3710 1304 3786 qu‘o

125 3800 246 3862 venales
278 3792 477 3863 habebantur,
492 3801 578 3864 multi
612 3804 767 3876 homines,
799 3805 928 3883 juvenes
960 3814 991 3866 et
1024 3809 1110 3886 pueri
1143 3810 1303 3889 utriusque

125 3918 229 3971 serus,
252 3905 330 3982 nigri
353 3910 383 3962 ct
407 3903 480 3975 albi,
503 3904 663 3965 ioemellae
687 3914 717 3966 et
740 3908 875 3969 masculi.
911 3910 1065 3970 Stantibus
1089 3914 1191 3992 autem
1212 3912 1302 3974 nobis

123 3993 213 4064 inillo
228 4003 293 4066 loro
309 4023 378 4066 cum
393 4006 675 4068 nostroMamalnco
693 4011 892 4072 aestimabant
906 4013 1002 4084 multi,
1020 4008 1301 4090 quodMamaluons

122 4111 225 4166 noster
239 4108 376 4169 vernales
391 4126 446 4169 nos
461 4108 586 4171 haberet
601 4117 633 4170 et
648 4108 730 4188 quod
738 4121 889 4176 mercator
898 4121 991 4187 esset,
1003 4114 1084 4177 unde
1094 4112 1182 4176 multi
1188 4132 1299 4189 ,accur-
