2902 4710
734 138 798 207 390

173 325 272 380 autern
290 336 306 379 a
322 319 422 379 littore
438 317 529 377 currit
545 313 665 387 Brenta,
690 312 798 375 lluvius
815 313 1005 377 descendens
1021 315 1059 376 de
1074 313 1189 388 Padua,
1212 318 1242 379 in
1259 333 1356 397 quem

171 440 298 494 navem,
321 423 352 482 in
375 438 434 500 qua
456 435 651 490 veneramus,
676 419 832 496 spectabili
856 420 976 498 ingenio
1000 422 1229 493 transtulerunt,
1253 429 1356 484 extra·

171 528 279 586 hentes
312 543 379 586 eam
408 525 445 585 de
469 525 543 584 mari
574 526 605 583 in
629 521 769 594 lluvium3
803 540 873 582 narn
903 541 995 603 snper
1017 523 1101 584 littus
1124 523 1207 586 lluvii
1235 527 1267 624 in
1291 525 1355 588 alto

172 630 308 692 aedilicio
330 628 432 706 ligneo
456 633 525 688 sunt
553 634 638 687 rotae
671 644 797 704 magnae
831 635 862 686 et
886 627 923 687 de
946 627 1081 689 aedilicio
1113 636 1161 689 est
1183 629 1354 692 descensus

173 733 310 811 aliqualis
333 749 430 810 usquc
455 730 492 791 ad
515 747 619 802 mare,
638 747 694 810 per
716 747 807 808 quem
823 729 1006 792 descensum
1028 733 1161 793 trabibus
1185 740 1216 793 et
1239 736 1352 795 asseri-

170 838 227 897 bus
252 843 299 896 cst
327 834 447 914 planata
479 835 525 894 via
559 840 589 893 et
612 833 784 895 vehiculum
815 834 967 912 quoddam
990 834 1103 913 grande
1132 839 1256 898 navibus
1280 858 1357 919 pro-

170 943 383 1020 portionatum.
429 936 666 998 Advenientibus
684 938 808 998 navibus
827 937 864 999 dc
881 938 1017 1000 Vcneliis
1034 938 1193 1000 dimittitur
1216 943 1246 1000 iu
1269 941 1352 1005 funi-

54 1025 56 1029 *
168 1046 224 1105 bus
248 1061 303 1121 per
325 1041 625 1102 circumvolutionem
650 1047 784 1101 rotarum
807 1040 950 1103 deorsum
975 1044 1010 1111 ab
1042 1042 1177 1104 aedilicio
1201 1044 1238 1105 ad
1254 1064 1351 1118 mare,

170 1154 202 1208 et
225 1147 338 1225 absque
362 1164 470 1225 magno
494 1146 596 1205 labore
627 1147 723 1223 gravis
754 1147 849 1207 navis
869 1146 907 1208 de
936 1149 1011 1208 mari
1040 1147 1178 1208 vehiculo
1211 1149 1362 1224 infertur,⁴

168 1254 273 1330 sicque
296 1251 469 1313 vehiculum
492 1266 562 1309 cum
585 1248 653 1308 navi
676 1244 714 1306 d'e
738 1251 815 1308 mari
845 1267 965 1311 sursmn
993 1251 1121 1313 trahitur
1143 1254 1174 1313 in
1196 1250 1351 1326 Brentam,

169 1374 226 1416 nec
248 1354 361 1414 laborat
383 1354 424 1413 ibi
447 1354 505 1414 nisi
529 1369 606 1413 unus
630 1352 737 1423 homo,
772 1355 823 1430 qui
853 1355 883 1442 in
907 1361 973 1416 rota
1006 1356 1101 1416 currit
1122 1355 1246 1417 volvens
1269 1373 1349 1419 cam.

170 1458 278 1518 Statim
294 1464 395 1518 autem
409 1458 478 1516 navi
492 1454 530 1516 de
545 1455 684 1516 vehiculo
700 1454 830 1516 Brentae
845 1457 957 1534 injecta
979 1446 1084 1519 assunt
1107 1460 1194 1536 equi,
1217 1477 1350 1537 quorum

168 1567 266 1622 tractu
289 1574 381 1620 naves
405 1577 525 1620 sursum
549 1564 651 1619 contra
675 1575 782 1636 aquam
806 1559 926 1619 trahunt
948 1576 1045 1638 usquc
1067 1563 1099 1622 in
1121 1559 1282 1634 Patavium,
1306 1565 1350 1624 si-

169 1669 220 1725 cut
242 1681 334 1725 naves
359 1663 557 1723 Colonienses
574 1661 738 1744 trahuntur
771 1679 826 1742 per
848 1681 943 1741 equos
976 1682 1097 1726 sursum
1129 1683 1184 1744 per
1206 1666 1349 1730 Rhenum

167 1785 264 1846 usque
287 1766 500 1853 Molguntiams
530 1765 584 1825 Est
606 1772 706 1826 autem
729 1764 841 1828 Breuta
864 1764 972 1828 fluvius
1004 1767 1041 1828 de
1066 1767 1192 1848 Alpibus
1216 1769 1347 1861 descen-

169 1872 244 1932 dens
268 1877 298 1930 ct
320 1868 475 1929 Patavium
498 1885 695 1946 percurrens;
731 1887 800 1932 cum
822 1888 918 1949 prope
949 1889 1031 1932 maro
1054 1875 1150 1944 venit,
1186 1892 1241 1952 per
1261 1873 1348 1937 littus

168 1972 233 2050 ejus
257 1973 295 2033 ad
317 1973 440 2050 longum
464 1973 594 2050 spatium
617 1971 763 2032 ascendit
787 1979 817 2032 et
840 1972 890 2033 diu
918 1973 1021 2036 differt
1054 1979 1227 2054 ingressum
1259 1983 1349 2058 quasi

167 2093 317 2157 quaerens
339 2075 441 2136 locum
465 2074 629 2154 effugiendi
651 2093 758 2148 mare‚.
787 2077 842 2138 scd
864 2078 986 2140 tandem
1008 2082 1067 2159 ipsi
1089 2082 1233 2154 illabitur,
1266 2086 1350 2146 sicut

167 2187 198 2242 et
237 2187 357 2242 caetera
390 2178 548 2242 llumina..
579 2178 627 2240 dd
663 2198 772 2242 navem
809 2200 881 2261 ergo
927 2192 1062 2245 nostram
1099 2185 1267 2248 resedimus
1314 2196 1348 2251 ct

165 2303 221 2364 per
250 2283 393 2345 Brentam
427 2285 472 2345 sic
504 2276 541 2345 in'
564 2290 656 2346 <nocte
698 2286 893 2349 ascendimus·
923 2293 953 2346 et
983 2288 1118 2351 sedendo
1148 2289 1347 2354 dormivimus

165 2405 263 2468 usque
287 2405 385 2451 manc.
450 2409 452 2413 ¹
634 2393 636 2396 ’

539 2691 600 2764 De
619 2653 760 2766 civitate
787 2692 965 2764 Paduana.

250 2898 437 2972 Duodecima
460 2911 508 2973 die
532 2912 570 2973 ad
584 2912 756 2974 Patavinam
779 2916 885 2976 urbem
908 2917 1045 2978 venimus
1071 2935 1159 2979 mane
1183 2920 1342 3003 ethospi·

163 3012 240 3073 tium
267 3014 355 3072 unius
379 3014 539 3076 Teutonici
568 3019 698 3096 ingressi
728 3037 778 3079 res
807 3026 926 3080 nostras
954 3021 1047 3082 viales
1081 3021 1277 3100 deposuimus
1310 3033 1344 3088 et

163 3117 261 3193 primo
284 3118 418 3176 omnium
434 3117 472 3178 ad
488 3119 518 3178 S.
535 3117 752 3199 Augustinum
776 3123 827 3183 ubi
844 3130 891 3183 est
905 3133 1070 3187 conventus
1087 3126 1341 3202 Praedicatorum

163 3221 304 3292 transivi,
328 3219 423 3282 Priori
446 3241 495 3284 me
519 3228 718 3303 praesentavi.
762 3226 948 3288 Aestimabat
964 3237 1064 3290 autem
1080 3230 1181 3302 Prior,
1204 3251 1253 3294 me
1270 3251 1341 3295 csse

163 3321 311 3384 Graecum
334 3324 473 3398 fratrem,
506 3334 630 3407 propter
652 3328 797 3408 prolixam
819 3332 958 3403 barbam,
992 3350 1083 3410 quam
1110 3336 1274 3409 habebam,
1309 3345 1341 3400 et

135 3409 142 3416 ¹
160 3429 225 3489 viso
250 3438 400 3491 conventu
416 3433 445 3491 in
461 3432 628 3512 hospitium
653 3433 690 3494 ad
706 3437 805 3495 socios
821 3435 897 3496 redii
921 3443 951 3497 et
974 3437 1098 3516 prandio
1115 3444 1216 3500 sumto
1232 3441 1341 3502 urbem

160 3533 332 3608 gyravimus
363 3540 393 3594 et
425 3552 480 3613 per
510 3536 656 3598 ccclesias
684 3542 842 3617 ‚pervagati
865 3557 969 3599 sumus
1001 3548 1032 3601 ct
1053 3543 1181 3620 insignia
1204 3540 1270 3618 ejus
1294 3545 1338 3604 ci-

158 3633 258 3694 vitatis
280 3635 427 3709 vidimus,
451 3641 529 3700 sicut
551 3643 582 3700 in
606 3640 672 3717 ejus
696 3642 900 3721 descriptione
923 3649 1016 3723 patet.
1119 3689 1126 3702 .

246 3734 385 3798 Patavina
408 3744 529 3814 civitas,
564 3762 653 3822 quam
677 3744 868 3808 Ptolemaeus
898 3741 1033 3810 nominat
1056 3748 1274 3832 Oppibergium
1306 3765 1339 3820 et

158 3854 239 3896 nuuc
261 3836 377 3911 Pauca,
401 3860 417 3901 a
440 3838 738 3909 Teutonicis'Badua
761 3849 851 3922 dicta,
884 3858 931 3912 est
952 3854 1023 3914 urbs
1046 3859 1265 3931 vetustissima,
1300 3862 1337 3921 ab

156 3936 309 3999 Antenore
332 3941 462 4019 Trojano
487 3947 606 4008 condita
630 3956 698 4010 ante
722 3951 833 4013 Christi
855 3957 1039 4018 nativitatem
1063 3961 1148 4020 annis
1172 3951 1255 4022 mille
1279 3963 1335 4027 du·

158 4044 264 4102 centis.
311 4044 370 4116 Qui
391 4046 527 4110 Antenor
560 4051 630 4112 dum
654 4065 811 4133 regnasset
841 4059 918 4136 apud
943 4058 1089 4137 Trojanos
1113 4061 1209 4124 XXIV
1240 4071 1336 4141 annis,

72 4140 78 4150 ’
157 4143 295 4208 Hectoris
317 4149 369 4211 dlii
392 4167 462 4213 cum
486 4155 661 4233 repulerunt
683 4157 722 4218 de
745 4177 853 4238 regno,
888 4164 1033 4242 quicum
1059 4165 1179 4228 duobus
1201 4170 1335 4235 millibus
