2902 4710
706 158 770 230 316

151 333 247 420 prope
262 336 382 410 Patras,
405 339 512 400 urbem
535 339 582 399 sui
604 339 758 419 martyrii,
782 343 813 400 et
836 336 949 397 multae
971 333 1081 396 flebant
1103 327 1141 395 ad
1164 348 1234 395 eum
1255 345 1328 412 pree

152 458 205 504 ces
227 449 380 520 tamquam
403 441 440 503 ad
462 448 621 520 patronum
644 443 775 520 regionis
799 440 990 520 singularem.
1074 509 1080 520 ·

239 546 389 608 Vicesima
411 546 475 617 die,
500 564 577 625 quae
601 553 648 607 est
670 546 749 607 beati
772 544 911 606 Andreae
935 544 1098 611 festivitas,
1123 546 1153 600 et
1177 545 1242 599 erat
1264 539 1327 599 Do·

153 649 264 710 minica
284 651 379 726 prima
396 648 550 710 Adventus
573 649 712 719 Domini,
736 654 886 708 transacta
909 643 1042 707 horribili
1065 649 1169 714 noete,
1193 660 1262 701 cum
1278 641 1330 701 lux

153 753 225 812 oriri
246 753 426 830 incepisset,
450 752 587 814 videntes
604 753 823 831 gubernatores
846 751 941 811 nostri
963 748 1077 808 nullam
1097 748 1176 807 aiacis
1193 746 1328 806 clemen·

152 856 224 915 tiam
249 853 355 916 adesse
377 857 481 928 nobis,
505 854 543 916 de
565 853 683 916 Maleae
706 856 829 916 victoria
853 855 1092 932 desperaverunt
1124 866 1182 910 nec
1205 850 1236 909 in
1259 850 1329 908 sinu

152 957 205 1017 illo
227 974 349 1018 manere
371 965 525 1036 poterant,
559 976 628 1018 cum
650 963 729 1018 terra
752 957 970 1035 circumjacens
992 957 1178 1033 importuosa
1210 953 1249 1011 sit
1279 949 1331 1011 vel

152 1079 259 1140 parvos
283 1069 388 1140 portus
411 1061 527 1123 habeat.
573 1060 645 1121 ldeo
678 1062 793 1123 eversis
827 1061 903 1122 velis
926 1061 1026 1121 ventis
1048 1057 1177 1119 classem
1201 1056 1328 1116 commi-

152 1172 270 1239 serunt,
305 1175 337 1228 et
368 1169 541 1246 importuna
573 1165 727 1226 celeritate
759 1165 890 1226 classem
919 1167 1083 1243 rapuerunt
1115 1175 1243 1237 eamque
1273 1174 1330 1236 per

80 1268 83 1277 “
152 1270 293 1349 scopulos
318 1278 349 1331 et
371 1289 453 1332 mare
477 1276 670 1331 montuosum
701 1271 732 1330 in
763 1269 876 1331 insulas
901 1266 1063 1346 Cycladum
1088 1265 1328 1342 reportaverunt.

239 1372 332 1435 Porro
355 1372 464 1435 multas
487 1374 600 1434 insulas
621 1374 884 1451 pertransivimus,
908 1388 986 1448 quae
1001 1372 1208 1447 importuosae
1233 1370 1329 1434 crant,

125 1474 184 1536 “et
207 1473 244 1534 ad
267 1476 418 1553 quandam
442 1478 527 1554 quasi
550 1476 588 1536 de
612 1478 753 1536 extremis
771 1483 875 1536 contra
890 1476 1061 1553 aquilonem
1076 1471 1214 1542 insulam,
1237 1486 1330 1547 quam

151 1578 287 1639 sciebant
308 1586 429 1657 portum
452 1597 595 1659 capacem
619 1586 650 1641 ct
673 1598 814 1640 securum
837 1580 963 1650 babere,
986 1595 1093 1639 navem
1113 1592 1235 1635 currere
1257 1591 1329 1652 per·

152 1682 320 1742 mittebant.
351 1680 489 1743 Fecimus
513 1688 615 1744 autem
637 1684 668 1742 in
692 1684 825 1760 quinque
847 1682 930 1743 boris
945 1687 1059 1742 tantam
1074 1682 1162 1750 viam,
1186 1682 1331 1755 quantam

152 1791 370 1863 non-expertus
394 1788 485 1847 maris
509 1786 695 1847 celeritatem
720 1786 845 1847 credere
875 1805 935 1847 non
958 1786 1056 1856 valet,
1092 1790 1123 1842 et
1145 1781 1182 1843 ad
1205 1780 1331 1858 longum

152 1890 398 1958 retrocessimus,
423 1895 454 1949 et
476 1891 502 1949 si
525 1895 648 1951 ventum
670 1892 768 1950 secuti
790 1890 963 1962 iuissemus,
987 1887 1137 1966 deportati
1163 1884 1329 1944 fuissemus

152 2007 250 2068 usque
272 1993 302 2050 in
316 1989 478 2070 Lempnos,
501 1993 630 2053 insulam
646 1991 741 2071 Aegei
764 1996 854 2055 maris
878 2000 984 2053 eontra
998 1978 1167 2060 Thraciam,
1190 1990 1330 2064 inquam

152 2093 282 2153 insulam
305 2093 440 2171 dejectus
463 2096 518 2156 fuit
542 2096 703 2158 Vulcanus.
749 2096 860 2157 Dicunt
893 2098 974 2156 enim
997 2094 1166 2156 Vulcanum
1188 2090 1271 2151 lovis
1298 2094 1331 2149 ot

152 2195 278 2259 lunonis
302 2215 371 2260 esse
395 2199 505 2272 iilium;
529 2201 593 2273 bic,
617 2219 653 2261 eo
677 2200 757 2280 quod
781 2199 904 2262 claudus
928 2206 958 2260 et
975 2199 1117 2260 deformis
1141 2201 1214 2264 erat,
1237 2210 1331 2271 quam

154 2304 212 2363 cito
236 2309 323 2365 natus
347 2310 402 2374 est,
427 2322 443 2364 a
467 2305 641 2383 parentibus
664 2306 694 2365 in
717 2303 853 2365 Lemnon
876 2304 1005 2365 insulam
1029 2308 1076 2364 est
1099 2299 1245 2377 dejectus.
1276 2296 1332 2357 Est

153 2414 254 2467 autem
277 2409 374 2468 insula
396 2408 535 2486 grandis,
559 2407 614 2469 sed
637 2411 725 2487 pauoi
740 2426 808 2470 eam
823 2409 1002 2478 inhabitant,
1025 2413 1090 2467 tum
1104 2408 1229 2482 propter
1243 2399 1330 2479 laby-

152 2510 302 2582 rinthum,
326 2513 376 2589 qui
398 2513 439 2572 ibi
463 2518 524 2582 est,
548 2531 626 2573 unus
642 2512 679 2572 de
696 2519 840 2590 quatuor,
865 2518 898 2572 ut
913 2528 1003 2589 supra
1021 2509 1082 2569 iol.
1097 2503 1158 2572 159
1175 2500 1329 2591 (182α),

151 2609 370 2692 tum'propter
400 2613 524 2678 fulmina
547 2614 732 2693 frequentia,
768 2631 846 2692 quae
876 2616 907 2673 in
940 2606 1036 2691 ipsam
1071 2610 1189 2671 cadunt.
1235 2606 1330 2669 Porro

153 2714 303 2776 Vulcanus
325 2719 455 2778 nutritus
485 2723 532 2778 est
555 2737 571 2778 a
595 2720 705 2789 simiis,
740 2736 817 2796 quae
846 2717 929 2778 solae
963 2714 1093 2777 insulam
1116 2713 1330 2783 inhabitabant,

66 2877 70 2884 .
153 2825 183 2879 et
207 2819 310 2880 didioit
333 2827 426 2882 artem
450 2821 614 2883 fabricandi
636 2824 667 2882 in
690 2821 836 2892 metallis,
859 2819 940 2881 unde
955 2819 1038 2880 faber
1053 2818 1134 2880 Jovis
1151 2816 1249 2878 dictus
1273 2821 1330 2888 est,

153 2927 184 2982 et
206 2921 344 2983 officinae
374 2923 441 3001 ejus
470 2932 538 2986 sunt
570 2924 649 3005 apud
671 2923 810 3004 Liparam
838 2932 868 2985 et
896 2924 1056 2986 Vulcanias
1089 2922 1217 2992 insulas,
1251 2937 1331 2999 quae

153 3024 226 3086 alias
249 3024 361 3087 Acolae
384 3029 499 3089 insulae
523 3028 679 3100 dicuntur,
713 3031 744 3089 in
777 3028 884 3106 quibus
917 3026 1031 3088 sedens
1055 3045 1124 3088 cum
1148 3025 1329 3104 Cyclopibus

152 3127 276 3190 fabricat
299 3129 432 3193 fulmina.

237 3233 331 3313 Igitur
353 3245 421 3316 post
444 3238 567 3317 longum
590 3240 756 3300 insularum
778 3237 940 3299 decursum
963 3238 992 3297 in
1017 3237 1155 3296 strictum
1176 3230 1330 3311 quoddam

156 3339 260 3407 canale
283 3342 459 3414 incidimus,
484 3361 539 3421 per
562 3342 643 3421 quod
667 3350 753 3404 caute
777 3347 969 3403 transeuntes
992 3342 1021 3399 in
1036 3339 1131 3399 latum
1155 3344 1185 3398 et
1207 3342 1331 3415 portum

152 3461 296 3522 capacem
318 3450 472 3521 venimus,
495 3447 690 3527 profundum,
722 3448 916 3526 tranquillum
946 3451 977 3505 et
999 3461 1156 3513 securum,
1186 3457 1330 3519 promon-

151 3550 236 3607 toriis
260 3549 413 3612 altissimis
436 3553 569 3633 undique
594 3553 781 3614 conclusum.
827 3551 941 3613 Tantus
973 3552 1054 3611 enim
1080 3554 1128 3609 esi
1150 3551 1255 3626 portus
1278 3545 1331 3605 ille

151 3653 181 3711 in
205 3656 427 3731 magnitudine,
463 3659 544 3736 quod
573 3659 655 3719 mille
684 3661 806 3720 navium
828 3674 1004 3736 magnarum
1035 3670 1128 3733 capax
1149 3650 1214 3710 fuit.
1260 3649 1331 3710 Non

151 3754 210 3814 vidi
232 3774 288 3834 per
320 3777 403 3820 mare
431 3767 492 3821 tam
525 3763 689 3823 notabilem
721 3770 857 3841 portum,
890 3781 950 3822 non
981 3744 1242 3820 humanostudio
1274 3752 1331 3814 sed

152 3857 222 3918 almi
244 3861 359 3939 opificis
390 3865 539 3942 sapientia
569 3866 606 3926 ab
636 3867 721 3926 initio
746 3866 899 3927 conditum
928 3883 983 3945 pro
1012 3864 1133 3924 navium
1156 3857 1274 3937 refugio
1299 3864 1332 3918 et

153 3967 391 4026 conservatione.

237 4068 336 4130 insula
360 4077 477 4143 autem,
497 4071 581 4148 juxta
604 4080 821 4152 quamportus
838 4073 888 4135 ille
912 4078 975 4143 est,
1001 4069 1205 4133 diciturMilo.
1236 4068 1332 4130 Porro

152 4169 222 4234 dum
252 4193 308 4253 per
337 4177 440 4238 canale
453 4160 584 4257 ‘portum
607 4179 822 4252 intrassemus,
854 4178 984 4242 vidimus
1014 4179 1055 4240 ibi
1085 4181 1166 4238 stare
1200 4180 1333 4256 quatuor
