2874 4770
793 129 860 201 336

239 321 273 378 et
292 316 324 376 in
346 312 396 375 illa
417 313 589 390 importuna
609 308 783 372 admotione
804 310 933 388 impegit
950 304 1198 387 gubemaculnm
1224 312 1351 369 nostrae
1373 324 1417 386 ga-

239 421 306 481 leae
327 421 358 481 in
379 433 487 495 rupem
510 415 566 476 sub
598 417 684 493 aquis
713 421 745 473 et
773 413 905 474 tractum
925 412 996 482 luit,
1026 415 1057 472 in
1080 409 1150 487 ejus
1176 418 1285 472 autem
1308 417 1416 490 ruptura

238 530 340 585 tantus
362 522 461 600 fragor
482 526 513 580 el
536 521 682 598 strepitus
703 519 853 588 insonuit,
876 515 958 595 qnod
979 514 1053 576 nihil
1077 515 1164 577 alind
1187 517 1251 577 nisi
1274 517 1416 577 interitum

239 627 475 704 suspicabamur.
521 623 556 685 ln
578 623 628 684 illa
651 629 740 684 nocte
761 621 875 683 fuimus
905 623 937 682 in
958 619 1066 697 majori
1094 622 1255 699 periculo,
1292 622 1416 700 quamsi

237 730 401 792 fuissemus
422 733 455 791 in
478 729 579 791 medio
602 729 694 789 maris
715 745 807 789 sacra
828 732 1024 806 tempestate;
1048 726 1219 804 praecipue
1243 732 1351 787 lamen
1370 743 1415 804 ego

239 853 309 898 cum
330 836 416 895 socio
438 851 526 905 meo,
549 835 601 912 qni
623 850 746 895 eramus
768 839 850 892 retro
871 834 902 892 in
925 830 1132 913 penetralibus
1157 831 1287 910 galeae,
1319 831 1414 892 [nisu-

237 957 306 1002 mus
328 937 438 1018 perditi
469 940 501 998 in
523 955 648 999 omnem
675 945 798 1000 rentum
821 934 920 1015 (189
935 931 989 1013 a).
1034 932 1068 995 ln
1100 933 1209 1012 patulo
1241 937 1328 996 enirn
1357 952 1414 996 snas

238 1045 363 1105 cumbas
384 1041 532 1104 habentes
556 1042 692 1121 periculo
712 1043 891 1102 imminente
906 1039 1011 1118 lugere
1033 1044 1165 1117 possunt
1189 1045 1222 1100 ct
1246 1041 1280 1099 in
1303 1046 1414 1120 ruptura

237 1150 322 1211 naris
350 1147 399 1208 sel
422 1147 453 1206 in
475 1147 685 1207 submersione
708 1143 837 1206 eradere
860 1149 988 1223 possunt
1010 1144 1041 1203 in
1061 1141 1197 1221 scaphas
1231 1142 1286 1204 vel
1320 1161 1412 1224 appre

236 1251 370 1314 bendere
392 1250 539 1330 lagenam,
562 1251 689 1322 brittam,
712 1266 864 1321 asserem,
887 1266 1025 1309 mensam
1048 1255 1080 1308 et
1095 1246 1215 1325 aliquid
1228 1246 1326 1326 hujus
1342 1245 1411 1308 modi

237 1362 450 1435 supernatans,
474 1357 552 1416 sicut
575 1355 688 1415 iecisse
710 1360 742 1415 et
763 1354 898 1413 evasisse
921 1353 1049 1430 legimus
1071 1349 1234 1429 Ulyssem,
1262 1351 1317 1430 qui
1339 1359 1412 1430 rupta

236 1478 312 1523 nave
335 1459 534 1540 apprehendit
567 1458 679 1520 malum
707 1465 738 1518 ct
760 1457 859 1518 nudus
880 1458 912 1517 in
934 1474 971 1517 eo
994 1453 1141 1534 pependit
1164 1472 1284 1516 norem
1320 1455 1412 1518 diebus

235 1563 398 1625 hincinde
420 1581 475 1643 per
497 1561 607 1625 fluctus
630 1564 773 1641 agitatus,
797 1568 828 1620 et
851 1559 973 1621 demum
995 1561 1027 1618 iu
1043 1557 1214 1637 Cycladum
1228 1559 1350 1620 insulas
1369 1557 1411 1618 dc-

231 1665 334 1745 jectus
357 1670 386 1729 in
409 1667 478 1728 Deli
500 1675 588 1748 portu
619 1673 732 1728 terram
763 1663 971 1745 apprehendit.
1015 1661 1080 1724 Sed
1110 1663 1163 1740 qui
1185 1664 1275 1724 intus
1299 1663 1410 1725 suntin

236 1773 393 1842 oneribus,
415 1773 446 1831 in
469 1770 521 1832 tali
544 1788 616 1832 casu
640 1770 750 1850 perditi
772 1778 853 1832 suut.

321 1875 378 1936 Die
401 1874 518 1939 decima
541 1877 643 1953 quinta
665 1891 755 1935 mane
787 1875 888 1934 statim
915 1874 946 1933 in
980 1873 1111 1951 scaphas
1137 1869 1361 1934 descendimus
1386 1877 1409 1932 et

233 1981 264 2041 in
288 1980 439 2040 civitatem
459 1981 593 2057 regressi
616 1997 734 2051 sumus,
768 1981 917 2050 scientes,
939 1995 1048 2041 navem
1069 1994 1131 2038 non
1152 1995 1251 2055 posse
1276 1976 1408 2039 recedere

235 2080 298 2163 (oh)
321 2084 452 2143 temonis
475 2083 710 2161 reparationem,
735 2084 787 2160 qui
802 2083 858 2142 hac
882 2081 989 2144 uievix
1003 2083 1135 2160 reparari
1148 2084 1262 2159 potuit.
1295 2082 1409 2145 Missam

234 2204 306 2267 ergo
329 2185 498 2248 audivimus
521 2193 551 2247 et
573 2188 604 2247 in
628 2193 764 2248 nostrum
788 2187 952 2266 hospitium
974 2187 1105 2264 regressi
1128 2185 1169 2245 ibi
1194 2189 1407 2264 pransisumus‚

233 2297 304 2372 post
326 2289 484 2369 prandium
507 2289 544 2351 ad
569 2289 668 2351 lorum
690 2292 884 2352 transivimus
907 2296 939 2350 et
963 2290 1075 2351 multos
1090 2288 1211 2350 Turcos
1227 2294 1408 2372 negotiantes

234 2413 304 2458 cum
321 2395 498 2457 Christianis
521 2397 561 2458 ibi
585 2393 724 2456 vidimus.
755 2396 833 2456 Sunt
854 2397 936 2455 euim
951 2394 1042 2456 Turci
1065 2395 1155 2456 vicini
1171 2391 1406 2462 Metoneusibus,

232 2502 368 2563 nutriunt
390 2506 492 2561 autern
515 2498 606 2560 Turci
634 2517 743 2578 porcos
775 2506 806 2561 et
827 2501 1017 2579 impinguant
1049 2517 1102 2559 eos
1137 2505 1169 2559 et
1200 2501 1233 2560 in
1257 2499 1404 2562 Metonau

233 2603 346 2666 ducunt
363 2603 538 2666 Christianis
553 2602 745 2675 vendendos,
770 2605 840 2682 quia
862 2605 920 2683 ipsi
938 2605 1078 2665 carnibus
1101 2605 1236 2682 porcinis
1260 2624 1325 2667 uon
1347 2621 1403 2665 ves·

233 2714 350 2780 cuntur,
373 2709 452 2768 sicul
474 2707 599 2779 Judaei;
627 2714 658 2768 et
680 2710 843 2787 praecipue
868 2706 987 2786 quando
1009 2709 1181 2787 percipiunt
1205 2706 1341 2769 classem
1361 2705 1402 2768 ad·

232 2813 368 2883 venisse,
391 2819 464 2873 tunc
487 2829 556 2872 cum
579 2811 720 2891 gregibus
742 2830 904 2890 porcorum
927 2812 965 2874 ad
986 2810 1142 2874 Metouarn
1163 2814 1308 2885 veniunt,
1332 2813 1401 2874 etin

231 2921 294 2974 tarn
316 2915 395 2974 bono
418 2914 484 2976 loro
506 2923 591 2989 suut,
625 2916 708 2996 quod
737 2916 834 2978 levius
868 2935 958 2996 quam
988 2936 1043 2996 pro
1073 2934 1134 2976 uno
1166 2916 1329 2989 marcello,
1360 2913 1402 2994 qui

231 3016 302 3077 facit
325 3016 402 3078 duos
432 3019 575 3092 boimos,
610 3028 713 3101 potest
743 3023 810 3100 quis
842 3039 945 3083 emere
978 3025 1147 3101 saginatum
1181 3041 1323 3100 porcum.
1364 3019 1401 3080 llli

230 3128 332 3183 autem
359 3121 397 3183 de
420 3124 513 3202 galeis
536 3133 674 3186 ementes
696 3126 838 3187 occidunt
868 3134 899 3187 et
921 3129 990 3205 igue
1014 3126 1148 3205 depilant
1170 3131 1202 3185 ct
1226 3136 1319 3205 capnt
1340 3142 1401 3187 cum

229 3226 381 3288 intestinis
411 3226 553 3304 abjiciunt
585 3236 617 3289 et
645 3247 770 3291 carnosa
793 3229 935 3290 excidunt
968 3237 999 3290 et
1032 3247 1101 3289 ossa
1135 3228 1281 3305 ejiciunt,
1312 3229 1401 3291 solum

230 3329 348 3394 lardum
371 3338 577 3403 reservantes,
609 3339 641 3394 et
673 3351 796 3395 omnem
826 3333 1040 3413 pinguedinem
1073 3332 1203 3394 duorum
1237 3336 1288 3395 vel
1320 3336 1401 3395 trium

230 3454 392 3517 porcorum
414 3438 446 3497 in
470 3454 580 3516 corpus
601 3444 780 3499 evacuatum
803 3437 891 3497 unius
913 3439 997 3515 porci
1019 3437 1176 3499 intrudunt
1199 3445 1232 3499 et
1257 3457 1314 3500 acu
1334 3456 1400 3500 ven·

228 3547 306 3602 trem
329 3546 478 3602 consuunt
499 3540 624 3603 tirmiter
659 3550 690 3605 et
711 3545 752 3603 ita
785 3544 815 3602 in
848 3543 950 3619 galeas
981 3548 1101 3622 portant
1128 3550 1160 3603 et
1183 3542 1330 3606 Venetias
1350 3543 1400 3605 du-

229 3650 302 3703 cunt
329 3645 360 3702 iu
390 3642 497 3705 domos
526 3661 596 3705 suas
629 3647 678 3708 vel
700 3645 844 3723 vendunt.
891 3644 1006 3718 Credo,
1037 3646 1118 3725 quod
1149 3647 1264 3708 inillis
1290 3647 1399 3715 diebus,

229 3745 337 3822 quibus
359 3742 500 3809 Metonae
524 3752 705 3824 mansimus,
740 3751 818 3812 ultra
848 3768 900 3811 scr
931 3751 1023 3811 millia
1047 3769 1206 3829 porcorum
1230 3753 1354 3814 inerunt
1373 3752 1399 3810 in

228 3847 329 3927 galeas
352 3853 478 3929 portati,
501 3855 570 3931 quia
594 3872 700 3916 omnes
723 3857 826 3934 galeae
842 3855 976 3934 repletae
1000 3857 1108 3915 occisis
1132 3831 1234 3933 porcis
1257 3864 1351 3929 eraut,
1373 3861 1399 3916 et

227 3951 352 4028 quilibet
374 3971 484 4032 porcus
516 3957 605 4019 inse
629 3966 692 4019 tres
720 3967 770 4020 aut
793 3965 922 4039 quatuor
943 3977 1052 4038 porcos
1076 3960 1262 4032 continebat,
1299 3963 1398 4023 civitas

227 4056 309 4116 enim
331 4055 497 4119 Venetiana
527 4056 645 4121 lardum
677 4065 709 4119 et
738 4062 896 4140 porcinam
927 4061 1143 4141 pinguedinem
1175 4063 1212 4124 ab
1245 4064 1305 4125 hoo
1333 4065 1397 4125 loco
