2902 4710
642 143 648 159 ‘
743 166 793 238 to

178 355 209 411 et
232 364 359 409 morsus.
374 352 609 415 venenatorum
642 365 775 426 corpora.
791 352 980 418 mortuorum
1003 345 1121 421 integra
1145 351 1305 406 conservat
1326 353 1358 407 et

179 451 256 514 odor
277 448 344 527 ejus
367 447 559 511 dulcissimus
575 448 712 509 omnibus
726 447 867 527 prodest,
892 449 942 527 qui
965 447 1061 524 magis
1076 444 1198 508 videtur
1212 448 1357 509 coelestis

180 571 271 636 quam
293 555 455 615 terrestris.
502 552 539 612 Et
561 552 631 629 quia
654 551 843 612 carissimum
865 558 913 611 est
934 550 993 611 hoo
1014 547 1195 621 balsamum,
1222 566 1289 610 raro
1311 551 1357 610 in·

179 659 300 719 venitur
321 673 430 735 purum
454 653 526 737 (⁸0
541 650 595 732 a).
642 652 772 725 Quidam
803 655 885 714 enim
908 650 1043 714 vendunt
1064 668 1120 728 pro
1143 669 1181 711 eo
1203 651 1362 713 therebin·

106 738 111 746 ⁸
181 759 286 820 theum
308 758 424 829 oleum3
449 755 570 834 quidam
591 755 816 822 therebinthum
839 757 868 815 ei
890 754 1075 825 admiscent;
1100 752 1149 813 alii
1172 754 1274 815 oleum
1288 773 1358 816 nar·

181 859 284 921 ffluum
306 859 473 920 admiscent
494 857 735 919 therebinthino..
775 857 909 921 Diversis
932 858 1013 918 enim
1043 855 1141 918 modis
1165 855 1359 929 adulteratur,
1405 928 1407 932 ¹

182 969 260 1023 nam‘
275 962 399 1022 seminis
423 963 469 1023 sui
492 977 584 1022 succo
600 959 721 1020 vitiatur
737 966 768 1020 et
782 958 849 1020 oleo
866 976 953 1021 rosae
970 960 1069 1038 cypri,
1092 959 1228 1031 lentisci,
1250 958 1359 1032 balani,

179 1064 375 1136 therebinthi,
399 1064 503 1143 myrti,
526 1065 644 1133 resina,
674 1061 821 1140 galbano,
852 1080 922 1125 cera
944 1071 975 1123 et
998 1064 1126 1123 caeteris
1148 1065 1237 1124 variis
1260 1063 1359 1125 modis

179 1168 278 1228 bisin
300 1168 390 1228 terris
413 1167 552 1238 vitiatur,
582 1167 614 1227 in
637 1165 724 1226 coelo
745 1183 818 1229 vero
840 1185 950 1247 pumm
973 1167 1046 1236 erit;
1079 1164 1117 1225 de
1140 1168 1253 1227 sanctis
1277 1168 1359 1231 enim

182 1272 264 1333 canit
286 1270 438 1331 eeclesiae
457 1262 561 1335 Sanffli
583 1270 643 1341 tui,
666 1269 812 1342 Domine,
835 1268 986 1332 florebunt
1008 1270 1087 1329 sicut
1108 1268 1205 1330 lilium
1227 1276 1258 1330 et
1281 1269 1360 1332 sicut

179 1374 256 1437 odor
276 1374 402 1437 balsami
426 1379 516 1434 eruut
538 1378 612 1432 ante·
631 1369 685 1431 Te.
716 1372 762 1433 De
777 1374 931 1453 Sapientia
946 1378 1070 1434 aeterna
1086 1380 1117 1433 et
1132 1371 1170 1432 de
1185 1373 1359 1436 beatissima

180 1478 306 1558 Virgine
328 1476 424 1539 Maria
446 1478 528 1538 canit
549 1475 665 1536 Eccles.
689 1470 759 1538 38.;
783 1477 870 1538 Sicut
891 1478 1116 1536 cinnamomum
1139 1481 1171 1535 et
1191 1476 1359 1538 balsamum

181 1583 382 1643 aromatizans
405 1580 530 1641 odorem
552 1577 632 1640 dedi.
677 1576 714 1638 Et
735 1581 846 1641 iterum
861 1578 989 1640 ibidem:
1013 1578 1098 1640 Sicut
1113 1578 1281 1642 balsamum
1298 1579 1374 1643 non'

180 1684 306 1745 mixtum
329 1682 405 1743 odor
428 1699 527 1743 meus.
607 1695 609 1698 ⁴

268 1786 313 1846 lle
335 1785 469 1848 balsamo
492 1793 620 1848 veroet
641 1787 767 1866 probato
792 1786 883 1864 aliqui
899 1784 936 1847 de
953 1789 1029 1848 meis
1047 1785 1175 1847 dominis
1192 1789 1359 1865 peregrinis

182 1895 323 1952 ememnt
345 1895 376 1950 et
398 1878 584 1968 principibus
608 1896 707 1977 terrae
725 1895 852 1975 *nostrae
868 1891 1118 1968 propinaverunt,
1143 1906 1246 1950 coram
1262 1892 1358 1952 omni·

180 1992 237 2054 bus
268 1992 500 2070 comprobantes
534 1992 683 2071 aliquibus
721 1990 817 2052 modis
852 1990 1025 2070 praedictis.
1078 1991 1129 2052 Sic
1159 1991 1215 2053 luit
1245 1993 1361 2056 factum

183 2110 284 2155 eoram
306 2083 477 2155 Archiduce
499 2094 639 2158 lustriae
655 2094 848 2174 Sigismundo
868 2096 899 2155 in
915 2093 1060 2175 lnspmgg
1084 2100 1116 2155 et
1136 2094 1360 2157 conmarcui-

181 2200 325 2277 episcopo
349 2195 532 2277 Moguntino
555 2205 587 2259 et
610 2214 711 2259 coram
727 2197 846 2259 domina
863 2244 869 2257 .
887 2242 895 2258 .
913 2243 920 2258 .
937 2199 1042 2260 relicta
1058 2198 1150 2258 Ducis
1166 2196 1360 2278 Burgundiae
1437 2197 1440 2200 ⁴

182 2299 290 2363 Caroli.
335 2291 373 2361 Et
396 2306 513 2381 tantum
535 2301 656 2363 deillo.

183 2602 411 2701 Deingressu
424 2602 688 2690 peregrinorum
707 2603 743 2672 in
762 2602 943 2690 Cabirum,
972 2603 1149 2675 civitatem
1176 2602 1362 2674 maximam

532 2719 534 2723 ’
635 2723 742 2795 totius
768 2722 898 2793 mundi.

272 2924 388 2987 Octavo
412 2924 461 2985 die
485 2914 642 2997 Octobris,
675 2922 748 2985 dum
770 2942 829 2986 nor
858 2924 1046 3003 praecedens
1076 2940 1146 2985 eum
1179 2921 1362 2996 advenisset,

184 3030 374 3091 oneravimus
402 3028 535 3089 camelos
551 3029 650 3089 'nobis
680 3027 717 3111 de
749 3027 857 3089 Cabiro
888 3026 1033 3090 adductos
1064 3034 1199 3098 nostros,
1233 3044 1363 3105 quorum

183 3151 275 3195 usum
297 3149 313 3192 a
334 3131 505 3193 Jerusalem
526 3130 700 3203 habuimus,
732 3130 922 3193 ascendimus
954 3138 985 3192 et
1013 3122 1367 3209 praecedentem'irut-

183 3236 412 3299 schelmannum
435 3237 533 3295 secuti
557 3252 677 3306 sumus,
711 3215 904 3314 egredientes
927 3234 965 3295 de
987 3232 1102 3294 busiris
1126 3236 1157 3295 in
1180 3232 1362 3312 crepusculo

185 3342 336 3412 serotino,
366 3346 399 3400 ut
429 3340 460 3399 in
488 3338 620 3398 tenebris
650 3337 879 3421 ingrederemur
902 3338 1042 3425 Cabirum
1072 3343 1196 3417 propter
1216 3335 1364 3396 insultum

185 3444 341 3505 hominum
363 3440 535 3514 vitandum3
566 3438 742 3502 nonenim
771 3445 976 3519 potuissemus
1009 3441 1087 3501 clara
1119 3440 1188 3501 luce
1210 3440 1268 3499 nisi
1292 3456 1365 3499 cum

186 3548 288 3607 multis
311 3547 557 3627 percussionibus
580 3551 611 3605 et
631 3531 836 3606 vexationibus
861 3546 1007 3625 populum
1029 3552 1199 3625 penetrare.
1235 3541 1363 3604 Assum·
1439 3544 1444 3553 ‘

187 3650 281 3710 simus
305 3657 407 3710 autem
428 3649 587 3710 nobiseum
610 3646 747 3708 Calinum
770 3647 927 3710 ductorem
950 3657 1088 3710 nostrum
1117 3666 1173 3728 per
1196 3647 1363 3719 desertum,

186 3749 274 3826 cujus
296 3752 495 3810 ministerium
518 3752 610 3811 etiam
632 3748 791 3828 impletum
814 3759 893 3824 erat,
922 3759 954 3812 et
985 3753 1129 3813 asinarios
1159 3759 1297 3822 nostros,
1332 3758 1365 3812 et

188 3870 266 3914 nova
297 3853 394 3931 pretia
424 3855 468 3914 eis
499 3855 724 3927 constituimus,
765 3861 799 3916 ut
814 3863 988 3917 manerent
1017 3856 1175 3917 nobiscum
1207 3873 1304 3935 usque
1331 3855 1364 3915 in

189 3954 338 4017 Cabirum
384 3956 504 4036 Egressi
527 3963 627 4032 autem
641 3957 771 4020 Busirim
795 3959 953 4021 habuimus
978 3959 1016 4022 ad
1032 3961 1184 4021 sinistram
1199 3958 1363 4031 desertum,

189 4057 263 4121 solis
285 4059 439 4123 ardoribus
461 4068 572 4122 terram
595 4060 747 4135 adustam,
770 4063 906 4123 sterilem
929 4069 960 4124 et
981 4063 1137 4135 inutilem,
1168 4061 1205 4123 ad
1228 4060 1365 4123 dextram

188 4178 263 4226 vero
292 4164 410 4238 hortos,
433 4179 545 4246 agros,
566 4167 727 4246 pomaria,
757 4165 895 4230 viridaria
924 4173 955 4226 et
986 4166 1184 4245 voluptuosos
1206 4163 1366 4248 paradisos
