2874 4770
142 338 180 403 sd
202 343 326 421 pontem
348 337 475 400 Danubii
498 336 692 408 devenimus,
718 340 819 418 ipsum
840 336 956 400 dnmon
977 340 1135 402 inundans
1157 349 1192 401 et
1215 341 1325 403 nircum

145 459 235 506 suum
258 442 408 505 excedens
431 440 571 504 vidimus.
616 440 711 503 Porro
744 443 783 503 de
816 442 951 505 dominis
977 445 1063 506 illisas
1091 454 1186 507 ortu.
1220 446 1324 508 medio.

141 560 174 617 et
195 552 254 615 boc
276 550 413 612 dicemus
434 549 467 609 in
489 546 693 626 descriptione
714 546 847 607 Suedas
869 555 902 608 et
924 546 1042 610 Ulmae.

230 654 367 733 Cumque
397 651 463 730 jam
490 653 522 712 iu
551 657 644 730 ponte
673 668 827 721 essemus,
860 651 984 730 qnidam
1016 672 1071 714 me
1103 663 1325 733 cognoscentes

142 764 283 826 iestinato
306 758 345 820 ad
367 762 549 819 conventum
582 762 783 816 cucurrerunt
809 758 979 834 praemium
1000 760 1147 836 petituri,
1181 766 1216 819 ut
1239 762 1325 819 moris

144 875 192 931 ert
213 885 267 947 pro
289 864 370 926 bono
392 863 518 932 nuntio,
540 861 676 922 sciebant
691 861 790 931 emm,
812 860 896 938 quod
910 861 1019 922 iratres
1035 865 1099 922 mei
1114 863 1326 924 desideranter

143 975 353 1053 exspectarent
374 964 537 1027 adrentum
559 971 590 1025 et
612 963 743 1026 reditum
758 982 879 1035 meum,
901 973 933 1025 et
948 965 1031 1044 quod
1044 969 1168 1046 primus
1182 977 1215 1027 et
1230 977 1327 1028 certus
1423 980 1426 987 ·

143 1078 265 1141 nuntius
297 1077 533 1136 irremuneratus
566 1086 627 1130 nou
660 1076 806 1130 maneret
852 1068 949 1131 Ponte
982 1075 1169 1132 transmisso
1201 1075 1328 1151 ingressi

143 1199 247 1246 sumus
269 1176 389 1248 urbem,
423 1181 455 1236 et
483 1190 580 1252 usque
611 1171 649 1233 ad
677 1181 796 1252 portam
825 1182 994 1236 conventus
1023 1179 1176 1254 equitavit
1208 1195 1328 1237 mecum

143 1302 235 1365 saepe
275 1282 373 1344 dictus
401 1276 555 1340 iohannes
582 1277 695 1339 Mulier
727 1279 829 1358 ibique
859 1278 981 1341 dcentia
1016 1289 1149 1359 accepta
1180 1284 1214 1343 iu
1244 1302 1327 1343 snam

143 1391 265 1456 domum
289 1400 427 1449 reversus
451 1389 514 1455 est,
546 1400 604 1462 ego
627 1399 699 1445 vero
721 1382 827 1444 validis
857 1384 968 1444 ictibus
990 1384 1027 1446 ad
1050 1392 1175 1464 portam
1199 1387 1325 1465 pulsari,

143 1502 177 1557 ut
199 1493 307 1557 meiius
331 1486 499 1558 audiretur,
533 1489 603 1566 quia
626 1486 735 1547 iratres
758 1488 876 1548 stabant
896 1489 929 1548 in
951 1492 1089 1569 vesperis
1112 1499 1147 1551 et
1171 1490 1233 1551 alte
1259 1509 1327 1552 can·

142 1600 259 1671 tabant,
294 1613 422 1676 quorum
444 1610 553 1654 sonum
582 1593 704 1653 vincere
735 1592 865 1654 conabar
897 1591 966 1653 lorti
994 1593 1095 1672 pulsu.
1143 1594 1202 1655 Vir
1226 1603 1327 1655 autem

141 1707 270 1787 primum
295 1704 389 1763 ictum
411 1697 562 1768 laceram,
595 1713 667 1756 ecce
692 1698 774 1758 cauis
797 1703 963 1759 conventus
993 1696 1079 1759 alluit
1109 1717 1227 1778 meque
1252 1700 1325 1761 ioris

142 1815 321 1875 existentem
345 1803 513 1884 praesensit
543 1796 656 1874 etjam
679 1820 739 1862 uon
761 1800 915 1862 latratibus
937 1802 1104 1875 iracundis,
1140 1811 1174 1865 ut
1198 1805 1325 1872 solebat,

143 1914 250 1979 adesse
275 1909 425 1990 quandam
449 1904 599 1986 prodidit,
622 1904 677 1967 sed
699 1908 836 1967 insuetos
859 1904 991 1967 ululatus
1015 1912 1047 1966 et
1061 1906 1170 1969 sibilos
1194 1909 1326 1970 laetitiae

142 2015 298 2081 emittebat
327 2010 507 2091 etpedibus
540 2029 575 2071 ac
605 2009 746 2072 dentibus
775 2017 881 2091 portae
908 2010 1023 2090 iignum
1053 2013 1203 2085 laniabat,
1243 2016 1325 2094 quasi

141 2120 302 2199 ciirluqere
326 2123 502 2187 conaretur,
527 2117 632 2194 sicque
656 2117 919 2194 impatientissime
935 2116 1086 2194 gestiebat
1099 2117 1141 2178 ad
1167 2136 1219 2179 me
1246 2121 1324 2178 exire

142 2234 173 2290 et
188 2224 318 2287 amicum
333 2220 430 2283 adhue
445 2221 577 2298 optimae
592 2220 707 2281 bestiae
718 2221 833 2298 optime
843 2222 996 2298 cognitum
1008 2224 1180 2301 suscipere.
1211 2222 1323 2302 Aperta

141 2337 242 2395 autem
266 2334 366 2409 porta,
399 2331 560 2402 autequam
591 2325 684 2384 limen
707 2325 936 2403 pertransirem,
970 2325 1091 2386 saltavit
1122 2328 1211 2387 cauis
1241 2329 1324 2405 quasi

140 2450 238 2515 usqua
254 2432 291 2495 ad
307 2432 407 2492 sinum
423 2446 540 2499 meum,
563 2434 594 2488 et
608 2427 736 2489 insolitis
752 2429 894 2499 saltibus,
918 2428 1141 2490 sibilatiouibns
1156 2448 1193 2491 ac
1210 2430 1322 2492 caudae

140 2538 353 2601 blandimentis
379 2532 526 2613 gaudebat
549 2540 580 2593 et
602 2531 792 2612 rapidissimo
821 2518 917 2594 eursu
933 2550 988 2612 per
1010 2541 1196 2595 conventum
1222 2553 1321 2596 curre-

140 2642 190 2703 bat
221 2659 289 2702 curu
313 2640 416 2710 sibilo,
449 2638 534 2716 quasi
559 2636 719 2699 adventurn
743 2640 830 2699 amici
853 2640 1001 2698 nuntians.
1050 2638 1128 2698 Cum
1152 2659 1228 2719 ergo
1253 2659 1320 2700 con·

140 2753 264 2808 veututu
287 2748 443 2824 ingressus
466 2743 610 2811 inissem,
641 2748 672 2801 et
695 2759 743 2801 me
767 2741 874 2801 adesse
897 2744 1073 2803 nunciatum
1096 2742 1209 2805 inisset
1239 2763 1321 2807 reve·

140 2848 233 2911 raudo
258 2851 401 2925 rrragistro
417 2846 558 2909 Ludwico
573 2846 687 2918 Fuchs,
711 2848 803 2925 priori
824 2852 855 2906 et
874 2848 952 2925 patri
977 2866 1045 2907 meo
1069 2850 1321 2927 singularissimo,

141 2952 265 3014 dimisso
290 2953 388 3013 olfacio
405 2956 592 3031 vespertino,
617 2955 665 3012 cui
682 2951 831 3023 adstabat,
856 2954 939 3011 ocius
957 2954 1103 3024 accurrit,
1128 2955 1241 3016 oblitus
1259 2972 1320 3035 gra·

140 3056 239 3117 vitatis
263 3064 292 3116 ct
317 3059 500 3126 senectutis,
525 3065 554 3118 et
578 3058 664 3134 quasi
686 3054 866 3116 adolescens
890 3073 945 3134 per
968 3057 1080 3129 saltus,
1111 3075 1148 3119 ao
1172 3062 1198 3120 si
1223 3063 1320 3139 ignem

140 3163 329 3240 exstinguere
353 3162 446 3223 uellet
468 3163 617 3233 iuortum,
650 3161 779 3240 prosiliit
807 3166 838 3220 et
861 3178 954 3239 super
977 3161 1089 3221 collum
1111 3181 1217 3224 meum
1242 3166 1318 3225 ceci·

140 3265 183 3329 dit
215 3274 246 3327 et
277 3269 307 3327 in
339 3266 510 3327 amicabiles
541 3267 716 3345 complexus
746 3268 806 3327 ruit
840 3282 949 3343 meque
988 3283 1060 3327 curu
1088 3273 1173 3328 tauto
1210 3267 1317 3347 gaudio

139 3374 290 3451 attacupit,
314 3388 382 3432 cum
406 3378 517 3449 quanto
541 3386 680 3430 moerore
703 3388 752 3430 me
776 3368 897 3430 dimisit.
927 3368 1062 3444 Interea,
1085 3372 1178 3433 finitis
1194 3389 1316 3450 resper-

139 3479 227 3548 tiuis,
253 3477 334 3538 verrit
359 3477 498 3554 subprior
522 3483 703 3546 conventus,
728 3482 813 3554 pater
835 3471 966 3534 Michael
981 3472 1138 3547 Breuuer,
1164 3496 1234 3537 cunr
1256 3494 1316 3536 om·
1420 3522 1430 3557 ι.

138 3580 224 3641 tribus
248 3580 340 3659 (⁸281
359 3576 402 3651 tbi
427 3578 595 3639 senioribus
629 3585 658 3638 et
678 3576 848 3654 junioribus
881 3583 912 3637 et
934 3577 1117 3639 hilarissime
1142 3599 1191 3643 mc
1215 3598 1316 3640 susce·
1423 3586 1427 3601 ¹

138 3692 247 3763 perurat
271 3694 300 3744 et
328 3705 396 3745 curru
412 3689 609 3766 processione
625 3684 734 3745 festina
751 3684 788 3746 de
805 3683 891 3744 horto
906 3702 955 3745 me
972 3682 1120 3744 duxeruut
1137 3687 1167 3744 in
1185 3685 1316 3745 chorum.

137 3785 173 3846 nd
197 3787 294 3863 rrrajus
319 3788 410 3849 altare
434 3799 502 3852 aratu
526 3792 752 3850 sanctissimum
775 3789 974 3850 eucharistiae
998 3796 1242 3853 sacramentum.
1267 3789 1316 3849 ibi·

137 3906 195 3967 que
220 3894 331 3968 pariter
353 3911 460 3952 ornnes
484 3896 625 3971 prostrati
649 3896 784 3954 oratioue
808 3893 886 3953 iacta
914 3891 1160 3952 benedictionem
1192 3893 1318 3953 iratrum

136 3991 174 4053 da
197 3996 244 4054 ria
266 3997 451 4057 venientium
476 4015 561 4058 more
585 3995 698 4058 ordinis
722 3997 889 4076 apraelato
913 3996 1026 4073 accepi.
1061 3993 1160 4055 Finita
1184 4000 1317 4057 oratione

136 4096 173 4157 ad
196 4097 297 4159 locuni
320 4100 474 4178 hospitum
497 4101 605 4162 ductus
629 4101 689 4171 lui,
712 4103 814 4180 ibique
837 4101 1013 4163 iamiliarius
1029 4098 1113 4177 ioqui
1136 4102 1317 4179 coepimus;

133 4202 328 4265 intuebantur
350 4205 433 4265 euim
455 4222 505 4273 me
527 4222 599 4266 cum
627 4203 738 4283 gaudio
768 4214 801 4267 et
821 4203 988 4276 desiderio,
1020 4220 1057 4266 ac
1083 4203 1112 4263 si
1138 4201 1182 4264 de
1210 4221 1318 4265 mouu-
