2874 4770
686 195 844 280 tat·

131 396 198 444 mm
229 381 362 462 primunr
391 376 559 458 appellatur
580 374 706 449 Phison,
740 377 855 459 quiret
884 375 1020 457 Gangos;
1053 377 1104 455 qni
1134 376 1306 437 univemam

133 486 239 546 circuit
247 482 371 554 lndiam,
386 500 492 544 secum
507 481 628 542 trahens
640 497 746 566 arenas
762 497 867 540 aureas
884 485 914 540 ct
929 480 1161 563 interpretantur
1175 484 1306 550 caterva,

133 608 184 660 eo,
208 587 290 666 quod
312 583 340 645 ll
362 584 486 647 flumina
509 586 643 664 recipiat.
675 582 835 672 Secundus
857 581 960 654 Geon,
983 585 1079 662 quiet
1094 583 1189 654 Nilus,
1212 583 1305 644 totius
1394 567 1397 573 ¹

132 693 210 754 orbis
226 690 335 753 fluvius
349 691 511 757 maximus,
536 689 573 749 de
590 706 648 767 quo
664 692 748 766 patet
763 688 794 747 in
810 689 962 747 continuo.
993 684 1113 748 Tertius
1129 684 1239 764 Tigris,
1253 687 1306 764 qui

130 805 160 857 et
182 796 288 857 lillach
311 794 437 864 dicitnr,
467 793 549 872 quod
571 800 660 853 sonat
682 799 821 862 acutus,
840 810 893 862 eo,
918 789 999 869 quod
1020 789 1231 851 velocissimus
1254 790 1304 850 sit.

130 900 261 973 Quartus
276 897 444 977 Euphrates
461 897 512 974 qui
527 895 652 974 frugiter
668 904 771 968 sonat,
796 898 880 974 quia,
905 897 984 955 sicut
998 895 1099 966 Nilus,
1121 895 1305 955 uberrimam

129 1011 248 1073 terram,
273 1010 362 1080 quani
377 1001 488 1078 irrigat,
504 998 612 1060 reddit.
643 1000 714 1061 lluo
735 1001 839 1060 ultima
856 997 988 1070 llumina,
1011 995 1110 1075 Tigris
1126 1004 1157 1057 61
1171 996 1305 1077 Euphra·

130 1116 190 1179 tes,
213 1106 296 1167 mille
311 1111 342 1166 et
356 1104 529 1183 quingentis
544 1101 648 1163 stadiis
664 1104 699 1165 ab
716 1105 845 1165 invicem
861 1102 987 1172 distant,
1004 1099 1156 1179 deletique
1172 1118 1226 1179 per
1240 1096 1307 1161 Mc·
1421 1124 1430 1137 ¹

130 1208 237 1270 dorum
259 1210 401 1288 regiones
424 1205 616 1268 descendunt
637 1208 668 1267 in
691 1206 961 1286 Mesopotamiam,
984 1203 1207 1265 circumdantes
1231 1221 1307 1275 eam,

131 1315 179 1374 cui
202 1290 238 1374 et¹
256 1329 368 1373 nomen
390 1311 554 1390 praebent,
578 1318 608 1371 et
630 1311 701 1372 inde
724 1330 780 1390 per
801 1304 996 1389 Babyloniam
1019 1305 1148 1369 lluentes
1172 1310 1202 1368 in
1226 1325 1307 1369 mare

129 1416 249 1479 rubrum
272 1414 460 1476 deteruntur.

216 1518 298 1580 llaec
321 1535 395 1578 sane
417 1524 547 1596 quatuor
570 1517 695 1578 llurnina
717 1519 753 1579 ab
777 1516 886 1578 eodem
907 1517 1038 1596 paradisi
1060 1516 1143 1578 fonte
1166 1522 1309 1578 emanant

131 1630 162 1684 et
184 1628 364 1702 separantur
386 1623 548 1683 etiterum
572 1639 678 1680 eorum
711 1620 859 1698 quaedam
889 1623 969 1680 inter
999 1639 1032 1681 se
1063 1623 1307 1692 commiscentur,

130 1730 299 1805 iterumque
322 1732 515 1804 separantur,
538 1742 629 1804 saepe
654 1728 745 1786 etiam
768 1725 966 1786 absorbentur
988 1730 1019 1785 et
1042 1726 1117 1786 locis
1141 1739 1260 1786 rursum
1275 1727 1306 1787 in

130 1830 265 1909 pluribus
288 1824 456 1908 emergunt.
483 1827 519 1888 Et
534 1829 604 1891 inde
621 1837 681 1901 est,
706 1828 786 1907 quod
802 1827 840 1889 de
857 1846 963 1888 eorum
977 1835 1043 1888 ortu
1059 1831 1140 1890 varia
1152 1829 1305 1908 leguntur.

130 1933 339 1994 Certissimum
370 1938 472 1992 tamen
504 1939 567 2005 est,
602 1934 701 1993 omnia
731 1932 769 1993 de
800 1933 939 2011 paradiso
970 1931 1107 1994 effluere.
1152 1914 1306 1994 hereneus

128 2028 239 2098 autem
254 2035 290 2097 ad
313 2037 415 2097 locum
438 2038 637 2097 emanationis
668 2054 774 2096 eorum
802 2037 978 2114 primarium
1010 2044 1058 2097 est
1089 2038 1304 2117 impossibilis;

127 2141 185 2203 boc
208 2146 291 2220 patet
314 2138 426 2220 duplici
448 2141 582 2201 historia
629 2139 727 2201 Prima
750 2141 875 2201 babetur
897 2140 929 2200 in
952 2147 1036 2219 parte
1060 2143 1154 2220 prima
1170 2141 1305 2202 l'itarum
1403 2144 1411 2160 ⁸

126 2245 248 2307 Patrum
271 2244 322 2305 iol.
350 2241 422 2309 115.
446 2242 484 2305 de
508 2245 619 2305 Sancto
634 2241 787 2305 Machario
802 2245 954 2316 Romano,
979 2247 1030 2322 qni
1044 2247 1208 2306 conabatur
1224 2243 1306 2305 adire

65 2329 71 2346 “
128 2347 301 2426 paradisum
335 2355 367 2409 et
398 2364 452 2427 per
481 2349 626 2410 mirabilia
658 2354 689 2409 et
718 2351 807 2410 nimis
837 2348 990 2410 horribilia
1017 2348 1083 2409 loca
1116 2351 1199 2410 venit
1228 2349 1307 2410 ultra

132 2451 291 2512 hominum
314 2451 515 2512 habitationes
539 2470 633 2532 prope
657 2451 847 2531 paradisum,
881 2452 937 2512 sed
968 2471 1029 2514 non
1060 2453 1116 2513 tuit
1138 2456 1305 2532 permissus

131 2555 293 2628 accedere,
318 2558 396 2617 sicut
421 2574 478 2642 nec
500 2557 542 2618 illl
564 2559 698 2635 quinque
721 2557 878 2639 monachi,
902 2559 953 2635 qui
973 2574 1027 2636 per
1042 2556 1156 2619 llumen
1171 2556 1305 2635 Euphra-

131 2668 193 2721 tem
215 2662 247 2721 in
269 2660 360 2721 finem
383 2667 481 2722 terrac
505 2661 690 2723 conabantur
714 2663 826 2733 venire,
850 2660 906 2722 sed
929 2662 1006 2722 ultra
1030 2663 1139 2723 cellam
1160 2658 1306 2722 blachurii

130 2776 191 2824 non
214 2768 353 2842 poterant
387 2761 565 2842 procedere.
613 2766 1149 2844 8666616116166166616616666.
1194 2764 1306 2826 Dicunt

131 2869 226 2938 enim,
250 2865 332 2946 quod
355 2866 477 2945 quidam
499 2866 630 2949 Aegypti
652 2887 719 2942 rer,
744 2869 886 2942 audiens,
911 2870 1010 2931 Nilum
1032 2889 1049 2931 6
1073 2869 1211 2950 paradiso
1235 2887 1305 2949 pro·

130 2969 242 3044 tluere,
266 2978 392 3033 conatus
415 2977 463 3033 est
479 2970 546 3048 ejus
560 2973 735 3051 primariam
750 2975 900 3052 originem
916 2991 1072 3053 quaerere.
1102 2971 1186 3035 Misit
1201 2981 1304 3036 autem

131 3075 241 3135 multos
264 3076 344 3136 viros
366 3075 461 3137 fortes
485 3081 517 3135 61
540 3074 718 3156 prudentes¹
738 3094 808 3137 cum
838 3080 978 3157 expensis
1009 3081 1140 3158 copiosis
1170 3086 1201 3139 et
1233 3097 1304 3141 cum

128 3179 235 3240 litteris
257 3181 452 3258 promotoriis
475 3177 513 3239 ad
536 3195 643 3258 reges,
672 3197 728 3258 per
758 3197 886 3257 quorum
918 3200 1010 3261 regna
1032 3190 1118 3243 erant
1138 3184 1303 3245 transituri.

130 3281 206 3343 Cum
229 3300 301 3360 ergo
325 3284 419 3370 multa
442 3299 537 3360 regna
558 3284 781 3360 percurrissent
802 3283 840 3344 ad
862 3283 962 3346 littora
984 3285 1058 3356 Nili,
1082 3303 1220 3364 ,cumque
1251 3286 1303 3346 ali·

128 3387 267 3464 quotiens
290 3385 494 3464 perdidissent
528 3394 558 3449 et
593 3390 832 3455 reinvenissent,
866 3388 971 3449 ultimo
1006 3389 1144 3467 perducti
1174 3395 1245 3450 sunt
1273 3391 1303 3450 in

127 3490 299 3568 regionem,
322 3491 353 3550 in
376 3507 434 3568 qua
456 3492 636 3554 immensam
661 3499 840 3572 repererunt
863 3490 1018 3571 paludem,
1050 3491 1197 3571 repletam
1219 3493 1303 3571 palu·

127 3590 243 3652 delibus
265 3588 402 3670 virgultis
425 3599 456 3654 61
480 3598 596 3674 magnis
621 3595 713 3678 (118
729 3592 772 3675 a)
796 3596 992 3659 arundinibus
1027 3598 1238 3670 condensatis,
1273 3606 1305 3662 61

128 3694 166 3764 de
189 3695 240 3756 illa
263 3694 373 3776 palude
395 3696 578 3777 arundinosa
600 3700 738 3780 prodibat
754 3699 878 3772 fluvius,
903 3701 990 3778 cujus
1006 3709 1097 3781 caput
1111 3704 1303 3781 quaerebant,

126 3793 184 3860 nec
206 3804 345 3878 poterant
368 3800 485 3862 incolae
509 3801 628 3872 dicere,
665 3802 739 3882 quid
760 3812 830 3884 post
852 3805 918 3866 illas
946 3805 1073 3885 paludes
1104 3813 1203 3877 esset,
1239 3812 1303 3867 tum

126 3903 195 3980 quia
218 3910 305 3962 erant
327 3903 453 3981 paludes
476 3905 641 3967 latissimae
664 3908 836 3985 permulta
858 3915 1005 3970 terrorum
1021 3913 1116 3989 spatia
1133 3917 1304 3989 protensae,

125 4012 189 4066 trrrn
213 4009 318 4078 etiam,
343 4010 412 4085 quia
439 4009 522 4070 nulla
543 4010 627 4069 naris
644 4008 800 4071 ridebatur
815 4029 905 4089 posse
921 4013 1133 4075 arundinetum
1148 4021 1179 4075 et
1195 4015 1303 4075 herbas

125 4109 157 4168 in
173 4109 290 4188 palude
321 4119 496 4173 crescentes
527 4118 697 4191 penetrare.
744 4113 846 4173 Nuntii
879 4122 980 4176 autem
1009 4115 1066 4187 illi,
1102 4115 1182 4194 quod
1214 4135 1304 4179 suum

126 4219 190 4274 erat
212 4213 314 4276 iacere
337 4217 510 4295 cupientes,
534 4215 681 4278 fabricare
704 4215 844 4279 lecerunt
866 4225 969 4282 acutas
991 4218 1144 4281 naviculas
1159 4221 1189 4280 in
1205 4239 1303 4300 prora,
