2902 4710
696 154 758 223 loa

142 330 291 402 Catbube,
315 330 507 402 Catalacum,
531 331 711 408 abnegatum
734 330 952 403 Christianum,
975 332 1024 419 cui
1047 329 1154 393 adsunt
1179 331 1239 392 duo
1259 349 1314 410 po·

140 435 300 494 tentissimi
323 431 501 505 Mamaluci‚
530 434 659 505 Diodar,
690 439 775 511 quasi
806 444 891 514 pater
914 436 1036 496 Soldani
1060 443 1090 494 et
1112 437 1204 496 totius
1228 434 1313 512 regni

141 538 334 614 gubernator,
370 544 400 596 et
430 535 615 608 almiraldus,
648 539 788 617 princeps
819 540 1015 599 exercituum.
1060 537 1098 598 Hi
1125 545 1187 598 tres
1217 543 1316 596 totum

141 646 232 716 agunt
256 647 286 699 et
308 640 477 717 praefectos
501 647 704 701 contratarum
728 644 810 702 urbis
834 646 949 719 ponunt
972 646 1002 700 et
1018 641 1053 701 ad
1071 643 1227 701 universas
1244 658 1315 718 pro·

139 743 253 801 vincias
284 742 408 803 Soldani
442 744 613 821 praefectos
648 746 853 804 transmittunt
887 740 1073 802 Mamalucos
1107 750 1138 803 et
1169 743 1315 805 officiales

141 841 427 906 Trutscbelmannos
450 853 480 906 et
504 847 585 919 alios,
601 847 676 906 locis
699 853 897 925 praeponunt.
944 845 1058 905 Verum
1081 852 1181 906 tamen
1198 847 1315 918 dicitur,

141 946 221 1024 quod
248 949 447 1009 inhabitantes
477 949 597 1011 Cairum
630 957 669 1019 01,
687 950 859 1029 Aegyptum
893 951 952 1010 sint
981 948 1163 1009 effoeminati
1195 956 1226 1009 et
1255 968 1316 1011 non

100 1118 103 1123 ⁴
140 1051 218 1110 bene
242 1051 278 1111 ad
301 1052 380 1113 bella
405 1052 558 1132 dispositi,
582 1053 661 1114 unde
679 1054 841 1115 Christiani
865 1060 1018 1131 tempore,
1043 1070 1102 1130 quo
1119 1052 1314 1131 ierosolymi-

72 1200 77 1217 .
142 1161 242 1215 tanum
261 1172 387 1233 regnum
404 1156 615 1234 possederunt,
631 1157 796 1236 Aegyptios
812 1140 983 1217 tributarios
999 1155 1137 1215 fecerunt
1152 1162 1183 1216 et
1197 1158 1227 1215 iu
1243 1173 1316 1216 con·

141 1257 380 1319 foederationem
403 1277 456 1320 eos
480 1268 687 1339 receperunt„
704 1261 790 1321 Unde
815 1256 1146 1330 1110110111111167,
1170 1264 1316 1336 regnante

141 1364 170 1421 in
186 1361 356 1423 Jerusalem
368 1364 519 1425 Almarico
533 1364 581 1424 Vl.
597 1363 773 1426 Latinorum
789 1381 860 1442 rege
877 1365 906 1423 iu
922 1363 1101 1434 Jerusalem,
1119 1382 1186 1424 cum
1204 1379 1238 1422 se
1253 1363 1317 1441 regi

141 1466 244 1545 Syriae
267 1467 406 1529 Damasci
429 1469 689 1542 confoederasset,
712 1467 870 1529 descendit
894 1485 945 1528 1011
962 1466 1130 1527 Jerusalem
1147 1465 1317 1527 Almaricua

79 1558 81 1562 ⁸
141 1586 210 1628 cum
245 1573 378 1630 exercitu
412 1571 648 1632 Christianorum
682 1575 712 1632 in
747 1570 920 1649 Aegyptum
953 1576 984 1629 et
1017 1571 1131 1630 eversis
1166 1569 1314 1647 aliquibus

72 1668 75 1672 ⁴
141 1671 262 1735 urbibus
292 1679 361 1733 ante
385 1674 504 1734 Cairum
534 1683 629 1736 costra
658 1681 789 1735 metatus
819 1680 868 1733 ast
898 1689 1024 1749 eamque
1054 1671 1172 1732 obsedit
1202 1679 1232 1732 et
1262 1689 1315 1733 an·

45 1853 48 1858 .
141 1764 280 1849 gustavit.
311 1771 396 1855 Unde
412 1776 576 1848 soldanus,
600 1785 633 1839 ut
648 1777 771 1847 dicitur,
794 1778 934 1855 promisit
949 1778 977 1836 01
994 1793 1154 1837 aureorum
1169 1776 1316 1837 millesies

141 1882 267 1936 centena
290 1879 380 1938 millia
404 1882 487 1940 etin
511 1888 652 1961 promptu
675 1881 730 1940 sibi
753 1879 836 1941 dedit
860 1888 981 1940 centum
1003 1880 1094 1940 millia
1125 1898 1247 1951 aureos,
1278 1887 1313 1940 ut

140 1979 297 2040 recederet
322 1983 356 2041 ab
380 2000 425 2042 ea.
472 1984 522 2043 Sic
557 1984 647 2045 babet
677 1983 816 2044 dominus
839 1983 987 2044 Antonius
1019 1984 1049 2042 in
1073 1983 1182 2044 Chron.
1207 1982 1238 2044 Ρ.
1266 1979 1315 2046 11.

139 2084 183 2145 111.
207 2081 257 2146 17.
282 2085 301 2144 1.
327 2104 355 2163 q.
380 2085 409 2164 §.
434 2083 464 2147 3.
510 2088 548 2147 Ε1
577 2095 695 2149 tantum
725 2086 761 2147 de
794 2087 844 2147 illa
879 2088 968 2158 urbe,
1002 2086 1040 2147 de
1074 2104 1132 2164 qua
1163 2093 1192 2147 et
1227 2104 1322 2165 supra

140 2191 233 2265 patuit
258 2188 308 2247 101.
336 2186 406 2250 103.
432 2207 457 2248 1.
503 2188 599 2265 Hujus
632 2191 762 2249 civitatis
793 2187 958 2267 amplitudo
991 2194 1022 2247 et
1051 2188 1144 2265 gloria
1174 2187 1318 2249 moderna

139 2272 447 2360 110111101010111111,
486 2291 559 2351 dum
594 2291 660 2367 ejus
702 2293 840 2367 antiquus
877 2298 973 2350 status
1010 2292 1041 2349 in
1081 2293 1237 2368 scrlpluris
1270 2270 1316 2350 111-

141 2395 253 2461 111111,
285 2390 322 2450 de
353 2410 412 2469 quo
440 2393 572 2471 loquitur
599 2392 751 2452 Diodorus
787 2391 896 2452 diffuse
927 2395 958 2452 in
990 2393 1073 2452 libris
1103 2400 1240 2454 veterum
1270 2393 1316 2454 hi·

141 2495 311 2557 storiarum.

137 2763 312 2836 Recessus
350 2765 502 2837 difficilis
540 2765 802 2856 peregrinorum
831 2785 851 2835 1
880 2765 982 2836 Cairo
1010 2769 1045 2836 et
1073 2766 1117 2837 de
1156 2765 1313 2837 exactio·

65 2873 68 2876 ’
137 2887 239 2957 nibus
268 2889 548 2966 Trutcbalmanni
576 2893 610 2959 01
637 2889 787 2959 fallaciis
815 2908 857 2960 10
885 2889 1023 2961 malitiis
1060 2888 1221 2978 ejusdam
1249 2886 1314 2958 viri

499 3009 727 3081 infidelissimi
755 3011 945 3082 Mamaluci.

223 3210 280 3270 Die
304 3208 386 3282 11111,
416 3228 492 3288 quae
524 3217 588 3271 erat
612 3196 761 3272 dominica
784 3210 853 3273 11111
877 3219 946 3291 post
968 3212 1081 3272 festum
1104 3212 1136 3272 S.
1160 3210 1313 3271 Trinitatis

138 3321 231 3374 totam
249 3332 344 3393 paene
359 3322 481 3375 noctem
496 3315 732 3392 praecedentem
747 3317 917 3376 insomnem
933 3315 1075 3376 duxeram
1098 3331 1167 3373 cum
1191 3314 1313 3384 lumine,

137 3416 295 3476 scribendo
325 3435 376 3490 eo,
409 3436 485 3497 quae
514 3418 551 3478 ad
582 3418 792 3496 Evagatorium
820 3420 1027 3496 pertinebant,
1069 3419 1138 3495 quia
1171 3435 1313 3477 recessus
1342 3466 1345 3471 .

136 3510 399 3580 noster'instabat.
444 3521 523 3580 Dum
547 3528 648 3580 autem
672 3520 718 3579 sol
742 3527 825 3581 ortus
849 3528 945 3585 asset.
978 3520 1013 3581 ad
1045 3522 1156 3581 missae
1180 3521 1313 3581 officium

134 3623 167 3682 in
191 3640 342 3683 cameram
359 3623 550 3685 dominorum
567 3621 719 3683 secundae
735 3626 889 3684 societatis
905 3626 1120 3684 convenimus,
1156 3624 1313 3686 Venerunt

135 3730 225 3787 eliam
249 3733 310 3786 tres
334 3727 432 3798 Deae,
457 3727 573 3798 Venus,
597 3725 693 3786 Pallas
718 3733 748 3787 01
764 3726 857 3798 1110,
881 3727 957 3787 duae
974 3728 1093 3787 scilicet
1109 3745 1217 3788 uxores
1233 3726 1311 3788 Tan·

134 3830 271 3906 guardini
296 3848 365 3890 cum
389 3831 513 3901 ancilla,
538 3837 661 3890 ornatae
686 3831 768 3890 cultu
792 3832 940 3909 superbo,
964 3832 1043 3890 sicut
1066 3833 1205 3908 superius
1229 3836 1312 3909 patet

134 3934 184 3994 lol.
220 3931 271 3996 71.
303 3936 332 3994 b.
377 3935 439 3996 Has
474 3936 566 3994 invite
595 3935 793 3994 sustinuimus
825 3936 857 3993 in
889 3935 1003 4005 officio,
1039 3935 1109 4011 quia
1141 3952 1198 3994 nec
1227 3935 1311 4011 ipsae

133 4045 256 4117 propter
280 4039 472 4100 devotionem
496 4038 661 4108 affuerunt,
685 4056 742 4098 nec
757 4039 843 4098 nobis
859 4038 897 4098 ad
913 4039 1105 4100 devotionem
1122 4022 1318 4115 profuerunt.¹

48 4216 52 4223 .
133 4141 367 4219 verecundabar
388 4142 516 4205 multum
540 4140 577 4202 dc
600 4143 774 4220 praesentia
798 4160 903 4203 comm
925 4149 1050 4221 propter
1073 4140 1220 4219 quosdam
1237 4139 1307 4201 Sar-
