2902 4710
720 135 785 204 344

165 315 320 394 adjutore,
342 319 440 396 ipsam
462 333 535 380 vero
559 315 779 395 antiphoniam:
803 335 821 376 o
845 314 1009 394 sapientia,
1033 313 1132 374 altiori
1146 321 1230 376 'voca
1252 330 1345 392 quam

164 421 247 482 valui
270 423 387 492 cantavi
410 423 440 481 in
458 419 571 497 jubilo,
605 419 680 480 adeo
711 427 812 480 tamen
836 419 913 479 altus
936 435 1023 478 mons
1046 424 1108 490 est,
1143 418 1224 497 quod
1252 435 1346 480 nemo

165 530 285 605 poterat
307 544 356 596 me
375 516 483 586 ‘audire
507 524 701 599 clamantem,
729 541 787 584 uec
809 523 903 584 videri
927 528 1065 600 poteram
1089 520 1212 598 abiis,
1238 523 1347 601 quiin

165 626 266 688 littore
289 628 444 700 ludebant,
467 626 591 690 videbar
613 633 713 687 tamen
738 626 773 686 alt
795 627 858 696 his,
891 626 995 703 quiin
1019 625 1116 685 classe
1140 631 1243 694 erant,
1266 643 1346 703 quae

165 731 263 792 stabat
284 738 400 794 remota
430 731 588 803 alittore,
622 731 757 791 cautibus
790 737 894 791 tamen
917 731 1113 807 promontorii
1137 729 1265 807 alligata.
1310 727 1347 789 ln

165 835 232 912 ipso
255 836 369 895 vertice
393 838 564 899 consistens
587 835 715 897 multum
731 833 921 904 delectabar,
946 839 977 894 et
993 834 1099 908 ⁸locum
1123 833 1275 913 quondam
1296 833 1346 893 in-

98 954 102 962 ·
165 939 243 1016 signi
267 923 409 999 aedilicio⁴
428 947 566 1002 ornatum
590 940 684 1001 luisse
711 936 898 1016 deprehendi
920 939 950 996 in
974 937 1103 1016 antiquis
1126 938 1240 1010 ruinis,
1262 955 1345 999 nunc

166 1036 250 1104 vero'
264 1042 338 1102 nihil
362 1042 443 1104 aliud
465 1046 506 1104 ibi
522 1050 592 1114 est,
615 1044 674 1104 nisi
697 1044 817 1120 signum
839 1043 870 1101 in
894 1041 953 1101 alto
969 1039 1038 1120 palo
1053 1042 1214 1119 vellongo
1237 1041 1346 1103 baculo

165 1148 348 1223 suspensum
370 1147 407 1208 ad
430 1151 520 1209 maris
544 1147 712 1209 custodiam
736 1152 767 1207 et
788 1146 870 1223 quod
895 1145 1021 1206 inferius
1037 1149 1085 1204 cst
1100 1151 1213 1224 portus.
1243 1145 1345 1217 Quare

165 1254 268 1309 autem
299 1251 357 1311 hoc
380 1254 619 1330 promontorium
642 1251 797 1330 Sapientia
826 1250 958 1321 dicatur,
992 1251 1141 1310 rationem
1172 1247 1345 1312 evidentem

166 1370 225 1412 uon
249 1355 366 1427 inveni,
400 1357 458 1415 nisi
481 1356 559 1416 lorte
582 1353 701 1433 Jupiter
730 1355 759 1415 iu
784 1371 821 1413 eo
845 1353 1016 1413 consistens
1047 1351 1163 1413 dicatur
1190 1353 1230 1413 ibi
1254 1360 1346 1432 caput

164 1474 251 1517 suum
275 1461 463 1537 percussisse
488 1459 579 1520 etde
603 1459 810 1519 cerebro‘suo
827 1454 1007 1527 Minervam,
1032 1462 1176 1517 armatam
1197 1456 1347 1534 virginem

165 1558 422 1640 elegantissimam
451 1563 644 1643 produxisse,
679 1580 770 1641 quam
790 1556 976 1631 Minervam,
1008 1558 1039 1620 id
1071 1565 1119 1620 est
1147 1558 1345 1637 Sapientiam,

165 1668 344 1738 nominavit,
378 1685 455 1746 quae
479 1675 597 1728 armata*
613 1682 735 1727 omnem
758 1667 850 1740 vincit
878 1664 1037 1736 malitiam,
1069 1665 1241 1742 Sapientiae
1265 1663 1346 1738 Vll,

167 1776 198 1830 ct
228 1772 311 1849 virgo
347 1776 395 1831 est
425 1789 547 1831 omnem
579 1770 732 1849 refugiens
763 1770 958 1847 spurcitiam;
998 1768 1046 1828 vel
1077 1769 1145 1846 quia
1178 1765 1346 1840 Minervae,

168 1873 244 1935 deae
268 1877 447 1953 sapientiae,
470 1875 528 1934 hoc
545 1875 784 1953 promontorium
798 1877 947 1932 sacratum
962 1869 1114 1949 quondam
1140 1872 1254 1931 exstitit
1277 1869 1347 1947 ejus

168 1977 299 2054 templo;
334 1979 382 2039 vel
414 1981 484 2056 quia
512 1976 589 2036 lorte
622 1978 736 2053 antiqui
757 1974 880 2035 Achaici
911 1977 942 2035 in
974 1991 1011 2035 co
1035 1974 1153 2035 scholas
1177 1976 1347 2063 sapientiae

167 2079 315 2143 habebant
337 2090 468 2144 remotas
483 2099 508 2149 ,a
532 2083 685 2142 communi
707 2080 836 2143 tumultu
859 2079 1024 2139 hominum.
1061 2077 1133 2139 Sedi
1157 2095 1229 2156 ergo
1252 2096 1349 2156 super

167 2193 364 2264 praeruptum
380 2188 447 2266 plus
463 2204 553 2268 quam
568 2204 624 2266 per
639 2186 744 2247 horam
759 2186 858 2254 solus,
882 2184 1055 2245 describens
1071 2184 1187 2254 locum,
1212 2189 1242 2242 et
1258 2187 1348 2260 quasi

168 2289 258 2349 nimis
280 2290 412 2362 tardavi,
435 2301 505 2352 nam
529 2298 689 2370 antequam
713 2290 902 2352 descendens
925 2291 1059 2351 venirem
1080 2290 1111 2349 in
1134 2287 1275 2367 planum,
1299 2289 1349 2349 sol

168 2410 311 2454 occasum
334 2397 478 2474 petierat,
512 2402 542 2456 et
566 2395 663 2456 adhuc
685 2413 745 2456 una
766 2374 860 2456 barca*
878 2396 908 2454 in
931 2395 1032 2454 littore
1056 2393 1168 2464 stabat;
1187 2393 1231 2459 ⁷in
1255 2409 1349 2468 quam

169 2514 237 2556 cum
261 2498 326 2558 aliis
350 2500 504 2577 ingressus
527 2500 603 2560 redii
631 2501 784 2561 inlocum
808 2517 920 2560 meum.
966 2498 997 2558 Si
1028 2497 1110 2558 illam
1138 2498 1258 2557 barcam
1290 2514 1348 2557 ne·

170 2594 347 2678 glerisscm,
371 2603 421 2664 illa
443 2610 533 2663 nocte
555 2621 615 2663 non
638 2605 790 2664 venissem
812 2604 842 2662 in
866 2603 1013 2672 classem,
1038 2599 1093 2661 sed
1115 2601 1145 2660 in
1167 2601 1268 2660 littore
1291 2617 1350 2677 per

169 2711 290 2764 noctem
314 2708 458 2783 patientia
481 2708 652 2766 necessaria
675 2707 800 2778 luisset,
825 2713 856 2767 et
870 2706 949 2766 forte
965 2706 1139 2784 periissem,
1164 2707 1232 2782 quia
1255 2709 1348 2764 nocte

147 2890 150 2895 ι
169 2807 220 2869 illa
243 2809 349 2870 classis
372 2813 513 2884 recessit,
538 2813 596 2870 nisi
619 2811 769 2871 transillas
794 2811 946 2872 solventes
969 2828 1019 2870 me
1035 2826 1139 2869 secum
1161 2810 1193 2868 in
1215 2809 1349 2868 classem

170 2909 380 2973 reduxissent·
1031 2978 1033 2982 ,

257 3014 313 3074 Die
336 3013 437 3076 XVlll.
460 3020 490 3078 in
512 3020 611 3079 noctis
640 3018 758 3091 medio,
792 3018 863 3080 dum
895 3022 994 3081 omnia
1025 3026 1128 3080 essent
1157 3021 1187 3079 in
1216 3018 1348 3092 silentio,

171 3117 269 3176 subito
294 3121 434 3197 aspiravit
456 3127 563 3183 ventus
586 3122 714 3195 salubris
738 3130 769 3184 et
791 3123 903 3194 bonus,
937 3131 968 3184 et.
990 3125 1091 3190 statim
1114 3129 1202 3201 rupto
1226 3123 1349 3184 silent-io

173 3220 320 3281 clamores
344 3228 445 3303 magni
469 3227 671 3289 excitabantur
692 3247 748 3307 per
772 3229 920 3300 classem,
945 3234 975 3288 et
998 3227 1036 3289 ad
1059 3245 1271 3311 recessumse
1293 3233 1348 3306 pa·
1383 3265 1386 3271 ·

171 3324 275 3385 rabant
297 3326 423 3389 levando
446 3331 605 3402 anchoras,
640 3349 762 3392 sursum
789 3332 934 3393 trahendo
958 3333 1079 3402 bareas,
1103 3330 1248 3410 erigendo
1271 3331 1348 3404 vela,

171 3431 360 3493 extendendo
377 3435 483 3511 spiras,
506 3435 650 3498 solvendo
675 3439 851 3515 promcsias,
876 3443 907 3497 et
922 3437 1024 3508 multa,
1048 3455 1126 3515 quae
1142 3437 1280 3515 gravibus
1302 3437 1348 3497 la·

170 3532 292 3595 horibus
325 3544 355 3598 et
390 3557 459 3601 cum
492 3541 663 3619 ingentibus
695 3541 875 3601 clamoribus
906 3546 937 3600 et
967 3557 1038 3599 cum
1070 3541 1225 3611 violentia,
1256 3558 1350 3602 cursu

172 3640 203 3693 et
225 3636 395 3700 festinantia
418 3642 544 3714 fiebant,
579 3644 747 3723 dequibus
776 3660 868 3722 saepe
899 3643 967 3704 dixi.
1013 3644 1117 3705 Saluta
1144 3662 1216 3723 ergo
1240 3643 1348 3716 classe,

173 3755 243 3797 cum
265 3759 320 3820 per
342 3751 465 3806 ventum
488 3747 599 3808 bonum
623 3749 773 3828 deportati
794 3749 959 3809 luissemus
982 3749 1012 3807 in
1036 3751 1127 3810 maris
1148 3739 1349 3820 latitudinem,

171 3844 296 3904 invaluit
318 3854 425 3908 ventus
448 3852 537 3910 nimis
561 3857 593 3911 et
614 3857 679 3912 orta
702 3860 750 3913 est
776 3858 942 3932 tempestas
966 3851 1041 3912 adeo
1064 3869 1169 3922 saeva,
1201 3852 1280 3913 sicut
1301 3855 1350 3912 vir

157 3938 386 4021 sustinuimus,
410 3958 440 4013 et
462 3951 579 4015 duravit
601 3962 664 4015 toto
688 3955 736 4016 die
760 3956 826 4028 illo,
850 3955 929 4017 unde
951 3958 1115 4036 incipiente
1130 3958 1247 4017 saevire
1270 3963 1349 4017 tem-

172 4057 291 4129 pestate
315 4053 428 4115 domiui
452 4056 490 4116 de
514 4057 638 4118 castello
664 4059 774 4121 madidi
797 4066 828 4120 et
844 4060 941 4139 pavidi
957 4060 1159 4139 confugerunt
1181 4058 1218 4121 ad
1240 4078 1296 4120 nos
1316 4061 1351 4120 in

173 4157 410 4243 carinamfflffl
423 4158 476 4241 a),
500 4169 533 4223 at
555 4162 657 4223 clauso
680 4165 844 4226 ostio-toto
868 4164 917 4226 die
939 4163 990 4225 illo
1006 4165 1185 4226 intenebris
1201 4163 1349 4238 sedimus,
