2874 4770
682 176 744 246 161

128 359 260 417 mortem
287 353 382 432 patris
414 355 447 413 et
470 348 564 413 'fldem
595 353 628 412 in
654 368 692 412 ea
713 352 897 432 suscepisse.
940 352 1059 415 Deinde
1081 352 1209 415 ulterim
1230 370 1301 433 pro·

130 460 228 538 gressi
258 475 362 518 sumus
392 455 430 515 ad
461 455 623 516 ecelesiam
646 455 749 515 Sancti
771 454 886 515 Sabbac
908 452 1047 529 Abbatis,
1080 460 1129 518 cui
1151 476 1301 519 annexum

130 569 179 623 est
201 562 419 622 monasterium
442 561 659 621 monachorum
676 559 891 638 Cologerorum
914 560 952 621 de
975 578 1083 640 graeco
1105 564 1180 628 ritu,
1204 570 1235 622 et
1258 562 1302 622 illi

129 666 248 737 dicunt,
271 665 302 724 S.
329 663 520 725 Catharinam
543 665 584 723 ibi
606 663 701 723 luisse
723 665 754 722 in
777 662 835 724 lide
858 666 1037 726 instructam
1058 674 1090 726 et
1111 666 1301 745 baptisatam.

127 770 264 832 Aestimo
281 771 389 842 etiam,
411 771 443 830 in
458 768 509 829 illo
523 769 594 829 loco
611 768 706 830 luisse
722 768 885 845 antiquitus
902 768 1049 846 templum
1066 770 1163 850 (130
1185 768 1229 847 ἃ)
1246 772 1303 831 mi·

127 874 221 935 rabile
238 873 369 952 Serapis,
394 872 432 933 de
449 890 508 950 quo
525 872 653 934 habetur
674 876 704 933 in
720 871 928 933 ecclesiastica
949 872 1075 932 historie
1088 870 1122 931 L.
1137 870 1173 932 u.
1189 873 1222 933 C.
1239 870 1303 946 24„

127 979 182 1040 toti
197 977 310 1039 mundo
327 976 508 1055 spectabile,
532 975 614 1054 quod
641 982 749 1056 postea
773 975 959 1055 Theophilus
982 973 1201 1037 Alexandrinus
1223 980 1304 1056 epis·

129 1101 223 1162 copus
245 1083 382 1161 purgavit
413 1079 608 1151 asordibus,
640 1097 770 1159 eamque
792 1080 947 1141 basilicam
970 1083 1002 1139 in
1033 1080 1180 1140 honorem
1204 1081 1306 1140 Sancti

128 1186 272 1247 Johannis
287 1185 436 1263 baptistae
461 1186 668 1254 consecravit,
693 1187 722 1244 in
747 1185 828 1263 qnod
853 1188 955 1265 posuit
970 1182 1111 1260 ejusdem
1129 1200 1307 1261 praecurso·

128 1292 169 1350 ris
193 1294 284 1368 caput
305 1289 363 1348 sibi
386 1305 403 1349 a
426 1287 594 1347 Jerusalem
617 1290 761 1360 missum,
784 1296 817 1350 nt
840 1289 913 1349 dicit
934 1287 1017 1349 Beda
1040 1288 1230 1351 venerabilis.

214 1393 260 1454 Ab
283 1394 342 1455 hoc
364 1393 433 1454 loco
458 1397 682 1470 consequenter
704 1390 741 1451 ad
758 1393 920 1453 ecclesiam
937 1394 968 1453 S.
985 1391 1081 1454 Marci
1097 1391 1306 1470 Evangelistae

126 1500 279 1569 venimus,
299 1497 385 1575 juxta
405 1514 496 1575 quam
518 1496 652 1556 habitant
673 1495 808 1556 Jacobini
832 1497 997 1557 christiani.
1043 1496 1077 1556 ln
1101 1497 1159 1557 hoc
1182 1497 1249 1556 loco
1274 1496 1305 1555 S.

126 1601 249 1663 Marcus
271 1601 485 1662 habitationem
508 1600 612 1660 habuit
634 1605 665 1658 et
690 1597 900 1661 Alexandriam
924 1600 961 1662 ad
990 1600 1101 1660 Christi
1117 1600 1209 1661 fidem
1233 1618 1304 1660 con·

129 1706 218 1765 vertit
248 1710 280 1764 et
308 1706 417 1765 missas
446 1705 487 1764 ibi
521 1701 674 1764 celebrare
709 1704 867 1764 consuevit
904 1709 935 1763 et
958 1704 1111 1765 ordinatus
1141 1707 1304 1783 episcopus

128 1804 345 1869 Alexandrinus
377 1807 434 1868 fuit
462 1810 587 1886 primus.
632 1806 666 1867 ln
696 1805 779 1867 ltalia
818 1813 919 1867 autem
949 1810 1081 1869 existens
1115 1808 1305 1887 evangelium

130 1913 320 1992 conscripsit.
365 1909 421 1972 llic
450 1918 551 1973 autem
581 1929 689 1989 regens
722 1918 753 1971 et
781 1910 879 1971 officio
903 1913 1040 1991 episcopi
1062 1912 1192 1991 iungens
1213 1928 1303 1974 verae

127 2014 282 2094 religionis
305 2021 336 2075 et
351 2014 549 2094 perfeetionis
572 2032 710 2075 normam
732 2014 870 2083 tradidit,
894 2014 932 2074 de
957 2033 1015 2094 qna
1037 2016 1132 2077 multa
1154 2018 1302 2078 habentur

125 2122 157 2179 in
180 2117 296 2180 Eccles.
331 2119 437 2179 histor.
461 2116 495 2178 L.
518 2114 554 2176 ll.
578 2118 611 2178 C.
631 2114 680 2182 16.
725 2117 813 2178 Vnde
836 2118 999 2178 Cassianus
1028 2121 1060 2178 in
1084 2119 1159 2179 Coll.
1182 2118 1305 2180 l’atrum

126 2221 161 2284 L.
184 2221 220 2282 ll.
244 2225 274 2283 in
302 2221 491 2302 primordiis,
524 2222 639 2298 inquit,
671 2218 742 2281 lidei
773 2222 979 2300 probatissimi
1000 2220 1142 2280 monachi
1174 2238 1191 2280 a
1217 2223 1306 2282 beato

129 2323 252 2395 Marco,
276 2322 328 2402 qui
350 2326 465 2402 primus
480 2315 679 2383 Alexandriae
695 2321 829 2399 pontifex
851 2321 924 2392 luit,
946 2340 1083 2383 normam
1107 2329 1308 2401 suscepemnt

130 2425 263 2499 vivendi,
285 2444 347 2487 non
368 2432 487 2486 tantum
509 2426 560 2486 illa
582 2424 755 2502 magnilica,
777 2427 866 2484 utin
888 2422 1013 2485 Actibus
1022 2424 1236 2504 Apostolorum
1259 2446 1305 2488 re-

131 2531 282 2603 tinebant,
316 2547 422 2592 verum
452 2535 554 2589 tamen
581 2529 676 2588 multa
706 2530 796 2588 etiam
827 2529 982 2590 subtiliora
1012 2536 1101 2609 atque
1133 2534 1304 2597 sublimiora

133 2636 372 2697 cumulaverunt.
418 2631 463 2695 Ab
498 2653 535 2695 eo
567 2639 669 2693 autem
698 2634 848 2712 susceptis
879 2635 991 2713 regulis
1021 2635 1120 2699 diffusi
1150 2647 1220 2701 sunt
1249 2660 1303 2720 per

128 2738 260 2819 Aegypti
283 2745 314 2800 et
335 2736 505 2799 Thebaidae
529 2738 614 2809 loca,
638 2743 669 2797 et
688 2755 808 2798 eremus
831 2738 966 2817 repletus
989 2738 1045 2800 luit
1066 2743 1231 2805 monachis.
1270 2747 1303 2809 ln

128 2844 188 2905 hoc
217 2844 285 2904 loco
316 2842 509 2922 singulariter
536 2844 688 2904 oravimus
711 2850 864 2920 tamquam
893 2844 973 2905 circa
1001 2844 1116 2908 iontem
1145 2850 1301 2928 religionis

128 2955 161 3010 et
183 2948 346 3028 spiritualis
375 2949 463 3009 vitae.
511 2945 670 3018 Quondam
699 2954 763 3008 erat
796 2947 926 3010 eeclesia
960 2951 1010 3012 illa
1039 2955 1243 3032 patriarchalis
1273 2964 1304 3019 et

128 3069 239 3131 corpus
258 3053 338 3113 beati
353 3049 449 3112 Marci
464 3048 674 3129 Evangelistae
689 3052 720 3111 in
734 3069 772 3111 ea
786 3052 992 3127 reconditum;
1017 3056 1071 3117 sed
1095 3060 1195 3119 omnia
1218 3059 1302 3121 dele·

130 3161 252 3227 cerunt,
282 3160 314 3216 et
336 3173 445 3234 corpus
468 3153 499 3214 S.
523 3152 619 3214 Marci
649 3152 686 3214 ad
709 3153 851 3216 Venetias
883 3157 941 3218 luit
965 3160 1142 3221 translatum
1177 3169 1208 3222 et
1229 3162 1304 3223 lides

130 3258 276 3321 catholica
305 3263 352 3319 est
382 3259 424 3318 ihi
451 3260 607 3319 exstincta.
653 3258 769 3319 Deinde
799 3259 836 3320 ad
860 3261 947 3322 aliam
979 3264 1142 3324 ecclesiam
1166 3267 1304 3327 transivi·

128 3380 213 3433 mus,
238 3352 328 3439 quam
352 3362 514 3423 ecclesiam
530 3360 666 3423 Jacobini
681 3362 808 3434 habent,
832 3382 910 3442 quae
930 3366 1040 3427 dicitnr
1056 3366 1187 3428 ecclesia
1203 3367 1308 3428 Sancti

130 3463 306 3538 Michaelis,
340 3473 371 3527 et
398 3467 439 3526 ibi
473 3467 639 3544 patrocinia
669 3465 773 3526 Sancti
801 3464 984 3548 Archangeli
1013 3471 1228 3531 invocavimus.
1274 3468 1307 3529 ln

130 3569 238 3630 eadem
262 3569 392 3632 ecclesia
415 3577 462 3632 est
485 3569 638 3649 sepultura
652 3568 843 3641 Latinorum,
868 3570 987 3649 quando
1003 3568 1164 3647 aliquando
1189 3571 1307 3631 contin·

129 3675 174 3752 git
196 3674 274 3733 mori
302 3675 333 3734 in
361 3671 555 3745 Alexandria,
586 3676 665 3733 sicut
698 3670 820 3750 patebit.
865 3671 911 3733 Ab
933 3674 992 3735 hoc
1014 3675 1084 3734 loeo
1107 3673 1246 3733 venimus
1270 3669 1309 3732 ad

128 3776 233 3837 locum
255 3779 405 3856 passionis
423 3778 526 3838 Sancti
549 3776 694 3837 iohannis
709 3774 964 3855 Eleemosynarii,
988 3777 1040 3853 qui
1063 3774 1157 3835 etiam
1178 3771 1308 3834 Alexan·

130 3880 236 3942 drinus
257 3880 315 3943 luit
336 3883 515 3961 episcopus,
539 3887 570 3941 ct
592 3882 667 3941 mira
689 3895 744 3938 sua
766 3877 797 3937 in
819 3879 880 3940 vita
903 3879 1008 3956 gessit.

217 3983 334 4046 Deinde
369 3984 407 4046 ad
436 3983 584 4046 sonticum
621 3987 753 4064 primum
786 3980 975 4042 Venetorum
1003 3976 1163 4047 venimus,
1199 3981 1230 4037 et
1263 3975 1308 4033 in·

131 4089 228 4166 gressi
267 4088 415 4167 capellam
448 4088 612 4166 gratiosam
643 4091 675 4147 et
708 4089 846 4145 ornatam
875 4080 1061 4146 visitavimus
1097 4076 1135 4137 ad
1165 4076 1308 4137 invocan-

131 4189 206 4255 dum
220 4191 331 4255 Deum.
375 4190 449 4254 lnde
473 4192 590 4270 egressi
610 4193 643 4252 in
663 4184 833 4251 seeundum
847 4183 1035 4247 Venetorum
1056 4174 1204 4321 tpptteum
1226 4171 1309 4237 veni·
