2874 4770
682 179 745 246 201

125 359 277 415 ettotam
297 355 416 417 vultum
437 371 542 416 meum
563 354 764 416 foetidissimo
792 361 882 434 sputo
912 351 1066 416 defluente
1097 368 1155 430 per
1183 352 1308 413 barbam

125 450 220 537 super
249 462 376 536 cappam
404 476 513 519 meam.
565 458 612 518 Ad
641 460 717 517 bano
747 465 849 518 autem
878 456 1093 516 contumeliam
1120 457 1194 516 nibil
1226 456 1307 516 aliud

125 543 228 622 lacere
261 563 348 640 potui
378 579 435 621 nec
463 563 540 634 leci,
571 565 628 623 nisi
661 563 742 640 qood
773 562 994 622 immunditiam
1017 562 1145 621 abstersi
1181 570 1211 621 et
1233 581 1306 640 pro·

127 666 216 726 cessi.
261 665 409 726 Venimus
438 685 510 745 ergo
541 666 578 727 ad
601 667 764 726 ecclesiam
786 664 818 724 S.
841 662 1000 723 Michaelis
1022 663 1243 736 Jacobitarum,
1276 672 1308 726 et

126 772 181 831 ibi·
196 770 332 847 reposito
364 786 492 849 corpote
520 773 552 830 in
581 769 647 847 ejus
679 769 779 829 medio
808 775 839 828 et
867 770 983 828 circum
1011 769 1143 828 incensis
1172 769 1307 830 candelis

127 871 258 934 missam
283 892 339 952 pro
360 876 516 951 praesenti
543 873 688 935 defuncto
717 874 902 932 cantavimus
931 870 1016 947 Juxta
1047 889 1163 933 morem
1193 873 1306 934 ordinis

127 980 239 1049 nostri,
263 979 333 1056 quia
354 977 398 1037 illi
421 975 481 1037 duo
495 978 591 1036 nostri
606 975 735 1045 iratres,
758 975 931 1052 capellanus
947 975 1066 1035 scilicet
1082 976 1307 1037 Cataloniorum

127 1080 391 1154 et'tanuensium,
414 1099 479 1141 rem
496 1096 618 1139 omnem
632 1078 820 1138 ordinabant.
848 1078 973 1150 Pateor,
995 1096 1045 1136 me
1060 1079 1116 1138 sub
1132 1079 1190 1138 boc
1206 1079 1306 1138 officio

128 1189 161 1244 et
181 1185 212 1244 in
235 1184 283 1243 bis
305 1185 474 1262 exsequiis,
504 1185 627 1253 timore,
660 1181 852 1258 displicentia
880 1189 911 1241 et
934 1181 1064 1261 quadarn
1086 1184 1131 1242 ira
1154 1182 1306 1253 allectum,

129 1289 190 1347 imo
213 1294 245 1347 et
267 1288 349 1365 gravi
372 1288 515 1366 scrupulo
544 1285 682 1346 functum
711 1302 767 1361 pro
791 1302 843 1356 eo,
876 1284 958 1363 quod
982 1293 1086 1346 nostro
1110 1285 1306 1346 dilectissimo

130 1390 271 1451 deiuncto
299 1408 359 1449 non
389 1389 444 1450 luit
467 1389 601 1467 undique
631 1390 786 1467 provisum
818 1395 852 1447 ut
880 1388 1043 1451 decuisset.
1088 1389 1211 1451 Utinam
1239 1389 1306 1466 ejus

132 1511 241 1572 corpus
262 1492 352 1553 hodie
375 1500 460 1554 esset
483 1495 650 1570 repositum
672 1494 703 1551 in
726 1493 894 1569 sepulchris
917 1496 980 1554 suis
996 1495 1138 1572 paternis,
1160 1493 1209 1554 rel
1232 1493 1305 1553 luis-

133 1603 181 1656 set
196 1599 390 1657 commissum
405 1599 500 1656 sacris
515 1596 603 1657 undis
626 1596 727 1666 maris,
751 1596 830 1673 quod
846 1598 945 1674 potius
960 1598 1090 1669 mallem,
1112 1614 1204 1675 quam
1226 1595 1307 1674 quod

133 1699 290 1760 humatum
329 1707 376 1761 est
411 1702 441 1761 in
470 1700 601 1760 eeclesia
628 1700 701 1759 mihi
731 1702 893 1780 plurimum
922 1711 1064 1782 suspecta
1096 1711 1126 1762 et
1153 1705 1183 1764 in
1212 1721 1307 1782 specu

132 1801 336 1875 abominabili,
366 1823 427 1864 non
450 1804 574 1882 quidem
597 1822 633 1864 ex
655 1822 707 1876 se,
738 1805 792 1865 sed
824 1823 860 1865 cr
884 1806 1057 1868 conditione
1078 1808 1309 1868 inofficiantium

131 1906 292 1967 ecclesiam
313 1908 406 1968 illam.
437 1907 552 1969 Verum
574 1915 620 1968 est
643 1916 761 1981 tamen,
785 1909 866 1990 quod
888 1912 970 1971 nulla
993 1915 1204 1991 oportunitate,
1226 1911 1309 1973 nulla

128 2012 178 2073 via
196 2011 257 2072 alia
279 2014 435 2091 potuimus
456 2010 615 2089 providere
638 2012 781 2073 defuncto
813 2022 926 2075 nostro.
959 2014 1063 2094 ltaque
1087 2019 1180 2076 missa
1203 2016 1307 2075 termi-

129 2121 200 2175 nata
213 2115 416 2192 patefecimus
432 2133 568 2194 specum,
592 2118 643 2194 qui
659 2115 763 2194 granth
779 2118 879 2196 lapide
895 2118 1099 2190 claudebatur,
1122 2126 1154 2179 et
1172 2126 1308 2179 nostrum

128 2221 216 2297 pium
238 2220 416 2281 defunctum
436 2221 655 2281 intromisimus
679 2227 709 2280 et
736 2222 801 2279 sine
824 2220 1048 2298 superjectione
1063 2229 1162 2282 terrae
1177 2220 1309 2298 lapidem

134 2324 337 2398 reposuimus.
382 2323 509 2402 Sepulto
532 2323 675 2384 defuncto
698 2324 843 2384 solvimus
865 2326 1014 2386 ecclesiae
1037 2325 1080 2385 illi
1103 2343 1157 2384 sua
1176 2323 1254 2400 jura,
1278 2329 1309 2382 et

134 2422 273 2484 dominus
308 2425 515 2498 bemhardns,
550 2428 744 2506 dignissimus
780 2426 930 2498 decanus,
972 2427 1137 2488 liberaliter
1169 2425 1308 2485 omnibus

133 2529 278 2605 pecunias
307 2527 407 2599 dedit,
444 2536 476 2590 ct
498 2531 549 2591 illo
569 2532 618 2592 die
651 2550 705 2610 pro
736 2531 934 2591 tumulatione
966 2530 1100 2590 defuncti
1130 2530 1224 2589 nostri
1253 2527 1308 2587 du-

133 2636 218 2690 catos
249 2635 388 2712 exposuit
416 2652 477 2694 non
508 2653 632 2714 paucos.
676 2635 786 2713 Sicque
818 2635 950 2713 regressi
972 2634 1062 2693 simul
1093 2632 1216 2693 domum
1240 2647 1309 2690 cum

131 2737 282 2796 moestitia
303 2737 461 2815 prandium
484 2741 658 2800 sumsimus.
688 2738 816 2800 Peracto
840 2738 964 2819 prandio
987 2739 1155 2815 incepimus
1178 2754 1234 2796 nos
1258 2753 1307 2794 ce·

130 2841 236 2899 leriter
258 2839 421 2919 disponere
444 2842 482 2903 ad
504 2845 676 2921 ingressum
699 2845 834 2917 narium,
858 2851 889 2904 et
904 2844 997 2922 aliqui
1015 2842 1115 2901 soluto
1130 2842 1249 2919 hospite
1272 2858 1308 2900 er

130 2951 195 3004 toto
224 2954 419 3006 recesserunt
448 2947 486 3007 ad
519 2965 602 3008 mare
639 2949 767 3028 amplius
799 2951 831 3009 in
862 2950 1014 3009 civilatem
1055 2965 1118 3006 non
1147 2945 1307 3008 reversuri.

130 3044 227 3107 Multa
249 3055 351 3108 autem
368 3050 494 3110 ‘occulte
518 3050 741 3129 deportavimus
771 3054 827 3114 sub
854 3052 1044 3115 vestimentis
1072 3049 1109 3110 ad
1130 3067 1238 3120 naves,
1269 3048 1308 3108 de

131 3150 240 3227 quibus
255 3170 317 3211 non
331 3152 484 3212 modicum
499 3153 653 3215 teloneum
667 3158 858 3233 accepissent
885 3157 941 3216 sub
956 3162 1059 3234 porta,
1083 3158 1117 3212 ut
1141 3153 1308 3212 balsamum

131 3258 162 3313 et
184 3271 319 3331 gemmas
342 3262 374 3314 et
396 3256 455 3316 alia
476 3275 567 3335 parva
589 3261 732 3337 pretiosa.
773 3260 836 3336 Ego
853 3260 907 3318 sub
923 3275 1019 3336 cappa
1043 3257 1128 3336 plura
1153 3255 1309 3335 deportavi

130 3356 203 3415 mihi
226 3374 282 3435 per
304 3358 421 3418 nobiles
437 3359 561 3431 credita,
584 3368 615 3420 et
639 3364 695 3432 ita,
719 3368 752 3421 ut
776 3363 866 3422 etiam
880 3363 1017 3422 visitatos
1040 3378 1102 3420 non
1119 3354 1174 3437 (b)
1197 3359 1308 3418 luerint

130 3477 226 3538 penes
248 3478 298 3520 me
320 3463 451 3522 inventa.
482 3463 612 3535 Quidam
634 3471 736 3525 autem
759 3466 859 3523 minus
882 3469 1048 3524 cauterem
1077 3463 1160 3523 illam
1182 3469 1307 3540 agentes

131 3563 252 3623 luerunt
281 3564 337 3624 sub
368 3573 454 3643 porta
475 3568 597 3645 spoliati
627 3575 658 3627 et
681 3568 795 3637 coacti,
828 3567 957 3645 pecunia
979 3564 1130 3626 redimere
1153 3583 1223 3626 suas
1247 3583 1305 3624 res.

131 3665 262 3738 Quidam
285 3666 372 3727 miles
395 3675 510 3729 emerat
533 3669 665 3748 gladium
689 3671 929 3739 sammonicum,
953 3687 1045 3746 quem
1062 3668 1224 3747 deportans
1247 3687 1306 3728 non

129 3772 208 3831 bene
231 3772 451 3843 occultaverat,
486 3791 578 3850 quem
604 3775 742 3835 videntes
772 3773 916 3834 custodes
946 3779 1052 3852 portae
1085 3773 1141 3832 sibi
1171 3773 1307 3833 absolute

130 3881 313 3952 receperunt
334 3893 392 3936 neo
415 3894 486 3936 eum
508 3879 670 3938 restituere
692 3877 846 3948 solebant,
880 3877 971 3936 etiam
997 3876 1064 3938 data
1086 3875 1191 3953 majori
1214 3894 1306 3956 pecu·

130 3980 197 4048 nia,
230 3994 321 4054 quarn
342 3980 470 4040 valebat.
515 3980 583 4039 Non
606 3983 687 4040 enim
709 3983 815 4058 quovis
839 3980 929 4040 modo
962 3980 1137 4051 admittunt,
1169 3988 1204 4041 ut
1226 3998 1308 4041 arma

131 4077 329 4158 deportentur
351 4082 388 4143 ad
410 4100 518 4154 naves,
550 4100 608 4142 nec
630 4083 786 4144 teloneum
809 4086 958 4161 recipiunt
980 4081 1018 4142 de
1042 4084 1105 4153 eis,
1132 4083 1188 4144 scd
1209 4089 1307 4144 totum

133 4182 261 4257 rapiunt.
306 4183 393 4246 Unde
422 4185 510 4246 miles
541 4185 593 4246 ille
623 4188 813 4264 reingressus
842 4187 949 4249 urbem
975 4183 1166 4247 Mamalueco
1190 4186 1307 4248 cuidam
