2902 4710
671 84 676 91 ’
741 103 807 173 rra

185 300 244 346 reo
266 281 374 359 aliquis
396 297 503 343 navem
524 268 665 341 bellicam
686 296 741 357 pro
765 295 799 339 se
823 283 855 340 et
874 280 1027 358 propriam
1054 280 1158 352 hahet,
1188 282 1247 344 nisi
1269 281 1362 344 tuerit

184 389 241 449 sibi
264 386 302 448 de
325 387 384 448 hoc
407 385 557 447 archanali
580 400 617 444 ex
639 384 870 444 armamentario
893 382 924 444 S.
948 381 1043 445 Marci
1066 400 1222 446 concessa.

271 489 367 561 Multa
389 489 463 550 mira
485 478 615 550 vidimus
637 488 669 548 in
691 487 749 547 hoe
773 486 922 547 archanali
943 487 1141 551 instrumenta
1164 507 1240 552 nova
1262 495 1293 551 et
1309 508 1361 552 ve·

184 603 263 666 tera,
287 594 394 672 quibus
417 593 552 653 civitates
576 596 608 650 et
630 607 722 668 regna
738 595 973 668 superaverunt,
997 608 1066 652 nam
1088 594 1205 655 vexatio
1228 595 1360 674 proelio·

183 718 250 762 rum
272 698 415 776 frequens
437 703 469 757 et
491 695 588 774 gravis
603 695 686 773 ipsis
708 694 834 756 Venetis
856 693 1045 757 intellectum
1074 696 1156 759 dedit
1179 698 1217 760 ad
1239 700 1361 777 ingenia

182 803 290 864 bellica
336 799 542 880 excogitanda.
606 797 675 858 Noa
722 799 803 859 erim
844 815 966 876 semper
1001 802 1131 863 victores
1169 804 1358 874 exstiterunt,

187 908 243 970 sed
275 908 388 987 pluries
418 905 561 984 prostrati
596 908 627 963 et
656 903 817 981 angustiati
847 901 983 975 luerunt,
1021 909 1084 964 tam
1125 905 1360 967 abinhdelibus

183 1031 273 1092 quam
300 1009 486 1071 ofidelibus.
531 1007 608 1068 Nam
639 1024 716 1068 anno
743 1006 863 1067 Domini
893 1003 975 1070 1367
1001 1005 1179 1088 (leonenses
1203 1009 1278 1072 adeo
1304 1027 1359 1070 eos

183 1122 387 1187 arctaverunt,
425 1120 459 1174 ut
491 1112 623 1173 chartam
657 1117 689 1171 et
720 1117 921 1172 atramentum
955 1112 1000 1170 eis
1037 1113 1207 1184 mitterent,
1248 1131 1358 1192 accep·

181 1222 241 1281 turi
269 1221 369 1297 leges,
405 1234 479 1295 quas
504 1214 681 1277 Genuerses
711 1214 942 1293 imposuissent,
975 1221 1009 1276 ut
1040 1199 1147 1296 pacem
1176 1224 1208 1278 et
1237 1218 1359 1280 dextras

182 1322 298 1386 darent.
344 1320 405 1382 Sed
429 1337 535 1399 pacem
560 1318 769 1381 Genuensibus
793 1318 890 1400 (21ss
906 1314 950 1398 a)
973 1320 1085 1381 hahere
1115 1320 1286 1384 nolentibus
1309 1340 1358 1384 re·

181 1430 340 1489 currerunt
355 1424 464 1488 Veneti
478 1410 524 1486 'ad
547 1439 629 1485 arma
659 1428 690 1484 et
712 1424 827 1501 ingenti
850 1422 936 1503 plaga
959 1441 976 1484 a
999 1441 1033 1484 se
1056 1426 1234 1504 repulerunt
1261 1409 1358 1488 elatos

181 1532 374 1602 (leonenses,
409 1537 440 1591 et
463 1547 538 1609 quos
568 1531 599 1589 in
629 1529 755 1606 gratiam
781 1529 919 1607 recipere
948 1528 1126 1619 noluerunt,
1156 1512 1221 1606 jam
1251 1547 1359 1592 eorum

181 1637 306 1716 gratiam
329 1633 536 1714 precabantur.
765 1694 767 1698 ,
1185 1705 1188 1711 ¹
1335 1707 1338 1713 Ι

267 1738 312 1799 De
343 1738 445 1800 multis
474 1737 603 1815 legimus
632 1735 819 1823 Venetorum
848 1736 936 1797 bellis
970 1742 1000 1798 et
1022 1737 1182 1817 triumphis
1189 1758 1198 1810 ;
1235 1754 1359 1817 semper

181 1844 261 1904 euim
283 1842 386 1902 habuit
409 1848 440 1902 et
461 1839 552 1901 hodie
575 1840 665 1924 habet
687 1841 826 1900 inimicos
849 1838 970 1920 plures,
1005 1847 1066 1904 tam
1097 1842 1233 1903 occultos
1264 1859 1358 1920 quam

180 1944 374 2017 manifestos,
391 1936 477 2022 cujus
490 1962 611 2005 causam
623 1946 756 2023 assignat
768 1945 927 2017 Socrates,
955 1942 1073 2007 dicens:
1096 1945 1224 2008 felicitas
1236 1963 1361 2024 semper

179 2047 317 2125 subjecta
345 2055 392 2109 est
414 2047 560 2121 invidiae;
594 2045 659 2110 sola
687 2050 768 2110 enim
800 2042 921 2111 miseria
952 2056 1034 2111 caret
1062 2051 1181 2113 invidia.
1226 2052 1264 2113 Et
1287 2054 1360 2131 quia

178 2149 288 2214 Veneti
311 2169 429 2215 summa
451 2158 547 2214 status
570 2152 666 2215 civilis
682 2154 817 2232 potentia
837 2152 1005 2216 felicissimi
1021 2161 1107 2227 suut,
1131 2154 1200 2216 ideo
1215 2158 1358 2221 omuibus

177 2254 287 2318 invidis
317 2255 423 2317 odiosi.
469 2254 515 2316 Ile
539 2255 726 2319 Venetorum
757 2256 862 2329 bellis,
894 2257 1053 2336 triumphis
1083 2264 1115 2320 et
1137 2259 1263 2321 diversis
1286 2279 1358 2323 suc·

180 2361 315 2422 cassibus
339 2361 508 2422 luculenter
530 2367 561 2421 et
584 2361 708 2440 copiose
739 2359 859 2422 disserit
878 2358 922 2423 M.
937 2360 1085 2423 Antonius
1112 2362 1279 2426 Sabellicus
1302 2368 1360 2444 per

178 2465 290 2527 multos
312 2465 404 2526 libros
427 2482 534 2533 rerum.
551 2464 738 2528 Venetorum
760 2465 796 2527 ab
817 2466 892 2527 urbe
916 2465 1045 2527 condita.

445 2765 681 2841 Ecclesiarum
707 2767 859 2840 maxima
887 2768 1084 2842 multitudo.
1171 2754 1174 2760 ’

264 2979 409 3058 Quintum
431 2987 669 3049 commendabile
693 2990 821 3051 civitatis
840 2989 1027 3062 Veratianae
1050 2998 1098 3054 est
1120 2991 1279 3057 multitudo
1303 3012 1356 3057 ec·

176 3083 339 3150 clesiarum
368 3096 399 3150 at
421 3088 513 3152 divini
536 3074 635 3152 cultus
658 3091 778 3170 grandis
801 3093 975 3155 celebratio.
1015 3096 1057 3158 Ex
1073 3114 1132 3177 quo
1149 3100 1232 3161 enim
1245 3099 1358 3163 Veneti

177 3190 285 3255 divites
309 3199 395 3267 suut,
423 3193 494 3256 ideo
518 3194 615 3257 diviua
639 3201 709 3257 sunt
731 3197 942 3278 multiplicata,
973 3201 1043 3277 quia
1066 3200 1246 3266 Aristoteles
1268 3204 1355 3266 llthi·
1394 3278 1397 3287 .

177 3313 321 3359 corum..
345 3297 432 3371 dicit,
456 3298 538 3378 quod
561 3317 620 3361 una
642 3300 721 3362 bona
744 3307 775 3362 et
798 3301 1046 3364 commendabilis
1067 3285 1205 3368 ¹conditio
1228 3306 1356 3370 divitum

176 3405 239 3472 est,
263 3399 345 3480 quod
365 3401 444 3465 bere
468 3394 511 3464 se'
525 3402 637 3464 habent
659 3403 698 3466 ad
720 3403 828 3466 divina.
859 3403 931 3466 ldeo
952 3407 1033 3467 sicut
1054 3409 1086 3468 ir
1109 3408 1220 3472 divitiis
1241 3411 1272 3471 in
1295 3413 1354 3472 im·

174 3522 315 3567 mersum
338 3513 517 3580 creverunt,
540 3508 585 3568 sic
608 3506 830 3586 quodammodo
844 3509 875 3568 in
890 3509 1074 3570 immensum
1089 3511 1223 3575 divinum
1238 3515 1355 3578 cultum

176 3617 455 3687 augmentaverunt.
487 3611 675 3690 Stupeudurr
698 3612 835 3690 protecto
859 3618 907 3673 est
927 3613 1031 3676 videre
1053 3615 1276 3679 multitudinem
1300 3637 1354 3680 eo·

175 3711 335 3774 elesiarum
367 3714 607 3792 collegiatarum,
638 3715 867 3794 parochialium,
899 3721 1152 3781 monasteriorum
1186 3727 1217 3782 et
1248 3724 1352 3802 capel-

173 3813 280 3876 larum.
326 3816 392 3877 Non
416 3815 525 3888 credo,
549 3817 631 3896 quod
653 3821 683 3879 in
698 3826 762 3880 tota
777 3820 1000 3883 Christianitate
1022 3824 1052 3884 iu
1075 3824 1174 3903 aliqua
1196 3839 1256 3888 una
1277 3828 1353 3889 civi·

174 3924 236 3980 tate
268 3921 329 3980 sint
359 3925 404 3980 tot
432 3920 582 3982 ecclesiae
617 3922 861 3985 sicutVeretiis.
906 3923 997 3987 Anno
1019 3924 1141 3994 Domini
1163 3926 1246 4002 554,
1280 3949 1352 3992 cum

174 4018 325 4083 Tothilam
340 4021 508 4085 Gothorum
528 4039 632 4102 regem
647 4025 679 4085 ir
693 4023 776 4088 ltalia
790 4029 1028 4107 tyrannicartsm
1042 4029 1170 4106 Narses,
1193 4033 1352 4096 eunuchus

110 4167 114 4173 ι
173 4123 334 4190 iustiniani
355 4127 545 4209 imperatoris
574 4131 684 4195 auxilio
706 4133 852 4198 nobilium
874 4134 1061 4201 Venetorum
1083 4146 1286 4223 prostrasset,
1318 4142 1354 4206 ir
