2874 4770
610 221 617 235 ,
685 167 733 235 dd

122 348 253 417 mineat,
276 349 308 405 et
330 345 356 406 si
378 343 486 422 aliquis
510 339 695 403 occidendus
719 347 780 413 est,
814 340 839 402 si
862 341 944 400 venit
964 339 1058 399 homo
1089 336 1203 398 volens
1226 335 1305 416 plee-

123 448 248 510 teudum
271 464 389 518 emere,
413 444 500 506 datur
523 445 551 504 ei
573 462 628 522 pro
651 443 748 522 pretio
771 445 802 504 in
824 448 1007 522 perpetuum
1029 457 1167 502 servum.

210 540 341 611 Ulterius
372 549 578 627 processimus
612 551 642 606 et
672 547 706 606 in
727 563 821 608 unum
844 544 943 605 iorum
972 545 1098 623 plenum
1132 541 1305 602 homiuibus

124 653 276 723 venimus,
300 651 350 712 ubi
372 651 402 710 in
426 648 557 728 quodam
578 647 635 707 fori
657 649 725 721 loeo
748 649 875 710 vidimus
896 663 1040 725 magnum
1053 646 1220 714 hominurn
1236 663 1304 704 con·

125 771 263 825 cursum;
294 751 415 832 quidam
438 753 519 811 enim
550 748 691 811 Tartarus
723 752 845 814 venales
877 749 1053 818 adduxerat,
1087 746 1166 807 xlll-
1194 765 1304 826 pueros

124 857 290 935 promiscui
320 872 424 924 sexus,
454 859 485 913 et
513 854 555 912 ita
583 852 642 913 levi
669 871 739 913 caro
769 853 840 915 illos
861 853 998 912 homines
1022 847 1191 921 vendebat,
1223 851 1304 909 acsi

125 975 179 1019 eos
203 957 283 1019 furto
306 958 474 1035 rapuisset;
501 961 732 1015 verumtamen
756 961 841 1016 erant
864 954 1031 1032 turpissimi
1052 952 1197 1012 homines
1221 952 1304 1029 quasi

123 1061 254 1132 bestiae,
278 1061 304 1119 si
327 1056 449 1136 quidem
465 1058 593 1117 caeteris
616 1057 802 1129 hominibus,
825 1074 901 1137 quos
924 1058 955 1116 in
978 1053 1103 1125 Oriente
1126 1053 1207 1125 vidi,
1232 1051 1303 1114 Tar-

124 1166 180 1225 tari
204 1171 273 1225 sunt
303 1161 468 1239 turpiores,
500 1164 569 1219 sunt
600 1162 681 1220 enim
710 1162 810 1241 parvi,
842 1167 872 1220 et
904 1175 1026 1238 grossos
1043 1156 1171 1217 'habent
1201 1157 1304 1217 oculos

124 1268 252 1328 multum
285 1264 507 1344 prominentes,
543 1268 705 1340 coopertos
735 1262 902 1341 palpebris,
937 1261 994 1331 ita,
1026 1258 1108 1337 quod
1138 1276 1233 1337 parva
1260 1266 1305 1320 est

124 1376 264 1448 apertura
284 1368 316 1427 in
338 1367 393 1425 eis.
438 1363 556 1425 Habent
577 1366 701 1443 insuper
723 1367 798 1427 latas
821 1363 915 1425 iacies
945 1363 1082 1440 latasque
1104 1359 1239 1432 frontes,
1276 1368 1304 1422 et

124 1478 193 1532 suut
216 1467 380 1536 imberbes,
404 1468 462 1526 nisi
484 1469 514 1526 in
537 1469 686 1545 superiori
709 1468 803 1539 labio,
836 1472 866 1526 et
894 1467 924 1525 in
954 1470 1056 1525 mento
1086 1480 1171 1523 raros
1194 1463 1303 1524 habent

124 1572 202 1651 pilos
230 1579 261 1631 et
291 1571 377 1648 quasi
407 1568 554 1629 volatiles.
599 1569 805 1631 ltidiculosarn
827 1570 938 1630 habent
961 1583 1096 1629 rasuram
1118 1567 1229 1644 capitis
1251 1559 1303 1645 per

129 1673 262 1735 medium
284 1674 390 1753 capitis
415 1671 546 1732 abaure
570 1670 608 1732 ad
630 1689 750 1742 aurern,
772 1675 830 1743 ita,
854 1671 935 1750 quod
957 1671 1063 1732 ambae
1086 1687 1176 1730 aures
1191 1676 1302 1748 patent,

126 1782 158 1836 et
181 1776 216 1836 ab
240 1782 366 1853 utraque
388 1780 473 1852 parte
496 1774 613 1835 aurium
648 1774 748 1853 capilli
770 1776 852 1853 longi
883 1771 1064 1852 dependent.
1110 1771 1190 1832 Sunt
1213 1775 1302 1834 etiam

125 1880 156 1938 in
180 1879 339 1955 posteriori
361 1884 446 1955 parte
463 1878 569 1957 capitis
593 1879 653 1937 rasi
677 1895 797 1938 sursum
821 1882 925 1939 contra
948 1889 1082 1936 rasuram
1097 1890 1154 1952 per
1170 1875 1303 1937 medium

125 1979 262 2050 ductam,
285 1981 363 2040 sieut
385 1982 481 2040 nostri
503 1979 587 2040 stulti
609 1977 754 2040 raduntur
775 1976 950 2057 aliquando,
979 1994 1037 2036 nec
1068 1977 1210 2038 videntur
1234 1979 1304 2038 mihi

126 2083 261 2159 vigentes
285 2081 379 2142 multa
402 2083 532 2153 ratione,
557 2084 627 2160 quia
649 2084 760 2143 habent
781 2082 979 2166 stultissimos
996 2085 1114 2159 gestus,
1139 2078 1209 2140 ideo
1228 2080 1303 2142 sorte

126 2191 197 2246 sunt
219 2184 330 2246 vilioris
355 2191 386 2245 et
409 2185 530 2246 levioris
553 2186 642 2264 pretii
666 2186 731 2246 aliis
754 2184 933 2246 homiuibus.

210 2287 283 2349 lnde
305 2289 458 2368 progressi
492 2290 630 2350 venimus
653 2288 691 2349 ad
713 2297 837 2367 pontem
858 2288 1025 2368 lapideum,
1042 2292 1180 2370 ¹arcuato
1210 2303 1301 2365 opere

125 2399 345 2463 constructum,
370 2390 463 2452 altum
485 2397 516 2451 et
538 2397 705 2461 vetustum,
728 2393 786 2451 iter
809 2392 955 2470 praebens
979 2408 1033 2471 per
1054 2389 1115 2449 Nili
1128 2389 1301 2459 brachium,

125 2496 205 2574 quod
229 2493 360 2555 mediam
382 2501 467 2554 secat
490 2477 620 2554 urbem.⁴
650 2492 696 2553 De
719 2494 771 2554 illo
796 2501 888 2575 ponte
912 2499 942 2554 et
965 2493 1030 2553 aliis
1052 2492 1196 2572 pontibus
1220 2493 1300 2553 urbis

125 2598 226 2677 plures
250 2596 379 2656 inientes
401 2594 608 2656 Hebraeorum
632 2602 702 2656 sunt
724 2599 912 2677 praecipitati
943 2602 1082 2675 ternpore
1104 2593 1239 2674 Moysis,
1270 2600 1301 2654 ut

124 2699 250 2760 habetur
273 2696 365 2759 Exodi
387 2694 409 2755 l.
454 2697 487 2756 ln
509 2699 576 2778 ipso
600 2706 701 2761 autem
723 2709 815 2780 ponte
840 2702 1003 2786 existentes
1025 2698 1156 2761 vidimus
1174 2700 1206 2759 in
1222 2704 1299 2759 utra·

126 2818 184 2878 que
207 2805 292 2879 parte
315 2797 446 2859 lluminis
475 2800 644 2868 laborantes
672 2804 701 2862 iu
730 2803 793 2864 luto
825 2812 855 2865 et
883 2806 977 2865 latere
1001 2803 1138 2865 homines
1163 2804 1299 2871 miseros,

127 2920 232 2963 servos
256 2902 390 2961 emtitios
414 2907 444 2961 et
465 2919 610 2981 personas
632 2906 706 2966 viles
730 2906 767 2967 ad
790 2908 865 2968 haec
887 2908 955 2969 vilia
978 2925 1070 2988 opera
1093 2905 1256 2984 deputatos
1271 2906 1301 2964 in

126 3021 234 3082 magna
257 3002 462 3076 multitudine;
487 3008 513 3066 si
536 3007 658 3085 quidem
680 3010 777 3071 lutum
791 3012 850 3072 Nili
865 3017 953 3072 tenax
969 3018 1029 3084 est,
1052 3012 1083 3071 in
1100 3008 1183 3088 quod
1198 3009 1300 3088 paleas

126 3113 259 3185 ponunt,
283 3113 314 3166 et
327 3105 438 3168 lateres
452 3108 597 3182 formant,
620 3130 677 3172 nec
692 3114 779 3174 aliam
795 3116 1055 3194 praeparationem
1070 3113 1197 3190 requirit
1210 3111 1300 3184 limus

126 3207 193 3279 ille,
218 3214 248 3269 et
270 3209 380 3270 lateres
403 3197 547 3274 formatos
571 3212 609 3274 ad
630 3215 726 3275 solem
749 3225 877 3296 ponunt,
902 3215 987 3293 cujus
1011 3217 1111 3277 calore
1128 3220 1299 3293 coquuntur

127 3314 192 3372 sine
215 3311 331 3373 clibano
354 3321 384 3376 et
406 3312 486 3394 igne‘.
530 3319 568 3379 Et
591 3317 628 3378 de
657 3319 765 3378 talibus
794 3321 939 3381 lateribus
970 3326 1040 3379 sunt
1066 3335 1165 3399 paene
1193 3334 1299 3378 omnes

127 3414 235 3477 domus
258 3416 358 3497 Capri,
391 3419 500 3481 demtis
523 3421 748 3500 pretiosioribus
771 3429 802 3483 et
823 3423 953 3484 turribus
978 3429 1008 3483 et
1030 3422 1199 3494 moscheis'‚
1223 3438 1300 3500 quae

128 3527 198 3580 suut
221 3520 259 3580 de
283 3521 405 3599 quadris
428 3525 534 3584 saxeis.
580 3522 633 3584 lllo
658 3524 733 3585 duro
757 3533 788 3586 et
811 3527 912 3587 servili
936 3543 1030 3605 opere
1046 3526 1209 3586 conabatur
1224 3523 1300 3583 Pha-

127 3639 193 3693 rao,
217 3640 267 3683 rex
289 3622 433 3705 Aegypti,
457 3625 533 3686 lilios
556 3626 648 3687 lsrael
672 3630 860 3709 opprimere,
884 3649 922 3690 ne
938 3631 968 3691 in
985 3635 1101 3690 tanturn
1116 3632 1301 3698 crescerent,

126 3731 160 3785 ut
181 3725 309 3787 habetur
329 3726 422 3790 Exodi
444 3727 465 3786 l.
510 3720 722 3792 Libentissime
746 3733 806 3794 vidi
829 3735 958 3793 miseros
980 3733 1047 3794 illos
1071 3737 1186 3790 stantes
1201 3730 1300 3791 inillo

127 3827 243 3901 labore,
276 3832 346 3908 quia
375 3831 508 3910 inipsis
537 3831 664 3894 liliorum
698 3835 790 3896 lsrael
813 3838 991 3898 servitutem
1013 3835 1172 3898 manifesta
1195 3835 1300 3897 simili-

128 3931 231 3992 tudine
253 3934 399 3996 intuebar.

214 4035 399 4097 Pertransito
425 4041 526 4096 autem
548 4045 641 4116 ponte
664 4041 854 4103 ascendimus
871 4043 908 4104 ad
920 4045 998 4106 latus
1014 4044 1087 4114 Nili,
1112 4048 1143 4102 et
1157 4042 1195 4104 ad
1209 4062 1301 4105 unam

127 4138 259 4217 plateam
282 4139 437 4221 pulchram
460 4141 612 4223 venimus,
643 4159 733 4218 quam
762 4146 994 4211 circumstabant
1022 4148 1099 4209 altae
1129 4143 1237 4207 domus
1269 4152 1302 4206 et
