2902 4710
723 142 787 212 394

169 324 310 406 pontifice
333 340 453 383 summo
477 320 664 382 concedente
688 337 761 380 suae
785 318 991 380 observantiae
1014 319 1210 381 fundamenta
1230 315 1348 394 jecere,

170 433 202 487 et
224 427 260 486 ab
283 444 320 486 eo
343 412 477 487 Justi'nae
500 425 567 485 loco
591 441 791 486 succrescens
816 427 1008 503 congregatio
1031 425 1062 484 S.
1087 422 1223 484 lustinae
1250 421 1348 483 deno-

169 533 281 591 minata
304 536 366 602 est,
390 547 467 608 quae
491 529 684 606 postmodum
706 526 922 588 incredibiliter
945 535 976 588 et
992 529 1062 588 viris
1079 527 1349 606 praestantissimis

170 641 201 695 et
223 634 297 694 locis
322 634 406 694 bonis
429 634 645 710 temporalibus
669 648 867 702 excrescens,
891 638 922 690 et
938 628 993 711 (h)
1018 626 1250 711 per'universas
1274 646 1348 707 pro·

168 740 280 801 vineias
304 755 337 798 se
354 735 532 808 diffundens,
550 737 702 815 Eugenius
726 725 874 815 gloriosus
898 734 1031 814 pontiicx
1045 732 1094 794 lV.
1119 736 1193 792 eam'
1210 732 1349 793 maximis

169 842 332 921 privilegiis
368 847 399 901 et
427 842 666 901 immunitatibus
701 847 731 899 et
755 839 891 900 locorum
914 838 1159 915 concessionibus
1182 836 1349 917 plurimum

166 943 252 1021 juvit.
300 943 358 1016 Qui
380 951 483 1004 nostro
507 943 644 1013 saeculo,
664 949 791 1020 ‘quanto
811 941 976 1021 splendore
998 926 1131 1003 virorum
1154 941 1347 1019 religiosissi-

169 1065 301 1118 morum,
334 1047 485 1120 doctrina,
519 1048 664 1126 gravitate
698 1063 732 1106 ac
755 1047 902 1124 sapientia
933 1047 1192 1115 venerandorum,
1223 1043 1347 1122 fulgeat,

170 1149 272 1211 dicere
296 1170 357 1211 non
381 1155 500 1223 attinet,
532 1152 600 1229 qui,
635 1152 692 1210 etsi
716 1151 875 1210 birretatos
900 1153 982 1210 etin
1007 1148 1252 1211 universitatibus
1274 1164 1346 1225 pro-

168 1260 267 1315 motos
298 1272 411 1332 paucos
442 1254 572 1314 habeant
604 1260 635 1313 et
654 1243 752 1332 pauca
786 1253 975 1314 conscribant
1008 1259 1058 1314 aut
1081 1252 1193 1332 populo
1224 1249 1346 1330 publice

167 1377 227 1419 non
244 1357 424 1431 declament,
447 1366 557 1428 tamen,
574 1375 644 1417 cum
660 1357 878 1436 religiosissimi
894 1359 962 1428 sint,
986 1359 1127 1417 continue
1142 1356 1254 1432 legunt,
1272 1371 1347 1413 con·

167 1465 250 1523 tinue
274 1461 397 1522 student
426 1467 457 1521 et
479 1467 601 1540 tempus
633 1468 715 1521 extra
739 1460 872 1521 divinum
896 1461 1028 1521 cilicium
1052 1479 1112 1521 non
1133 1460 1193 1519 nisi
1214 1457 1347 1536 legendo

168 1565 339 1636 deducunt,
362 1583 420 1626 uec
443 1567 611 1644 patiuntur,
635 1572 759 1644 propter
781 1564 913 1625 studium
931 1563 1065 1625 divinum
1081 1563 1205 1624 diminui
1221 1561 1347 1631 cultum,

167 1688 225 1739 uec
248 1669 381 1730 divinum
404 1668 535 1729 officiunt
559 1668 686 1747 impedit
708 1686 813 1728 eorum
836 1669 906 1729 lelix
929 1668 1072 1729 studium.
1110 1664 1202 1728 -Unde
1237 1663 1349 1726 accidit

169 1773 234 1835 Deo
258 1773 441 1851 opitulante,
466 1780 498 1833 ut
522 1773 599 1852 apud
624 1791 676 1833 eos
700 1774 851 1833 innumeri
872 1775 928 1833 viri
944 1775 1073 1833 existant
1089 1769 1187 1840 docti,
1208 1767 1347 1846 juristae,

166 1877 308 1955 legistae,
340 1878 528 1954 canonistas,
555 1876 741 1955 philosophi,
767 1876 918 1949 rhetores,
945 1872 1192 1953 historiographi,
1223 1877 1347 1933 etanta

168 1982 267 2041 omnia
290 1978 490 2040 fundatissimi
512 1980 662 2059 theologi,
688 1982 738 2059 qui
762 1966 972 2040 obmutescere
988 1978 1100 2039 faciunt
1116 1977 1260 2037 verbosas
1283 1975 1347 2037 cla·

167 2100 329 2160 musasque
354 2075 628 2161 argumentationes
651 2085 848 2145 biretatorum
877 2091 907 2144 et
930 2087 996 2145 sine
1021 2082 1218 2169 fundamento
1241 2080 1345 2139 titula-

167 2187 245 2247 rium
275 2194 491 2264 promotorum.
548 2187 674 2266 lnsuper
706 2187 777 2248 dicti
808 2186 921 2248 domini
953 2188 991 2249 de
1017 2187 1212 2248 vobservantia
1240 2180 1349 2244 Patres

165 2292 319 2352 virtuosae
343 2293 457 2351 activae
481 2293 559 2352 vitae
583 2291 767 2352 lucidissima
791 2289 971 2370 exemplaria
995 2309 1067 2370 prae
1089 2291 1206 2351 cunctis
1222 2288 1347 2349 clarent.

168 2393 251 2465 Quae
275 2396 356 2454 enirn
379 2395 485 2473 religio
508 2402 570 2456 tam
593 2397 674 2475 larga
698 2398 729 2456 iu
746 2397 1009 2474 eleemosynarum
1026 2389 1261 2479 distributione?
1284 2399 1349 2452 tam

165 2501 215 2577 pia
237 2501 267 2558 in
291 2493 501 2577 hospitalitatis
524 2499 729 2561 exhibitione?
754 2501 821 2577 quis
845 2516 958 2577 quaeso
983 2500 1146 2577 episeopus
1171 2499 1215 2573 eis
1239 2497 1269 2555 in
1286 2495 1366 2560 hoc.

168 2601 349 2673 antefertur,
373 2609 424 2662 aut
446 2592 620 2682 certe'quis
645 2601 813 2684 princeps?
840 2601 987 2664 Proiecto
1011 2602 1121 2663 nullus.
1167 2598 1214 2660 Ad
1238 2617 1347 2667 eorum

167 2708 247 2766 enim
270 2708 454 2767 monasteria
478 2707 636 2768 convolant
660 2709 795 2768 examina
818 2724 1001 2786 pauperum,
1025 2711 1059 2766 ut
1081 2704 1142 2764 mel
1158 2703 1201 2777 de,
1215 2700 1345 2765 ornatis·

167 2811 251 2870 simis
274 2814 382 2887 sugant
405 2809 555 2881 flosculis,
588 2813 644 2882 ita,
679 2819 842 2871 uteorum
873 2812 975 2870 curiae
998 2828 1059 2870 non
1090 2807 1250 2870 videantur
1273 2825 1344 2868 esse

166 2913 382 2973 monachorum
405 2920 435 2972 et
459 2913 648 2973 dominorum
670 2915 854 2987 habitacula,
879 2914 933 2975 sed
958 2913 1139 2993 pauperum,
1163 2913 1346 2972 miserorum

166 3023 203 3080 et,
219 3017 446 3094 peregrinorum
470 3017 670 3095 receptacula.
717 2999 818 3095 Super
848 3023 961 3081 omnia
982 3027 1084 3081 autem
1114 3017 1273 3096 religiosos
1306 3015 1345 3076 ad

107 3163 111 3187 .
165 3137 199 3180 se
223 3120 408 3180 declinantes
432 3121 540 3180 eximia
564 3122 701 3192 caritate,
725 3121 811 3180 hilari
831 3120 1019 3197 jucunditate
1043 3122 1225 3198 suscipiunt,
1255 3137 1344 3198 prae-

108 3293 113 3299 ,
167 3225 255 3301 cipue
278 3225 304 3282 si
327 3222 406 3283 docti
431 3230 461 3283 et
485 3224 671 3303 exemplares
695 3226 770 3295 sint,
803 3224 884 3284 unde
908 3243 974 3285 raro
998 3231 1067 3284 sunt
1099 3226 1163 3284 sine
1184 3225 1344 3303 »religiosis

164 3326 343 3407 hospitibus.
374 3326 419 3412 Ad
444 3329 500 3390 hos
516 3328 623 3389 iratres
639 3326 867 3388 Praedicatores
891 3335 922 3399 et
936 3325 1069 3389 Minores
1092 3326 1130 3386 de
1154 3328 1345 3391 observantia

164 3438 317 3510 tamquam
341 3431 378 3491 ad
401 3435 538 3511 proprios
569 3439 733 3493 conventus
768 3433 835 3492 sine
866 3439 948 3494 metu
977 3422 1143 3511 gaudenter
1172 3432 1283 3491 intrant
1312 3438 1345 3492 et

164 3542 225 3596 tam
248 3536 438 3613 frequenter,
471 3543 503 3599 nt
525 3539 556 3597 in
580 3537 731 3596 nonnullis
755 3538 946 3597 monasteriis
971 3538 1079 3597 caritas
1101 3534 1220 3594 illorum
1245 3533 1343 3595 dorni·

163 3657 273 3699 norum
295 3638 497 3717 designaverit
518 3640 578 3700 illis
601 3639 740 3700 iratribus
762 3641 915 3719 proprium
931 3638 1132 3701 habitaculum
1155 3636 1192 3697 ad
1215 3655 1343 3699 manen·

164 3742 251 3814 durn,
271 3745 303 3803 in
328 3761 387 3821 quo
410 3746 450 3803 ita
474 3740 603 3803 delicate
626 3749 792 3803 tractantur
815 3743 851 3804 ab
875 3744 939 3814 eis,
973 3744 1056 3803 acsi
1079 3749 1181 3802 essent
1203 3739 1302 3819 angeli
1326 3759 1343 3803 a

163 3848 228 3907 Deo
245 3848 338 3905 missi.
370 3843 454 3905 Hanc
478 3846 683 3906 charitativam
706 3847 861 3924 hospitum
884 3847 1095 3926 religiosorum
1104 3847 1342 3924 susceptionem

164 3956 195 4010 et
218 3950 427 4010 liberalitatem
449 3951 570 4010 illorum
594 3949 785 4009 dominorum
819 3952 849 4010 in
874 3967 988 4028 egenos
1012 3957 1043 4010 et
1064 3949 1219 4009 mendicos
1242 3951 1352 4027 perch.

163 4055 282 4132 pientes
305 4054 457 4130 principes
482 4060 513 4113 et
535 4053 650 4113 nobiles
674 4071 743 4112 cunr
760 4054 941 4114 exercitibus
958 4060 1148 4115 transeuntes
1164 4052 1341 4131 ingrediun-

163 4162 231 4227 tur,
254 4161 285 4216 et
300 4157 429 4234 quisque
445 4156 623 4228 reutberus,
640 4156 735 4217 cliens
751 4164 782 4218 et
795 4163 926 4218 armatus
942 4158 1111 4220 breviorem
1126 4162 1156 4217 et
1171 4155 1342 4235 longiorem
