2874 4770
691 144 758 215 263

130 321 314 403 pythonem,
346 322 435 383 matri
456 320 665 393 insidiantem,
694 323 847 383 interemit
880 329 913 385 et
946 322 1019 386 dare
1048 340 1194 405 responsa
1217 321 1315 387 diviua

132 428 244 507 coepit.

221 529 274 590 Sic
296 529 329 589 in
349 528 408 589 hac
429 528 527 590 insula
549 530 643 607 geniti
666 535 735 590 sunt
759 529 820 591 duo
850 532 950 609 magni
972 537 1109 595 veterum
1135 533 1193 609 dii,
1221 536 1314 598 Diana

131 633 261 705 scilicet,
285 631 327 693 de
349 648 408 710 qna
429 633 556 694 babetur
577 630 678 693 Actor.
705 629 765 705 19.,
790 642 820 694 et
835 630 952 713 Apollo,
975 637 1006 695 in
1028 641 1183 718 responsis
1208 639 1313 702 dandis

130 741 281 802 maximae
304 738 504 810 celebritatis,
527 739 558 798 in
582 745 712 809 tantum,
736 746 769 798 ut
793 741 884 799 etiam
902 739 1063 800 Christiani
1086 741 1207 803 oracula
1222 742 1313 821 Apol·

131 843 203 904 linis
218 843 320 931 aliqpa
335 847 482 921 pensent,
504 847 538 901 ut
554 847 601 901 est
615 839 708 917 illud:
733 840 843 902 Gnothi
860 849 1001 915 seauton,
1024 843 1133 918 idest,
1156 845 1313 924 Cognosce

132 953 163 1008 te
186 947 300 1028 ipsum.
331 944 569 1024 EtAngustinus
591 942 625 1005 L.
648 943 696 1006 lll.
720 945 759 1005 dc
782 947 902 1007 civitate
925 947 981 1007 liei
999 947 1031 1008 C.
1050 944 1098 1010 tt.
1122 945 1210 1019 dicit,
1234 949 1314 1026 quod

132 1049 256 1112 oracula
278 1047 425 1130 Apollinis
448 1050 558 1125 partim
579 1046 692 1108 luerint
715 1066 731 1108 a
754 1047 819 1108 Deo
844 1055 875 1109 et
896 1049 991 1122 bona,
1026 1052 1134 1128 partim
1156 1070 1173 1114 a
1197 1051 1313 1115 diabolo

115 1155 279 1227 cimela,
310 1159 342 1215 et
365 1152 520 1214 dicebatur
542 1152 617 1212 deus
646 1152 862 1215 divinationum
886 1156 975 1232 eique
1000 1173 1108 1216 corvus
1132 1155 1312 1236 adjungitur,

130 1259 202 1338 quia
224 1275 334 1320 corvus
365 1255 475 1318 dicitnr
502 1256 613 1317 babere
635 1254 729 1317 Lxlv
760 1275 868 1319 vocum
902 1260 1101 1330 mutationes,
1134 1279 1170 1323 cx
1206 1261 1312 1338 quibus

131 1364 246 1443 optime
279 1374 408 1441 augures
435 1361 536 1423 futura
566 1361 825 1440 compre-bendere
848 1364 1032 1424 asserebant.
1078 1364 1195 1425 Dicitur
1218 1366 1311 1424 etiarn

132 1466 208 1528 deus
231 1467 414 1545 sapientiae,
438 1467 508 1544 quia
523 1466 665 1545 physicus
690 1484 816 1544 magnus
839 1474 904 1528 erat
926 1475 957 1528 et
980 1471 1119 1529 inventor
1142 1467 1311 1530 medicinae

113 1573 309 1651 optimaque
336 1572 463 1632 consilia
486 1571 591 1643 dabat,
622 1579 683 1632 tarn
708 1572 737 1632 in
761 1572 944 1634 naturalibus
968 1591 1058 1652 quam
1080 1575 1112 1635 in
1135 1574 1307 1634 moralibus.

128 1675 243 1737 Ferunt
266 1676 347 1737 bauo
369 1676 500 1736 insulam
523 1675 596 1736 olim
618 1675 739 1736 solitam
769 1694 839 1736 cum
870 1676 958 1739 undis
980 1676 1145 1739 fluctuasse
1174 1695 1306 1757 semper,

129 1798 187 1862 pro
210 1799 271 1860 quo
296 1799 365 1842 oum
376 1778 524 1860 Apollinis
547 1779 702 1842 oraculum
725 1784 854 1861 petitum
875 1782 999 1855 fuisset,
1023 1781 1198 1862 respondit,
1220 1799 1260 1842 ne
1282 1783 1313 1842 in

129 1901 168 1945 ca
191 1892 344 1946 mortuum
367 1903 477 1966 corpus
501 1887 698 1965 sepeliretur,
733 1895 764 1948 et
782 1887 875 1965 jussit
905 1890 960 1950 sibl
992 1907 1077 1952 sacra
1100 1889 1248 1969 quaedem
1270 1889 1312 1950 ibi

128 1988 298 2062 celebrari,
321 1991 429 2068 quibus
452 1991 540 2052 iactis
563 1994 693 2054 cessavit
715 1999 814 2055 terrae
838 2001 975 2055 motuum
998 1994 1161 2056 infestatio.

216 2092 250 2154 lu
273 2095 330 2155 bac
351 2095 449 2155 insula
472 2097 678 2157 sanctissimae
702 2098 801 2158 crucis
833 2099 926 2159 virtus
950 2098 1126 2160 mirabiliter
1149 2106 1200 2160 est
1222 2114 1309 2178 prae·

128 2197 262 2275 signata,
294 2216 364 2259 narn
387 2216 457 2259 curn
480 2208 628 2278 perpetuo
658 2201 731 2260 olim
762 2207 908 2262 tremeret
939 2208 971 2262 et
992 2219 1052 2262 una
1078 2219 1147 2262 curn
1168 2201 1310 2263 fluctibus

116 2300 321 2374 moveretur,
344 2304 485 2364 consulto
507 2301 655 2383 Apollinis
679 2304 801 2364 oraculo
825 2310 930 2364 contra
952 2304 1011 2364 boc
1033 2306 1213 2383 periculum,
1238 2302 1310 2364 dicit

128 2403 186 2464 sibi
208 2403 273 2464 deri
296 2406 489 2468 simulacrum
519 2426 555 2469 er
580 2410 706 2468 materia
730 2408 903 2486 dignissima
926 2411 1015 2487 eique
1039 2408 1156 2469 divinos
1179 2408 1310 2468 honores

126 2506 274 2586 impendi.
321 2498 517 2589 Congregatis
549 2513 639 2590 igitur
673 2511 917 2591 prudentissimis
951 2512 988 2573 de
1011 2513 1137 2572 materia
1159 2510 1311 2572 simulacri

113 2608 330 2691 disputabant.
374 2613 508 2676 Primum
541 2634 612 2695 ergo
646 2617 757 2703 visum,
778 2614 833 2676 luit
863 2614 900 2676 de
925 2633 997 2676 auro
1030 2622 1061 2676 et
1084 2621 1223 2694 argento,
1256 2612 1311 2673 sed

125 2716 267 2796 inspecta
287 2721 414 2781 veritate
436 2720 604 2782 refutarunt
631 2722 723 2792 baec,
751 2706 827 2800 'quia
855 2720 1056 2783 infoecundus
1086 2726 1186 2780 terrac
1219 2724 1309 2795 atque

126 2820 257 2883 infelicis
281 2824 377 2884 morbi
401 2825 518 2885 colores
542 2806 617 2886 esse
635 2827 787 2904 putabant,
812 2833 842 2887 et
865 2825 1011 2887 invidiosa
1034 2824 1188 2903 possessio
1213 2827 1307 2892 esset.

128 2928 192 2989 Aes
215 2929 362 2989 etiam'et
383 2927 497 2990 ferrum
520 2928 712 3006 abjecerunt,
736 2932 805 3008 quia
827 2930 899 2991 belli
922 2937 992 2990 sunt
1007 2932 1215 2990 instrumenta.
1246 2924 1310 2986 Sed

127 3048 185 3092 nec
208 3032 283 3092 ebur
304 3032 425 3111 placuit,
448 3052 502 3112 pro
526 3051 579 3105 co,
604 3037 673 3113 quia
695 3037 826 3097 animam
841 3035 990 3116 deposuit.
1019 3034 1165 3114 Lapidem
1182 3035 1306 3095 omnino

127 3138 287 3197 materiam
308 3139 429 3198 inanem
446 3154 514 3198 esse
531 3138 678 3200 dixerunt.
709 3141 760 3201 Sic
785 3159 856 3218 ergo
873 3140 1063 3202 Crisiohthon
1085 3147 1170 3201 vates
1194 3139 1309 3216 lignum

127 3242 268 3321 omnibus
291 3243 433 3319 praetulit
465 3249 495 3303 et
517 3244 651 3325 ligneum
674 3246 890 3307 simulachrum
924 3246 1085 3306 fabricatus
1108 3243 1240 3322 Apollini
1262 3243 1307 3301 in-

124 3344 226 3406 sulam
248 3363 388 3407 securam
410 3347 549 3409 reddidit.
596 3347 657 3410 Sed
681 3355 711 3409 et
733 3348 845 3410 Palladi
879 3351 1077 3409 constitutum
1100 3346 1229 3424 legimus
1253 3345 1308 3421 lig·

127 3464 221 3509 neum
243 3451 448 3513 simulacrum.
493 3454 539 3514 lie
562 3453 608 3513 his
624 3453 692 3514 vide
726 3455 756 3513 in
782 3453 912 3513 Eusebio
946 3451 984 3513 de
1015 3453 1184 3530 praeparat.
1217 3464 1306 3508 evan·

128 3552 226 3631 gelioa
247 3550 281 3613 L.
304 3551 335 3618 3.
359 3555 391 3616 C.
417 3553 448 3618 3.
493 3554 540 3617 Ad
562 3557 639 3637 banc
668 3555 798 3617 insulam
820 3555 975 3634 proiectus
1003 3560 1051 3614 est
1074 3571 1143 3613 curn
1166 3552 1307 3614 universo

128 3660 263 3719 exercitu
285 3676 341 3720 suo
363 3660 415 3721 ille
438 3659 656 3721 audacissimus
678 3668 822 3738 tyrannus
845 3658 1001 3731 Brennus,
1032 3657 1202 3719 Succorum
1225 3657 1306 3735 prin·

127 3777 217 3842 ceps,
248 3765 300 3842 qui
322 3762 479 3842 subjugata
500 3765 596 3825 Roma
627 3783 697 3825 cum
726 3761 811 3824 ltalia
834 3762 992 3825 Graeciam
1022 3762 1148 3825 vastavit
1182 3766 1214 3821 et
1246 3776 1307 3819 nou

128 3867 229 3929 solum
250 3869 282 3928 in
314 3867 456 3930 homines
484 3869 540 3930 sed
562 3875 593 3930 et
620 3870 650 3930 in
674 3867 748 3929 deos
773 3867 934 3938 desaeviit,
968 3885 1027 3947 qua
1050 3872 1174 3947 propter
1196 3864 1226 3923 in
1249 3861 1307 3920 hac

128 3976 228 4038 maula
260 3993 441 4052 responsum
466 3974 591 4053 lugubre
623 3968 771 4051 Apollinis
800 3972 935 4051 accepit,
967 3977 999 4033 et
1020 3972 1061 4032 ita
1084 3971 1114 4032 ei
1136 3964 1245 4030 accidit
1275 3968 1307 4024 ut

130 4079 259 4150 audivit,
282 4080 361 4140 siout
381 4077 458 4139 inira
480 4083 565 4156 patet
586 4075 638 4135 iol.
662 4073 725 4138 227
748 4093 774 4137 a.

217 4184 306 4247 Dicta
328 4191 432 4247 autem
454 4189 501 4245 est
523 4183 598 4244 baec
621 4181 718 4242 insula
740 4180 850 4255 Delos,
874 4187 907 4243 ut
929 4182 1038 4243 fertur:
1069 4180 1140 4253 post
1161 4171 1306 4234 diluvium
