2874 4770
685 182 748 251 stt

214 360 310 440 Igitur
332 379 401 424 cum
423 362 505 423 bono
519 367 611 423 vento
623 361 745 422 fortiter
757 361 933 442 navigantes
955 361 985 421 in
1002 359 1191 423 Corinthium
1208 361 1307 421 sinum

126 456 269 528 venimus
300 472 332 525 et
354 466 456 525 multis
478 463 585 524 insulis
609 467 804 542 transgressis
828 464 1076 544 contraEpyrum
1101 466 1306 543 processimus

132 575 167 628 et
182 569 211 628 in
227 567 407 645 Epyroicum
431 584 513 628 mare
537 570 675 628 venimus
698 575 804 628 contra
821 569 982 647 Corcyram
997 569 1134 640 insulam,
1158 567 1195 627 ad
1218 584 1307 645 quam

83 709 89 717 ·
129 674 251 733 navium
275 678 371 732 rostra
394 672 557 741 vertimus,
582 670 636 732 sed
659 674 729 749 quia
752 673 798 732 sol
817 671 881 749 jam
904 674 934 732 in
958 674 1097 733 occubitu
1122 678 1202 741 erat,
1234 670 1307 730 Cor·

129 794 231 856 cyram
264 777 411 852 attingere
443 793 504 834 non
539 774 687 835 valuimus
718 793 777 836 nec
800 774 967 856 procedere
1000 776 1151 851 potuimus
1183 781 1308 852 propter

128 879 170 939 ibi
193 880 421 940 scabrositatem
444 879 546 938 maris.
578 877 651 938 ldeo
674 881 770 939 eversi
794 886 897 939 contra
920 879 1062 949 insiliam,
1087 877 1164 941 Paro
1188 878 1306 948 dictem,

127 982 354 1060 applicavimus.
400 982 463 1059 Ego
487 988 560 1059 puto
583 981 670 1042 hanc*
684 999 753 1043 esse
775 981 945 1044 Ericusam:
973 982 1013 1042 ibi
1037 982 1177 1045 anchoris
1201 983 1306 1060 ejectis

127 1090 160 1145 et
182 1087 315 1147 navibus·
331 1085 470 1145 stabilitis
493 1090 615 1144 noctem
639 1086 766 1162 egimus.

215 1188 368 1250 vicesima
392 1189 457 1260 die,
490 1195 556 1248 orto
580 1187 661 1259 sole,
693 1188 792 1250 soluta
821 1188 918 1249 classe
949 1196 1054 1249 contra
1077 1189 1237 1268 Corcyram
1261 1191 1305 1248 in-

125 1293 224 1354 sulam
247 1295 466 1372 navigavimus;
500 1294 541 1354 ibi
572 1295 669 1371 primo
700 1293 827 1354 vidimus
851 1293 1024 1365 Fallarium,
1060 1293 1207 1372 Corcyrae
1236 1312 1304 1371 pro·

127 1399 324 1468 montorium,
348 1414 466 1476 exque
490 1399 519 1456 in
544 1415 626 1457 mare
650 1397 839 1476 protenditur
861 1398 1022 1476 scopulus,
1047 1415 1137 1476 quern
1161 1415 1176 1457 a
1199 1396 1304 1456 simili·

127 1500 233 1561 tudine
254 1499 372 1580 Ulyssis
405 1519 512 1564 navem
544 1502 640 1562 fuisse
673 1501 773 1562 dixere
803 1504 925 1562 vetusti.
971 1501 1122 1579 Scopelus
1153 1501 1202 1560 hic
1232 1501 1305 1560 satis
1413 1560 1418 1571 ,

128 1604 303 1665 horribilem
325 1606 411 1665 navis
434 1607 577 1684 speciem⁸
592 1605 690 1666 habet.
735 1602 807 1665 lude
832 1607 1002 1684 gyravimus
1024 1606 1167 1674 insulam,
1199 1610 1230 1663 et
1251 1620 1305 1663 ne·

131 1707 275 1784 gligentia
297 1714 454 1769 nautarum
476 1709 587 1770 lactum
611 1715 672 1779 est,
695 1715 728 1770 ut
751 1716 877 1769 cunctae
902 1709 1005 1788 galeae
1027 1716 1096 1769 aute
1124 1726 1180 1768 nos
1203 1712 1307 1767 essent

131 1812 275 1887 inportu
300 1811 465 1888 Corcyrae,
499 1831 566 1873 oum
598 1820 698 1874 tamen
721 1821 841 1883 nostra,
876 1815 907 1873 in
937 1831 995 1891 qua
1023 1819 1087 1873 erat
1118 1820 1252 1891 potestas
1276 1817 1307 1871 et

131 1915 321 1994 praefectura
347 1918 466 1988 classis,
491 1926 560 1979 ante
583 1919 656 1979 alias
676 1916 745 1995 jure
768 1916 887 1995 ingredi
910 1916 1074 1978 debuisset.
1105 1915 1192 1978 Unde
1216 1935 1306 1996 prop-

128 2026 177 2081 ter
199 2020 277 2080 banc
302 2038 423 2084 oausam
447 2022 618 2100 praefectus
641 2027 811 2082 armaturae
835 2020 940 2081 classis
962 2029 1084 2082 nostrae
1101 2040 1170 2083 cum
1185 2021 1306 2081 naucle-

129 2126 171 2186 ris
195 2127 386 2186 contentiose
418 2127 558 2204 litigavit,
584 2128 633 2186 cui
656 2127 722 2186 vice
746 2142 833 2186 versa
855 2126 885 2184 in
909 2124 1019 2185 faeiem
1042 2127 1235 2196 restiterunt,
1269 2123 1307 2185 ad

128 2226 212 2306 quod
234 2227 364 2305 litigium
386 2229 466 2290 filius
482 2232 633 2308 armiregii
650 2232 795 2300 accurrit,
819 2232 870 2290 uni
887 2229 923 2290 de
940 2230 1187 2308 gubernatoribus
1205 2230 1307 2308 galeae

130 2331 347 2409 improperavit
362 2335 461 2395 uxoris
477 2353 551 2396 suae
568 2337 784 2406 meretricium,
809 2334 889 2412 quod
905 2335 955 2395 ille
972 2337 1076 2412 iniquo
1092 2338 1190 2395 animo
1205 2334 1306 2394 ferens

132 2440 251 2512 captata
273 2435 360 2507 bora,
392 2445 552 2518 antequam
583 2442 614 2500 in
637 2448 758 2518 portum
782 2440 930 2518 Corcyrae
953 2441 1142 2508 veniremus,
1178 2438 1307 2497 cultrum

131 2538 266 2616 scapulis
290 2537 356 2615 ejus
379 2541 486 2615 inlinit,
509 2550 539 2605 et
562 2544 665 2623 lapsus
691 2552 773 2604 extra
796 2563 922 2615 navem,
945 2546 1000 2606 sub
1020 2561 1127 2622 prorae
1150 2548 1249 2602 rostro
1273 2541 1307 2600 ab

134 2648 219 2702 extro
241 2644 377 2723 pendens
401 2664 435 2707 se
459 2644 626 2719 continuit,
651 2667 809 2727 quousque
833 2667 887 2728 per
909 2649 1061 2709 barrama
1084 2647 1147 2706 suis
1164 2644 1309 2704 abductus

131 2748 163 2806 in
189 2747 277 2809 eliam
300 2750 417 2827 galeam
439 2751 506 2812 luit.
555 2750 631 2813 Tota
655 2761 756 2814 antem
779 2753 864 2832 galea
885 2754 943 2814 luit
966 2751 1064 2832 (193
1080 2747 1123 2827 a)
1148 2755 1307 2819 commota,

130 2856 161 2913 et
185 2849 393 2914 discurrerunt
415 2873 470 2933 per
492 2835 626 2935 galeam,
650 2859 761 2936 ubique
785 2865 966 2935 quaerentes
980 2857 1189 2917 vulnerantem
1211 2855 1242 2912 in
1265 2852 1306 2913 la·

127 2954 233 3014 tibulis
250 2962 281 3016 et
296 2958 511 3035 penetralibus,
536 2960 591 3022 sed
604 2980 674 3022 non
689 2961 745 3021 luit
760 2963 914 3033 inventus,
939 2960 1153 3022 affirmantibus
1169 2958 1306 3037 galeotis,

129 3057 213 3135 quod
236 3066 319 3120 extra
342 3061 458 3138 galeam
476 3065 655 3137 cecidisset,
679 3084 734 3126 nec
751 3065 806 3127 luit
822 3065 972 3144 proditos,
997 3065 1132 3144 pendens
1149 3063 1184 3123 ed
1200 3077 1307 3140 prorae

127 3168 279 3234 rostrum,
303 3163 358 3224 sed
381 3183 438 3226 nec
460 3167 510 3227 ille
533 3169 633 3228 laesus
657 3168 713 3229 luit
735 3177 871 3231 mortuus
894 3189 952 3231 neo
977 3169 1106 3231 multum
1125 3167 1306 3228 debilitatus.

127 3263 163 3325 ln
186 3266 246 3325 isto
268 3264 413 3327 disturbio
437 3277 557 3346 portum
580 3273 728 3351 Corcyrae
752 3276 881 3352 ingressi
911 3292 1014 3334 sumus
1044 3280 1075 3332 et
1107 3288 1214 3348 magna
1239 3286 1308 3328 crim

127 3370 324 3430 solemnitate
348 3375 463 3450 recepti
483 3391 550 3453 per
580 3377 701 3454 pulsum
733 3393 943 3454 campanarum
973 3379 1003 3436 in
1027 3373 1144 3434 duobus
1168 3371 1308 3439 castellis,

128 3480 162 3535 et
185 3490 240 3550 per
264 3473 420 3550 clangores
444 3476 597 3549 tubarum,
632 3485 663 3538 et
685 3495 776 3539 voces
808 3485 838 3539 et
861 3479 1007 3539 clamores
1040 3475 1243 3553 gaismarum,
1279 3478 1309 3530 et

129 3577 278 3654 strepitus
299 3577 547 3650 bombardarum,
572 3599 640 3641 cum
664 3580 802 3641 omnibus
826 3580 1077 3649 solemnitatibus,
1102 3576 1210 3654 quibus
1236 3594 1307 3635 oon-

129 3687 255 3742 ouetum
277 3687 326 3741 est
347 3698 439 3742 naves
462 3684 619 3762 grandium
643 3685 755 3762 recipi,
780 3684 927 3762 siquidem
950 3687 981 3745 in
1004 3686 1070 3763 ipso
1094 3688 1180 3761 portu
1198 3680 1306 3758 Corcy-

130 3803 183 3846 rae
207 3789 328 3862 praeter
349 3795 441 3846 naves
466 3790 571 3850 classis
594 3797 715 3851 nostrae
748 3790 845 3850 stabat
875 3791 930 3851 alia
964 3793 1077 3849 armata
1111 3789 1215 3849 classis
1239 3805 1308 3846 cum

129 3888 250 3950 falcatis
273 3890 438 3952 biremibus
461 3892 497 3954 od
522 3894 691 3955 custodiam
714 3895 819 3965 maris,
855 3896 924 3972 quia
945 3894 997 3954 illo
1020 3894 1051 3952 in
1073 3900 1211 3971 ternpore
1231 3890 1307 3951 Her-

132 3993 234 4065 cules,
258 3993 316 4055 dur
339 3995 556 4066 lomenensis,
587 4015 679 4075 quem
702 4003 825 4058 senatus
848 3998 982 4061 Venetus
1004 3999 1034 4057 in
1058 3996 1223 4058 dominium
1246 3992 1307 4053 col-

130 4098 299 4170 locaverat,
331 4099 446 4163 bellum
468 4117 558 4178 grave
583 4102 627 4160 eis
650 4099 751 4161 intulit
781 4103 871 4172 mari,
900 4101 981 4163 Pado
1011 4106 1042 4160 et
1063 4106 1160 4169 terra,
1191 4103 1222 4155 et
1244 4095 1308 4155 iere

131 4207 227 4261 totam
249 4200 364 4263 ltaliam
395 4211 427 4265 et
459 4206 560 4285 ipsum
588 4220 698 4284 papam
721 4205 838 4266 Sixtum
870 4212 975 4267 contre
997 4203 1131 4264 Venetos
1162 4199 1309 4265 excitavit,
