2874 4770
686 143 751 215 335

130 325 230 387 6111166
252 342 308 404 per
331 322 406 385 duas
427 320 517 381 horas
537 321 569 380 in
596 327 747 382 conventu
770 326 801 380 61
824 319 1029 397 conquerebar
1044 320 1132 389 mihi,
1155 340 1211 400 per
1225 325 1307 402 quod

131 429 255 509 quidam
277 427 370 488 freter
391 426 489 485 minor
503 425 534 484 in
549 431 700 486 transacto
715 423 794 484 festo
818 422 1061 483 sanctificationis
1074 424 1181 487 beatae
1193 425 1305 490 Mariae

131 533 265 612 Virginis
281 537 383 591 contra
400 535 535 591 sanctum
551 526 698 590 Thomam
713 529 877 588 invexisset
903 528 933 585 16
957 527 1098 589 cancellis
1122 538 1152 591 et
1168 541 1305 594 nostrum

131 637 319 698 confudisset
341 633 488 703 ordinem,
512 633 560 692 cui
576 632 652 692 dixi:
675 649 732 692 nec
748 631 779 691 S.
797 629 961 701 Thomam‚
986 651 1043 693 nec
1059 634 1193 696 ordinem
1214 636 1303 699 Prae·

130 740 298 802 dicatorum
325 738 416 799 frater
445 736 496 797 ille
519 733 670 807 confudit,
705 734 761 796 sed
783 735 921 794 omnibus
953 752 1049 812 paene
1080 741 1209 818 antiquis
1233 742 1304 803 doo-

128 845 244 906 toribus
278 840 454 904 contradixit
483 845 515 901 61
535 839 754 918 probatissimis
780 839 955 899 veritatibus
983 848 1013 900 et
1037 859 1106 902 cum
1128 845 1186 904 hoc
1208 864 1304 926 popu·

124 949 191 1011 lum
208 948 316 1009 Christi
339 944 567 1014 scandalizavit,
590 950 623 1004 61
641 942 755 1004 addidi:
781 944 872 1002 miror
894 943 1099 1016 vehementer,
1123 948 1213 1026 quod,
1236 969 1306 1012 6616

125 1054 178 1114 bio
207 1054 274 1113 61116
309 1052 339 1111 16
380 1048 481 1110 medio
512 1046 695 1125 Turcorum,
729 1047 978 1119 Sarracenorurn,
1021 1049 1242 1114 haereticorum
1275 1061 1306 1116 et

125 1158 389 1219 schismaticorum
412 1153 613 1216 etmalorum
639 1152 892 1225 Christianorum,
923 1154 1004 1232 quod
1027 1155 1206 1233 praedicetis
1230 1159 1305 1219 tales

125 1261 249 1323 inutiles
272 1267 303 1321 61
324 1260 460 1338 brigosas
484 1257 640 1329 materies,
672 1264 701 1317 et
724 1274 890 1336 pauperem
913 1259 1058 1337 populum
1083 1261 1213 1331 Christi,
1235 1262 1305 1322 reli·

126 1368 214 1446 quias
246 1365 394 1426 ecclesiae
425 1371 456 1424 et
479 1364 658 1441 superstites
690 1379 802 1442 pancos
825 1362 930 1423 fideles
953 1381 1012 1423 non
1036 1368 1137 1442 potius
1167 1368 1305 1427 consola·

127 1473 203 1533 mini
225 1477 256 1531 61
279 1469 462 1530 confortatis.
506 1464 553 1526 An
577 1465 655 1527 16116
683 1484 773 1526 66166
803 1467 932 1527 66116161
963 1469 1048 1528 vohis
1079 1473 1234 1532 materiam
1267 1470 1304 1532 de

127 1574 189 1636 hde
212 1581 262 1655 aut
285 1573 323 1634 de
346 1572 411 1633 aliis
430 1572 610 1632 necessariis
626 1570 814 1640 virtutibus,
836 1589 891 1632 vos
913 1571 1136 1650 praedicatores
1153 1573 1304 1636 deberetis

129 1681 288 1757 insurgere
312 1684 415 1746 contra
438 1675 589 1737 maledicti
604 1673 791 1736 Machometi
814 1682 937 1747 sectam,
962 1684 991 1737 61
1007 1676 1145 1738 fidelibus
1160 1678 1304 1757 detegere

128 1781 287 1862 perfidiam
319 1787 350 1842 61
372 1780 501 1841 Turcos·
521 1783 697 1859 impugnare
727 1780 909 1857 evangelicis
941 1783 1123 1842 veritatibus.
1169 1780 1304 1846 Minores
1386 1842 1391 1851 ,

127 1903 202 1948 1616
225 1891 287 1946 1616
310 1886 419 1962 1111616
442 1884 588 1972 deberent
620 1903 654 1944 66
685 1882 868 1945 Graecorum
898 1886 1052 1946 erroribus
1083 1905 1238 1966 opponere
1273 1896 1305 1950 et

127 1999 236 2052 contra
258 1991 419 2052 orientales
442 1991 610 2052 haereticos
638 1990 844 2052 schismaticos
868 1991 928 2052 vita
951 1996 981 2050 et
1005 1991 1095 2051 verbo
1124 1992 1302 2070 praedicare

109 2102 160 2158 ,61
183 2096 295 2175 ubique
318 2096 397 2158 vitiis
422 2094 657 2155 Christianorum
680 2094 861 2166 reclamare,
894 2101 925 2155 61
947 2096 988 2155 ita
1006 2093 1090 2171 juxta
1120 2099 1303 2158 sententiam

126 2208 299 2263 sanctorum
322 2199 556 2287 patriarcharum
580 2204 768 2270 nostrorum,
792 2198 944 2258 Dominici
967 2205 998 2258 et
1019 2199 1188 2271 Francisci,
1212 2203 1302 2262 simul

127 2313 224 2378 stare,
248 2304 337 2365 6111161
362 2319 498 2376 6611616,
523 2304 612 2364 611661
636 2304 798 2364 ecelesiam
822 2303 994 2374 aedificare,
1023 2305 1250 2383 propterquod
1273 2312 1305 2367 61

127 2411 220 2488 positi
239 2412 270 2469 in
292 2409 392 2471 medio
418 2399 576 2470 ecclesiae.
622 2409 659 2469 Et
682 2410 707 2468 si
730 2425 804 2486 ego,
835 2410 954 2486 inquio,
989 2407 1038 2467 hic
1060 2426 1161 2468 essem
1184 2408 1303 2487 praedi-

127 2530 217 2585 cans,
250 2520 281 2575 61
303 2513 394 2590 frater
417 2517 513 2577 minor
535 2532 596 2573 non
618 2512 710 2573 vellet
733 2511 881 2572 desistere
914 2513 949 2572 ab
977 2512 1033 2573 bac
1058 2516 1201 2584 materia,
1231 2521 1304 2575 1666

129 2634 187 2697 ego
210 2635 268 2678 una
290 2637 361 2679 cum
382 2637 419 2681 eo
443 2618 571 2680 eandem
587 2619 744 2677 materiam
760 2616 869 2677 vellem
885 2616 1059 2696 praedicare
1076 2617 1113 2678 ad
1129 2619 1305 2695 opinionem

128 2737 216 2782 suam
244 2729 276 2783 et
297 2722 452 2785 doctrinae
476 2724 507 2783 S.
523 2722 659 2783 Thomac
683 2724 783 2800 potius
806 2722 916 2782 vellem
941 2722 1066 2793 cedere,
1101 2740 1190 2800 quam
1214 2721 1304 2783 tidem

125 2823 281 2903 negligere
315 2833 347 2887 et
376 2825 521 2905 populum
551 2824 763 2886 scandalizare.
818 2823 957 2902 Longum
986 2844 1159 2886 sermonem
1188 2826 1226 2887 de
1257 2827 1303 2887 his

125 2925 285 2991 habuimus
308 2936 340 2990 61
360 2929 481 2991 11666116
504 2936 628 3008 accepta
651 2928 687 2989 ad
711 2928 848 2990 dominos
872 2932 1047 3009 peregrinos
1071 2931 1156 2991 redii.

198 3014 494 3113 ¹Advesperascente
529 3041 631 3094 661616
663 3033 711 3094 1116
743 3036 874 3095 cucurrit
904 3052 959 3113 per
991 3037 1142 3096 civitatem
1173 3035 1303 3096 famulus

126 3139 233 3200 classis
265 3157 335 3200 cum
364 3139 435 3199 tuba
467 3153 636 3198 convocans
667 3137 703 3198 ad
727 3137 826 3216 galeas
858 3138 1006 3199 homines.
1054 3137 1207 3217 colligatis
1230 3156 1302 3214 ergo

125 3244 238 3304 nostris
262 3241 418 3302 sarcinulis
439 3241 593 3319 hospitem
617 3241 759 3302 solvimus
783 3250 814 3303 et
836 3242 1030 3303 valefecimus
1055 3243 1201 3313 familiae,
1225 3250 1302 3303 tam·

126 3364 218 3425 quam
240 3364 301 3406 non
325 3347 488 3416 reversuri,
521 3351 552 3405 et
575 3345 612 3406 ad
635 3363 717 3406 mare
750 3363 845 3423 usque
869 3347 1089 3407 comitabantur
1113 3364 1186 3416 nos,
1219 3348 1303 3407 etin

125 3451 224 3510 barcis
249 3449 380 3510 classem
402 3450 530 3527 ingressi
553 3467 669 3510 snmus.
716 3450 792 3510 Cum
816 3467 888 3526 ergo
918 3449 964 3510 sol
988 3448 1164 3519 occidisset,
1196 3456 1303 3510 ventus

125 3556 217 3614 nimis
248 3554 376 3615 invaluit
408 3561 439 3615 61
467 3552 624 3644 domari,
658 3552 739 3633 quod
762 3552 963 3613 furiosissime
986 3551 1121 3623 fremuit,
1154 3551 1330 3631 procellas,

125 3663 157 3718 61
179 3655 292 3719 fluctus
315 3658 344 3718 in
367 3664 486 3736 portum
510 3655 637 3736 projecit
671 3664 701 3718 et
725 3656 801 3717 adeo
825 3674 915 3718 naves
940 3659 1105 3728 concussit,
1138 3657 1218 3736 quod
1241 3677 1303 3721 666

124 3760 234 3822 1616661
257 3763 376 3831 1611616,
407 3763 495 3823 etlam
525 3763 550 3821 si
574 3761 689 3822 ferreae
712 3761 857 3832 fuissent,
886 3779 938 3822 eas
962 3761 1077 3822 destrui
1100 3768 1131 3822 et
1152 3761 1302 3841 dissipari.

124 3863 212 3927 Unde
236 3884 272 3927 ex
295 3848 465 3946 impor'tuno
490 3883 635 3944 aquarum
656 3870 777 3928 incursu
794 3867 961 3945 agitabatur
975 3866 1059 3946 galea
1075 3869 1145 3945 inqu

125 3973 257 4033 motibus
287 3977 317 4031 et
340 3972 501 4054 nonnullae
525 3952 676 4032 rudentes·
701 3979 807 4051 ruptae
832 3979 917 4042 sunt,
947 3972 1028 4033 unde
1052 3981 1160 4034 ventus
1184 3974 1303 4032 irruens

124 4078 253 4156 puppim
275 4077 380 4156 galeae
403 4081 509 4138 contra
532 4073 616 4151 littus
638 4075 722 4148 tulit,
755 4095 815 4159 non
839 4077 1026 4139 obstantibus
1049 4076 1227 4154 promesiis,
1250 4091 1302 4135 an·

127 4178 228 4241 choris
256 4185 288 4241 61
310 4181 484 4244 fortissimis
514 4179 879 4268 113616616166611161616,
914 4198 1091 4242 cancrorum
1120 4187 1152 4241 61
1173 4181 1304 4258 rupium,
