2874 4770
683 167 749 235 421

131 358 313 421 campanae,
337 347 369 402 et
390 337 484 412 olim,
506 343 654 418 tempore,
677 343 792 419 quoin
814 341 977 423 Campania
996 353 1072 407 usos
1092 360 1308 425 campanarum

134 447 234 523 eoepit
257 461 345 515 esse,
367 441 496 502 artifices
513 441 700 504 Venetorum
723 452 789 505 arte
811 449 911 524 primo
932 449 1053 509 iuventa
1075 467 1237 527 campanas
1258 449 1306 509 in·

131 548 242 610 derunt
275 564 387 626 easque
419 545 456 607 ad
486 548 641 607 universas
675 548 816 625 regiones
839 548 1076 612 Christianorum
1102 554 1226 614 vendes
1248 555 1306 612 cir·

133 652 367 723 cumdurerunt‚
399 648 479 710 unde
503 647 615 720 Ursus,
647 648 712 711 XV.
736 650 923 713 Venetorum
953 653 1027 724 dux,
1059 656 1112 732 qui
1142 654 1199 714 luit
1228 672 1307 715 anno

132 751 218 827 865,
242 772 401 834 campanas
417 752 577 814 duodecim
592 753 677 816 iuudi
695 753 788 830 jessit
810 759 910 835 magui
932 757 1075 835 ponderis
1095 765 1128 818 et
1147 759 1219 819 boni
1242 761 1308 819 soni

133 879 245 939 easque
268 860 379 921 Basilio
403 859 588 919 Graecorum
621 861 796 937 Imperatori
826 862 908 921 misit
930 861 1223 939 Constantinopolim
1251 878 1307 940 pro

130 982 265 1025 munere.
297 965 362 1024 Nec
377 970 446 1024 ante
468 962 529 1023 hoc
551 970 672 1041 tempus
696 962 819 1024 luerunt
841 982 1007 1042 campanae
1022 967 1104 1025 visae
1124 967 1156 1024 iu
1171 962 1308 1035 Graecia,

127 1071 169 1128 ita
199 1068 281 1146 quod
302 1085 320 1129 a
342 1068 477 1129 Venetiis
509 1068 607 1145 primo
639 1075 790 1127 venerunt
812 1068 1106 1147 Constantinopolim
1135 1084 1307 1145 campanae.

128 1172 241 1233 Verum
261 1169 397 1241 ¹videtur,
429 1169 510 1248 quod
532 1188 607 1231 usus
630 1187 846 1248 campanarum
868 1171 965 1233 luerit-
982 1179 1055 1233 ante
1078 1172 1188 1233 Christi
1210 1174 1308 1232 incar·

124 1277 293 1346 nationem,
327 1292 396 1334 cum
419 1274 576 1352 Virgilium
605 1282 727 1351 poetam
756 1275 888 1354 legimus
916 1275 1029 1336 iecisse
1051 1274 1221 1354 campanile
1243 1273 1304 1334 tale

127 1378 165 1439 de
187 1377 352 1455 lapidibus,
387 1375 469 1455 quod
499 1379 589 1439 motis
613 1380 768 1455 campanis
791 1380 884 1438 etiam
906 1382 1007 1457 ipsum
1038 1379 1205 1455 agitabatur
1227 1394 1308 1436 cam·

128 1482 228 1559 panile
259 1487 311 1541 aut
338 1482 439 1540 turris.
483 1481 522 1541 Et
555 1483 587 1541 in
614 1481 720 1559 regula
748 1480 828 1541 beati
858 1481 1034 1561 lliemnymi
1064 1483 1179 1543 mentio
1210 1481 1244 1540 lit
1270 1478 1309 1541 de

131 1583 345 1645 tintinnabulis.

220 1685 324 1746 Turris
346 1688 405 1746 ista
427 1686 458 1746 S.
474 1683 571 1746 Marci
594 1704 701 1765 magna
724 1692 788 1758 est,
822 1687 1067 1768 quadrangularis
1090 1694 1122 1749 et
1143 1690 1219 1760 alta,
1242 1688 1309 1765 ejus

134 1811 277 1855 ascensus
302 1800 348 1854 est
370 1795 410 1853 ita
433 1793 548 1865 iactus,
581 1794 662 1872 quod
685 1812 781 1872 equus
805 1813 875 1855 curn
895 1792 1047 1854 insidente
1076 1800 1178 1871 potest
1201 1810 1308 1853 ascen·

134 1897 205 1958 dere
235 1915 331 1976 usque
363 1896 400 1956 ad
423 1914 598 1975 campanas;
635 1896 715 1958 unde
743 1916 820 1958 auno
850 1899 1028 1976 praeterito,
1060 1915 1153 1974 quum
1178 1895 1308 1956 frideri-

132 2019 185 2061 cus
207 2000 255 2061 ΙΙΙ.
285 2001 341 2061 luit
371 2000 523 2074 Venetus,
556 2002 706 2063 duxerunt
735 2003 821 2063 illum
842 2003 951 2063 Veneti
977 2003 1009 2061 iu
1035 2002 1118 2062 mulo
1146 2000 1307 2060 sedentem

130 2123 226 2182 usque
256 2104 294 2165 ad
317 2122 487 2184 campanas.
533 2105 579 2165 De
603 2108 755 2184 campanis
778 2114 826 2166 est
848 2105 931 2165 scala
957 2121 1018 2163 una
1042 2103 1079 2163 ad
1109 2103 1215 2163 altiora
1245 2103 1302 2164 do·

131 2226 203 2269 cens
227 2209 265 2270 ad
286 2209 388 2270 locum
412 2210 655 2288 speculatorum,
679 2210 716 2270 de
740 2227 800 2287 quo
824 2216 872 2270 est
885 2209 994 2284 longos
1016 2214 1049 2267 et
1069 2206 1148 2266 latus
1162 2223 1308 2284 conspec-

131 2318 180 2373 tus
202 2331 258 2391 per
279 2330 362 2373 mare
392 2319 423 2372 et
444 2320 573 2384 terram,
605 2312 685 2374 unde
720 2313 931 2391 speculatores
962 2328 1019 2389 per
1049 2310 1145 2370 multa
1171 2309 1311 2369 milban‘a

133 2433 225 2477 naves
248 2415 350 2479 vident
372 2419 548 2488 venientes,
578 2417 633 2478 sed
657 2425 689 2478 et
710 2417 917 2495 speculatores
939 2415 1061 2474 uarium
1083 2413 1181 2489 ipsam
1204 2413 1309 2471 turrim
1412 2440 1418 2447 ·

134 2538 152 2580 a
173 2522 298 2580 remotis
320 2519 439 2591 vident,
461 2522 626 2600 praecipue
649 2520 722 2580 dum
737 2520 785 2580 sol
801 2518 868 2596 ejus
884 2524 1014 2587 tectum,
1037 2514 1119 2593 quod
1133 2514 1310 2574 deauratum

135 2628 198 2695 est,
222 2622 359 2694 illustrat,
382 2623 562 2701 videturque
584 2626 676 2684 torris
698 2624 750 2683 illa
773 2624 809 2682 ab
833 2640 850 2682 a
873 2623 962 2697 longe
985 2618 1182 2679 existentibus
1197 2619 1228 2676 io
1250 2616 1311 2676 alto

134 2728 226 2787 maris
249 2743 317 2787 esse
339 2729 369 2786 in
394 2725 543 2805 profundo
565 2726 678 2798 locata,
711 2733 837 2805 propter
869 2725 1068 2785 elevationem
1097 2723 1190 2784 maris
1218 2737 1309 2799 sopra

133 2837 254 2892 terram.

217 2935 252 2996 ln
273 2934 373 3014 platea
395 2934 428 2995 S.
449 2931 561 3005 Marci,
594 2937 675 2995 inter
696 2936 802 2994 turrim
835 2940 867 2993 et
894 2934 1058 2993 ecelesiam
1087 2930 1136 2991 rel
1166 2928 1309 3008 palatium

133 3044 236 3099 contra
266 3056 348 3100 mare
380 3046 463 3100 stant
490 3038 570 3099 duae
600 3039 760 3098 columnae
788 3039 923 3115 insignes
951 3051 1153 3104 marmoreae,
1185 3031 1308 3111 politae,

133 3147 259 3220 utraque
294 3145 381 3223 ouius
415 3143 540 3222 lapidis:
570 3145 602 3204 in
625 3161 685 3204 uua
707 3145 847 3204 columna
869 3158 961 3219 snpra
982 3140 1155 3217 capitellum
1177 3143 1236 3197 stat
1258 3135 1308 3196 leo

133 3263 275 3326 magnus,
299 3248 330 3307 S.
353 3244 451 3308 Marci
472 3249 582 3326 imago.
627 3246 661 3307 ln
683 3248 739 3308 alia
761 3253 819 3308 stat
841 3248 887 3307 sir
907 3251 1057 3314 armatus,
1091 3259 1183 3320 quem
1205 3239 1309 3299 dicunt

133 3367 202 3411 esse
224 3352 388 3428 imaginem
411 3351 441 3410 S.
467 3349 637 3422 Theodori,
670 3354 760 3431 primi
783 3351 913 3427 civitatis
943 3349 1070 3428 patroni.
1116 3344 1175 3405 Alii
1196 3342 1309 3412 dicunt,

134 3470 204 3513 esse
237 3454 269 3513 S.
294 3453 416 3533 Georgii
447 3457 620 3534 imaginem.
666 3456 712 3515 lle
741 3454 787 3514 bis
820 3452 968 3512 columnis
995 3450 1069 3510 dicit
1089 3447 1133 3508 bl.
1160 3446 1310 3506 Antonius

133 3557 318 3632 Sabellicus,
343 3559 423 3637 quod
446 3578 482 3621 cx
500 3559 627 3620 Graecia
641 3558 754 3618 luerint
769 3555 918 3616 adductae
932 3571 1001 3613 cum
1024 3567 1083 3610 una
1105 3550 1208 3619 altera,
1232 3565 1310 3627 quae

133 3664 200 3724 navi
224 3667 313 3742 rupta
335 3665 366 3723 in
390 3662 571 3742 profundum
595 3663 687 3722 maris
711 3677 812 3720 mersa
835 3665 892 3719 est.
920 3656 998 3716 latae
1013 3671 1085 3716 vero
1107 3652 1185 3714 duae
1207 3652 1309 3713 multis

134 3769 218 3827 annis
239 3769 271 3826 in
286 3766 318 3828 S.
334 3765 430 3829 Marci
450 3768 552 3847 platea
570 3765 750 3843 jacuerunt,
773 3781 831 3824 uec
854 3768 934 3832 erat,
958 3761 1010 3837 qui
1033 3757 1158 3817 modum
1172 3754 1310 3835 erigendi

134 3888 185 3932 eas
208 3875 379 3952 excogitare
401 3878 516 3950 posset.
548 3868 687 3930 Tandem
708 3870 793 3929 venit
815 3865 936 3945 quidam
952 3861 1154 3931 Teutonicus,
1177 3861 1229 3937 qui
1251 3859 1309 3918 boc

135 3995 210 4058 opus
233 3996 268 4038 se
290 3977 440 4038 lactumm
462 3991 532 4034 esse
557 3976 712 4053 promisit,
735 3974 762 4032 ai
784 3971 897 4031 domini
913 3966 1073 4029 Venetiani
1088 3962 1154 4040 ejus
1169 3963 1309 4041 petitioni

136 4097 293 4143 assensum
314 4079 461 4158 praebere
484 4094 578 4156 opere
611 4075 745 4154 perfecto
773 4076 999 4155 promitterent,
1029 4069 1209 4147 praesertim
1238 4082 1309 4125 cum

136 4187 268 4247 remeia
290 4183 465 4263 possibilem
496 4187 603 4261 petere
626 4178 819 4243 decrevisset.
863 4176 1073 4239 Consentioue
1106 4179 1209 4233 autem
1229 4170 1309 4232 iacta
