2902 4710
713 151 777 220 2011

35 410 44 419 ἡ
160 327 371 404 eleemcspnos
394 345 430 389 er
452 326 605 390 iracundia
628 326 711 389 datas
733 327 852 406 legatur
873 345 1105 397 remunerasse,
1138 332 1172 388 ut
1194 332 1278 406 patet
1299 328 1331 388 in

158 430 236 494 Vitis
251 430 373 493 Patrum
396 431 434 492 de
458 431 587 510 quodam
604 431 696 493 divite
713 430 802 492 Petro
817 433 972 503 telonario,
996 435 1047 510 qui
1063 449 1226 509 numquam
1249 431 1331 492 elee-

159 552 315 611 mosynam
344 534 446 608 dabat,
480 533 536 596 sed
565 552 714 614 pauperes
746 554 816 596 cum
846 537 889 596 ira
913 533 1041 596 a'domo
1072 551 1127 594 sua
1156 533 1331 612 repellebat.

160 635 296 709 Quadam
318 639 384 698 vice
407 634 532 716 pauperi
556 638 593 698 ad
608 639 720 698 ostium
736 657 824 699 suum
840 639 996 710 clamanti,
1021 643 1174 699 comante
1191 655 1224 697 se
1240 645 1334 698 staret

160 747 264 820 sporta
276 741 365 819 plena
377 742 511 819 panibus,
528 740 707 820 indignatus,
724 759 793 802 cum
808 740 938 820 lapidem
954 744 983 802 in
993 747 1112 821 promtu
1125 759 1185 801 non
1199 741 1334 813 haberet,

160 842 289 922 projecit
309 863 403 905 unum
418 861 527 923 panem
549 845 705 907 infaciem
720 846 878 924 pauperis;
902 846 953 923 qui
974 863 1090 923 pauper
1112 846 1263 924 accipiens
1278 863 1333 924 pro

159 948 223 1009 viro
239 949 333 1008 oravit
348 949 437 1025 eique
453 966 505 1008 cor
519 949 603 1027 pium
617 950 805 1027 impetravit,
831 947 990 1026 iactusque
1008 954 1056 1009 est
1070 947 1108 1010 de
1122 954 1193 1027 post
1207 965 1334 1026 magnus

160 1050 427 1129 eleemosynarius.
462 1051 513 1111 Sic
536 1058 567 1112 et
589 1052 700 1129 hospiti
723 1057 828 1111 nostro
851 1051 1026 1135 contingere
1049 1059 1097 1113 est
1119 1053 1272 1131 possibile,
1296 1051 1334 1112 de

161 1170 220 1232 quo
244 1155 341 1214 omnis
365 1153 477 1215 familia
500 1170 554 1214 sua
578 1154 711 1225 dicebat,
747 1153 828 1232 quod
858 1162 942 1216 esset
963 1158 1009 1218 vir
1031 1158 1096 1217 sine
1120 1155 1335 1226 misericordia,

162 1275 260 1336 aquo
284 1265 384 1319 tamen
408 1257 530 1334 grandis
554 1257 761 1336 eleemosyna,
787 1258 859 1319 mihi
881 1276 999 1319 summe
1022 1261 1204 1330 necessaria,
1228 1257 1336 1320 collata

161 1361 216 1422 fuit
240 1380 275 1422 ex
298 1361 451 1422 voluntate
474 1362 589 1431 uxoris,
621 1377 712 1438 quae,
744 1362 816 1422 licet
838 1377 963 1440 graeca,
997 1368 1098 1424 tamen
1131 1365 1182 1442 pia
1203 1362 1336 1423 foemina

162 1471 240 1536 erat,
265 1464 352 1542 cujus
374 1464 511 1526 voluntas
534 1466 599 1526 viro
622 1454 742 1543 profuit,
765 1464 814 1526 vel
830 1471 899 1544 post
922 1468 1191 1546 repromissionem
1207 1483 1335 1526 consen·

91 1642 93 1647 Ι
162 1571 253 1628 sitin
276 1555 395 1638 datum,
420 1569 490 1645 quia
511 1574 581 1646 post
603 1567 661 1628 hoc
684 1584 776 1647 saepe
800 1587 849 1629 me
872 1569 963 1642 vidit,
985 1586 1042 1657 nec
1065 1569 1235 1649 postulavit.

226 1671 354 1732 .Soluto
383 1688 456 1749 ergo
486 1671 606 1749 hospite
639 1671 843 1749 colligavimus
873 1689 979 1733 omnes
1011 1691 1061 1734 res
1090 1680 1226 1746 nostras,
1262 1688 1337 1750 quas

162 1774 280 1835 occulte
305 1775 465 1853 deportare
488 1776 693 1853 nequivimus,
728 1774 820 1835 etde
844 1774 927 1835 cellis
957 1778 1069 1837 nostris
1093 1795 1144 1838 eas
1167 1779 1338 1838 incuriam

162 1877 201 1939 ad
222 1896 317 1938 unum
340 1878 494 1938 cumulum
517 1869 758 1958 aggregavimus.
787 1876 1075 1940 Trutschclmannus
1099 1888 1201 1941 autem
1215 1880 1340 1940 Scham-

162 1981 239 2042 beck
262 1980 383 2043 adduxit
406 1981 492 2042 nobis
516 1981 662 2041 asinarios
691 1997 761 2039 cum
784 1982 875 2042 asinis
908 1985 939 2040 et
962 1980 1050 2041 mulis
1074 2000 1129 2062 pro
1151 1983 1241 2043 rebus
1266 1981 1340 2042 edu·

163 2084 276 2146 cendis.
323 2084 462 2147 Oneratis
487 2090 589 2146 autem
610 2084 715 2145 bestiis
738 2083 934 2145 valefecimus
958 2086 1076 2146 cunetis
1105 2083 1143 2145 de
1167 2084 1272 2157 domo,
1288 2093 1342 2146 ”et

163 2189 274 2251 milites
308 2189 353 2250 cis
384 2189 546 2266 pecuniam
577 2206 633 2266 pro
663 2186 769 2248 Valete
801 2187 1005 2259 donaverunt,
1039 2192 1069 2248 et
1102 2180 1339 2267 praecedentem

164 2291 469 2354 Trutschclmannum
491 2294 590 2355 secuti
612 2310 718 2353 sumus
742 2292 900 2373 pedestres
923 2310 993 2354 eum
1016 2294 1108 2354 asinis
1132 2298 1250 2353 euntes.
1284 2291 1343 2352 Per

164 2398 316 2458 civitatem
340 2403 442 2457 autem
465 2403 573 2457 euntes
596 2414 666 2479 cum
682 2396 718 2458 ad
735 2399 863 2476 primam
877 2398 1068 2458 venissemus
1085 2400 1212 2474 portam,
1236 2411 1341 2455 acees-
1432 2397 1436 2409 “

164 2506 268 2562 serunt
290 2506 473 2561 scrutatores
497 2506 529 2561 et
551 2518 643 2562 onera
666 2500 704 2562 de
728 2503 818 2561 asinis
844 2500 977 2577 dejicere
1008 2504 1175 2578 coeperunt
1198 2496 1338 2559 scinden-

163 2609 210 2666 tes
234 2604 321 2664 tunes
344 2610 376 2664 et
397 2611 575 2684 rumpentes
589 2604 718 2675 blaetra,
742 2604 850 2681 quibus
874 2603 1062 2665 Schambech
1085 2602 1200 2663 obstitit
1219 2599 1341 2677 jurans:

166 2706 261 2768 Walla
284 2707 379 2779 halla,
403 2708 422 2767 i.
449 2724 475 2767 e.
501 2724 556 2785 per
571 2707 670 2768 Deum
692 2723 824 2776 verum,
840 2704 921 2782 quod
943 2699 1017 2767 nihil
1042 2702 1097 2786 (h)
1121 2705 1159 2766 de
1182 2705 1342 2765 mercimo-

165 2812 223 2871 niis
247 2809 454 2881 duceremus,
475 2811 596 2887 sicque,
620 2815 652 2868 ut
674 2824 729 2868 eos
750 2808 943 2886 benigniores
966 2809 1165 2880 haberemus,
1196 2807 1344 2886 quosdam

166 2913 303 2974 dedimus
327 2915 371 2974 eis
396 2912 548 2983 madinos,
576 2917 607 2972 et
630 2910 808 2971 dimiserunt
830 2928 895 2970 nos.
940 2910 1145 2973 Procedentes
1169 2929 1241 2989 ergo
1265 2913 1344 2971 inter

167 3035 271 3078 muros
295 3015 331 3077 ad
355 3018 533 3076 exteriorem
550 3022 668 3093 portam
683 3014 837 3087 venimus,
862 3032 939 3093 quae
959 3034 1042 3077 mare
1058 3018 1191 3096 respicit,
1214 3015 1346 3091 subque

167 3119 318 3183 crudelior
341 3120 544 3181 exactiolieri
566 3119 655 3179 solet.
685 3117 872 3180 Schambeclr
895 3124 997 3179 autem
1019 3119 1139 3198 longam
1160 3119 1345 3179 locutionem

166 3225 269 3285 habuit
292 3242 361 3284 cum
384 3223 588 3293 exactoribus,
612 3227 643 3282 et
665 3239 727 3281 non
750 3220 928 3298 dejecerunt
950 3241 1000 3283 res
1016 3222 1055 3283 de
1069 3223 1194 3293 bestiis,
1218 3220 1274 3282 sed
1299 3220 1344 3281 di-

167 3328 297 3410 ligenter
319 3345 424 3388 saccos
449 3333 479 3387 et
502 3332 620 3406 sportas
643 3324 895 3404 ponderaverunt.
940 3325 1034 3387 Porro
1057 3328 1088 3386 in
1111 3326 1237 3386 sarcinis
1267 3325 1345 3385 meis

167 3432 257 3492 habui
280 3438 415 3510 sportam
430 3431 599 3509 oblongam,
622 3429 769 3507 repletam
778 3428 933 3508 ‘lapidibus
951 3428 989 3490 de
1005 3429 1081 3490 locis
1096 3435 1195 3489 terrae
1215 3433 1346 3499 sanctae,

168 3550 245 3615 qnae
268 3542 333 3596 erat
356 3538 453 3614 gravis
468 3535 605 3615 pondere
629 3540 660 3595 et
681 3533 759 3594 bene
775 3549 810 3593 ae
826 3532 1055 3611 diligentissime
1075 3532 1246 3602 obfirmata;
1269 3531 1347 3590 hanc

169 3639 207 3701 de
238 3641 332 3700 bestia
368 3639 502 3700 tulerunt
534 3645 565 3699 et
595 3638 779 3698 mirabantur
817 3635 883 3713 ejus
921 3635 1180 3715 ponderositatem
1218 3651 1346 3711 eamque

170 3743 308 3822 disligare
331 3745 527 3821 inceperunt,
561 3758 712 3821 egovero
735 3741 836 3801 obstiti
864 3746 990 3818 petens,
1018 3756 1057 3800 ne
1082 3737 1258 3816 disligarent
1280 3753 1348 3796 eam

170 3852 292 3927 propter
314 3842 451 3907 laborern'
471 3849 582 3906 iterum
604 3844 766 3923 religandi,
786 3843 945 3922 juravique
970 3844 1093 3922 eislper
1108 3859 1241 3911 emnem,
1266 3838 1348 3918 quod

171 3971 231 4013 non
256 3957 358 4012 essent
381 3952 438 4012 nisi
461 3951 576 4032 lapides
594 3951 629 4033 in
655 3955 756 4026 sporta
783 3965 960 4010 communes
985 3945 1022 4006 de
1045 3951 1125 4007 terra
1149 3944 1283 4015 collecti,
1309 3941 1347 4003 dc

170 4074 231 4135 quo
254 4056 383 4117 multum
407 4056 565 4115 ammirati
588 4052 725 4115 ridebant
756 4058 789 4113 et
809 4052 1048 4130 interrogabant,
1079 4067 1117 4110 an
1138 4066 1199 4109 non
1221 4046 1349 4107 habere·

170 4179 238 4225 mus
260 4158 376 4241 lapides
405 4159 437 4221 in
460 4156 640 4229 Occidente,
673 4154 755 4236 quod
778 4155 816 4218 de
839 4153 966 4218 Oriente
989 4153 1172 4216 duceremus
1201 4149 1365 4230 lapides?¹
