2874 4770
677 173 743 243 256

122 361 226 415 contra
248 350 372 431 Trojam
393 354 560 431 processit,
587 360 620 413 ut
642 354 728 429 prius
750 352 844 411 etiam
865 349 936 411 diri.
980 351 1189 413 Romanorum
1211 355 1298 414 etiam

124 460 203 522 heila
226 462 386 528 sustinuit,
410 467 441 520 ct
456 459 579 519 demum
596 458 782 519 Graecorum
794 454 870 535 jugo
884 475 989 535 pressa
1014 457 1067 518 diu
1089 458 1207 520 eisdem
1232 459 1298 518 suh

124 563 209 641 jecta
231 563 297 623 fuit.
341 565 472 626 Demum
495 583 566 624 cum
581 562 672 623 Turni
696 554 800 621 Asiam
815 560 970 622 Minorem
993 560 1172 622 domassent
1195 570 1227 622 ct
1249 580 1300 640 per

125 668 244 746 Syriam
266 685 364 746 usquc
387 671 418 729 iu
439 668 614 746 Aegyptum
643 667 800 726 venisseut
832 671 864 724 et
891 668 993 725 omnia
1014 665 1073 725 sihi
1095 668 1212 745 passim
1233 669 1299 728 suh·

118 770 263 847 jiccrcut,
287 773 379 832 etiam
401 772 479 833 hauc
501 771 632 832 insulam
653 769 780 830 Graecis
803 769 991 829 abstulerunt
1021 788 1153 848 eamque
1175 772 1298 832 tributa·

122 877 198 936 mam
230 874 287 935 sibi
321 879 551 937 constituerunt.
605 873 723 934 Deinde
758 872 935 934 lohannitae
963 875 1004 933 ihi
1034 883 1196 936 venerunt.
1240 874 1297 936 An·

122 988 247 1058 tequam
270 988 371 1042 autem
393 980 431 1041 de
453 982 513 1041 hoc
534 981 656 1058 loquar,
680 979 769 1039 altius
792 977 922 1055 aliquid,
951 976 1032 1055 quod
1050 975 1118 1053 jam
1140 981 1243 1042 inveni
1264 980 1298 1041 de

123 1084 179 1146 hac
201 1085 314 1157 insula,
338 1084 450 1157 dicam,
472 1085 509 1146 ah
531 1085 616 1144 initio
637 1080 822 1143 resumendo
844 1083 986 1144 breviter.

209 1232 288 1304 Ante
320 1242 431 1304 Christi
463 1244 649 1304 nativitatem
674 1237 758 1304 1740
791 1241 917 1303 Rhodus
945 1243 1032 1315 urbs,
1068 1260 1085 1302 a
1115 1262 1176 1322 qua
1208 1246 1300 1307 insula

124 1365 235 1410 nomeu
259 1348 391 1427 accepit,
414 1346 537 1409 condita
559 1355 623 1420 est,
657 1366 727 1407 uam
750 1355 819 1409 ante
842 1348 924 1409 urbis
948 1348 1200 1410 constitutionem
1223 1351 1299 1412 dice·

124 1453 211 1516 hatur
233 1452 385 1532 Ophuisa,
417 1451 526 1513 deiude
549 1450 654 1513 Stadia
682 1458 713 1511 et
735 1460 842 1531 postea
865 1449 1035 1523 Telchinis,
1065 1470 1103 1512 eo
1127 1454 1211 1531 quod
1234 1453 1300 1516 Tel-

125 1557 228 1619 chines
251 1557 356 1618 urbem
382 1555 424 1616 ibi
453 1554 652 1617 condiderunt
685 1563 717 1616 ct
738 1556 869 1617 insulam
890 1555 1098 1629 incoluerunt,
1126 1577 1206 1637 quos
1229 1580 1299 1622 uou-

124 1664 198 1733 nulli
232 1663 384 1725 maleficos
416 1671 448 1724 ct
475 1663 673 1725 fascinatores
700 1663 794 1724 inisse
829 1663 964 1734 creduut,
987 1671 1141 1742 tamquam
1175 1667 1301 1745 stygiam

125 1784 234 1850 aquam
257 1769 412 1831 arboribus
435 1776 465 1830 et
487 1769 664 1830 animalibus
686 1770 831 1847 perniciei
863 1771 957 1847 gratia
978 1771 1203 1846 inspergerent.
1246 1767 1301 1828 Alii

125 1874 274 1934 contraria
296 1874 444 1946 sentiunt,
466 1870 628 1934 Telchines
658 1874 786 1934 eximios
817 1872 949 1933 artifices
977 1875 1155 1953 primosque
1178 1872 1251 1934 ferri
1273 1879 1301 1933 et

125 1978 204 2038 aeris
226 1975 369 2036 fabricam
391 1978 561 2050 iuvenisse,
594 1996 671 2057 quos
694 1995 731 2039 ex
754 1977 843 2039 Creta
865 1980 897 2038 in
919 1976 1058 2039 Rhodum
1080 1977 1238 2056 profectos
1259 1977 1300 2040 ri·

126 2080 186 2141 ciui
208 2096 263 2158 per
284 2079 426 2142 invidiam
447 2078 645 2144 fascinatores
669 2081 816 2144 dixemnt.
891 2148 898 2159 .

213 2234 337 2297 Rhodus
358 2254 430 2316 ergo
452 2237 551 2299 insula
572 2240 706 2317 primum
727 2239 891 2301 inhabitata
912 2246 960 2301 cst
983 2239 1019 2301 ah
1041 2240 1106 2312 his,
1130 2260 1209 2320 quos
1232 2241 1299 2303 Tel·

125 2343 231 2404 ohiues
255 2341 407 2420 appellant
429 2343 596 2404 secuudum
618 2344 749 2417 fabulas,
771 2348 863 2406 maris
885 2345 971 2406 filios.
1009 2345 1119 2406 Fertur
1141 2365 1225 2418 saue,
1249 2364 1299 2408 cos

127 2467 185 2512 una
209 2465 278 2509 cum
302 2447 462 2508 Chaliuma
485 2446 599 2509 Oceani
622 2449 682 2510 tilia
706 2452 837 2511 nutrisse
859 2449 1052 2529 Neptunum,
1076 2451 1113 2510 ah
1136 2450 1223 2512 Rhea
1244 2452 1300 2512 illis

128 2555 247 2627 datum,
278 2551 373 2614 fuisse
397 2570 519 2631 quoqne
544 2570 597 2612 eos
620 2552 705 2630 ajunt
727 2553 924 2632 quammdam
946 2555 1055 2614 artium
1077 2557 1255 2616 inventores
1276 2560 1304 2615 et

128 2666 242 2721 statuas
269 2658 395 2719 deorum
411 2658 584 2720 fabricasse.
618 2657 777 2737 Neptunus
796 2657 860 2735 jam
881 2660 927 2719 vir
949 2676 985 2718 ex
1007 2656 1101 2731 Halia,
1125 2658 1302 2719 Telchiuum

129 2783 252 2836 sorore,
277 2765 312 2824 ah
336 2781 369 2824 se
393 2762 517 2836 dilecta,
540 2779 639 2822 mares
663 2780 715 2823 ser
731 2764 836 2841 genuit
859 2767 890 2821 et
907 2760 1080 2821 focmellam
1095 2764 1228 2832 unicam,
1251 2780 1302 2822 no·

128 2871 210 2929 mine
233 2865 373 2939 Rhodus,
408 2885 506 2947 aqua
534 2873 565 2927 ct
587 2866 685 2928 insula
715 2869 927 2945 cognominata
959 2873 1015 2928 est.
1059 2866 1193 2927 Fuerunt
1215 2869 1247 2928 iu
1270 2882 1302 2926 ea

127 2978 212 3054 parte
233 2972 365 3044 insulae,
387 2990 465 3051 quac
488 2974 636 3034 orientem
657 2975 801 3052 respicit,
832 2975 969 3051 gigantes
1001 2989 1038 3032 eo
1062 2977 1220 3050 tempore,
1244 2987 1301 3049 quo

126 3072 233 3137 lovem
257 3074 355 3135 ferunt
379 3080 555 3156 expugnatis
570 3076 685 3139 Titanis
708 3070 855 3140 Himaliac
878 3075 1028 3157 nymphae
1058 3095 1161 3137 amore
1184 3083 1302 3156 captum

127 3186 190 3242 tres
214 3197 249 3242 er
273 3198 308 3241 ea
332 3184 506 3261 suscepisse
530 3201 657 3262 pueros;
682 3183 804 3249 demum
827 3182 1006 3253 Telchines,
1030 3180 1164 3242 futurum
1189 3180 1302 3260 praevi-

128 3284 237 3346 dentes
260 3283 421 3360 diluvium‚
444 3289 550 3350 relicta
572 3288 670 3348 insula
694 3289 841 3349 abierunt.
887 3286 978 3348 Facto
1002 3304 1074 3365 ergo
1097 3283 1211 3346 diluvio
1239 3301 1303 3345 cae·

128 3390 187 3451 teri
210 3390 334 3469 quidem
351 3407 429 3468 aqua
445 3389 537 3452 deleti
560 3397 645 3461 sunt,
669 3389 744 3450 locis
767 3388 883 3451 insulae
902 3390 998 3469 planis
1021 3392 1052 3450 in
1069 3387 1193 3449 modum
1209 3388 1312 3468 stagni·

129 3492 274 3568 reductis,
299 3484 434 3558 otiosis
458 3496 525 3566 filii,
550 3497 601 3572 qni
625 3494 662 3555 ad
685 3500 804 3555 montes
828 3493 1044 3572 confugerant,
1076 3510 1210 3554 evasere.
1256 3490 1306 3552 Sol

129 3612 203 3677 crgo
228 3596 395 3660 secundum
418 3598 533 3661 fabulas
549 3597 684 3658 Rhodiae
709 3615 810 3657 amore
826 3604 930 3676 captus
953 3596 1083 3657 insulam
1108 3615 1184 3674 aqua
1207 3602 1307 3656 amota

128 3701 269 3766 Rhodum
293 3704 329 3764 ab
352 3720 388 3763 en
411 3701 493 3763 dixit.
523 3701 594 3761 Post
616 3702 691 3762 haec
708 3703 911 3774 existimatum
927 3707 982 3772 est,
1006 3701 1135 3761 insulam
1150 3699 1213 3759 Soli
1237 3715 1306 3760 esse

130 3824 259 3878 sacram,
283 3805 392 3867 Rhodii
406 3823 528 3884 quoque
549 3806 745 3885 postmodum
761 3805 864 3866 Solem
886 3821 958 3884 prae
976 3805 1032 3865 diis
1050 3806 1178 3866 caeteris
1203 3805 1305 3865 colue-

129 3918 218 3984 runt,
251 3918 405 3988 tamquam
436 3911 484 3970 sni
519 3909 638 3987 generis
677 3915 840 3970 auctorem.
887 3908 1017 3969 Domum
1050 3926 1119 3968 cum
1148 3913 1309 3987 serpentes

127 4017 259 4081 insulam
274 4011 569 4081 odiosamfacerent,
592 4013 674 4072 veuit
689 4010 874 4072 Phorbantes
898 4029 1027 4090 comque
1050 4015 1197 4092 purgavit.
1236 4012 1309 4073 Post

130 4117 294 4185 Telchines
317 4112 458 4177 Heliades
481 4112 609 4175 insulam
631 4119 768 4176 tenuere.
800 4112 848 4176 An
874 4123 977 4175 autem
999 4116 1068 4177 illae
1091 4119 1151 4176 siut
1165 4115 1309 4177 Heliades

129 4224 209 4292 ultre
224 4220 307 4288 Solii
319 4219 479 4300 Aegyptii,
500 4217 619 4294 nomio,
642 4232 713 4285 com
734 4215 775 4281 de
796 4217 835 4281 lis
849 4214 1107 4294 haheaturllctio,
1131 4219 1213 4299 qnod
1236 4219 1310 4283 dum
