2874 4770
691 154 757 230 353
794 210 799 219 .

141 315 230 414 quasi
251 338 282 397 in
303 337 366 398 ictu
389 336 471 398 cenli
492 339 660 414 tempestas
682 333 869 397 validissima
896 334 929 397 c't
946 340 1056 399 ventu
1077 333 1156 399 adeo
1179 334 1266 396 fortis
1289 340 1322 397 et

141 439 330 519 importunus
353 438 487 510 advenit,
510 437 590 517 quod
612 438 645 498 in
666 437 770 498 multis
790 437 869 499 locis
896 435 1008 518 grande
1029 438 1131 501 velum
1152 437 1267 519 dirupit
1288 447 1321 500 ct

143 542 195 622 [in]
213 561 320 623 magna
335 542 480 603 foramina
494 541 636 602 laceravit
658 546 708 612 et,
730 540 789 601 nisi
802 542 953 604 marinarii
973 539 1006 601 id
1019 542 1109 603 citius
1124 543 1319 622 eripuissent,

141 646 277 707 totaliter
303 652 426 725 ruptum
455 645 572 707 inisset.
616 641 733 704 Multos
767 645 849 704 enim
879 660 980 705 mmos
1013 651 1156 707 extensos
1186 647 1319 724 procella

142 749 241 812 subito
263 756 353 813 vento
383 750 471 811 allata
506 747 655 826 confregit
688 753 719 808 et
742 749 843 808 omnia
865 748 896 808 iu
918 747 1125 826 superioribus
1146 749 1319 828 conligata

140 853 188 916 vel
212 853 303 915 clavis
333 853 390 915 tina
420 853 583 924 snbvertit,
617 853 722 930 ignem
743 853 891 930 coquinae
925 868 1004 930 aqua
1028 849 1168 913 incidens
1198 856 1321 932 ponitus

140 960 294 1030 exstinxit,
327 956 403 1019 ollas
436 956 585 1034 confregit
615 962 647 1017 ct
678 973 822 1034 magnum
850 956 992 1016 timorem
1022 956 1161 1016 omnibus
1181 957 1320 1019 incussit.

139 1059 301 1123 Saeviente
323 1062 368 1122 sic
390 1065 574 1139 tempestate
597 1058 797 1138 confugerunt
819 1056 857 1120 ad
886 1076 944 1119 nos
967 1057 1082 1119 domini
1104 1066 1320 1138 praeceptores

139 1181 261 1238 omnes,
294 1171 457 1244 paventes,
479 1162 663 1241 singularem
685 1161 792 1222 classis
815 1162 1018 1223 turbationem
1039 1162 1149 1224 adesse
1172 1163 1320 1227 dicentes.

137 1265 251 1330 Mansit
274 1276 375 1330 antem
398 1272 564 1346 tempestas
594 1265 671 1327 haec
699 1282 754 1344 per
783 1272 879 1326 totam
907 1273 1047 1340 noctem,
1081 1274 1113 1329 et
1142 1270 1174 1329 in
1204 1272 1320 1348 magnis

138 1374 285 1452 angustiis
308 1375 458 1435 stetimus.
500 1369 535 1431 ln
557 1369 668 1432 eodem
689 1370 782 1430 maris
805 1387 897 1448 passu
928 1369 987 1430 alio
1018 1371 1150 1449 quodam
1180 1379 1320 1452 tempore

135 1477 346 1543 saevissimam
369 1474 468 1556 (195
483 1469 527 1551 a)
551 1475 634 1535 sensi
656 1480 885 1552 tempestatem,
915 1475 946 1535 iu
969 1492 1029 1553 qua
1051 1478 1195 1539 miraculo
1218 1477 1319 1539 diuno

139 1581 288 1643 consolati
308 1581 480 1651 ineramus,
503 1586 536 1641 ut
557 1585 641 1658 patet
663 1577 695 1639 Ρ.
719 1577 741 1638 l
763 1578 827 1639 Ful.
851 1575 904 1642 20.
948 1579 1060 1641 Sancta
1086 1583 1179 1643 ctiam
1200 1581 1319 1646 Helena

139 1685 289 1747 existente
311 1687 343 1746 in
365 1683 424 1745 hoc
447 1686 521 1746 maii
544 1691 575 1746 et
600 1691 757 1765 grassante
776 1691 975 1764 tempestate,
1004 1694 1039 1747 nt
1060 1705 1143 1749 mare
1165 1688 1318 1768 placatum

138 1787 294 1861 redderet,
317 1791 346 1851 ei
367 1791 619 1870 pretiosissimum
633 1807 744 1851 munus
760 1789 887 1860 obtulit,
909 1806 980 1850 nam
1001 1796 1064 1852 tres
1088 1791 1189 1853 clavos
1210 1812 1317 1855 secum

136 1891 269 1965 ferebat,
293 1894 402 1971 quibus
416 1893 565 1954 Dominus
588 1891 677 1954 lesus
701 1895 784 1954 cruci
807 1892 911 1954 affixus
933 1893 1047 1966 luerat,
1070 1901 1102 1955 et
1124 1916 1218 1958 unum
1240 1900 1316 1960 mari

135 1995 272 2070 donavit,
307 1995 439 2076 dumque
462 1999 494 2059 in
515 1996 573 2058 Dei
595 1999 719 2058 nomine
742 2015 813 2058 eum
835 1999 867 2057 in
889 1997 1002 2059 lretum
1023 1997 1160 2077 projecit,
1184 2005 1315 2064 cessavit

133 2107 312 2180 tempestas.
343 2102 397 2163 Est
412 2104 494 2164 enim
516 2100 575 2162 huc
598 2118 682 2162 mare
698 2099 886 2163 Adriaticum
901 2103 1128 2177 saevissimum,
1151 2109 1314 2186 praecipue

130 2203 217 2282 juxta
239 2205 380 2284 Epyrum·
396 2212 427 2266 et
448 2205 623 2278 Albaniam,
657 2208 717 2278 ita,
739 2211 773 2266 ut
795 2222 1022 2285 nonnumquam
1043 2224 1114 2268 saxa
1132 2210 1255 2286 grandia
1276 2214 1314 2274 ab

134 2310 198 2369 imo
229 2308 386 2372 eleventur
419 2327 540 2370 sursum
572 2317 603 2371 et
625 2316 779 2388 tamquam
806 2309 922 2388 lignum
944 2309 1161 2373 transferantur
1183 2313 1222 2375 de
1244 2316 1313 2376 luco

137 2412 175 2476 ad
196 2412 313 2486 locum,
335 2419 367 2474 et
389 2430 481 2492 saepe
503 2413 660 2475 inventum
682 2421 745 2485 est,
768 2412 851 2492 qnod
872 2431 943 2476 saxa
964 2432 1027 2476 non
1048 2416 1170 2478 modica
1184 2417 1312 2495 trajecta

135 2523 209 2580 tunt
231 2515 269 2578 de
290 2534 352 2578 unc
374 2518 467 2577 maris
489 2516 590 2578 littore
610 2519 641 2579 in
664 2517 755 2580 aliud

224 2620 342 2682 Dicitur
363 2627 465 2681 autem
487 2619 545 2681 boc
566 2637 650 2683 mare
670 2619 857 2683 Adriaticum
880 2622 916 2683 ab
939 2620 1047 2697 Adria,
1075 2627 1196 2687 civitate
1217 2625 1312 2707 lllyri-

138 2721 201 2796 dis,
232 2741 310 2803 quac
333 2741 426 2803 super
447 2724 531 2786 littus
554 2731 611 2786 est.
656 2723 768 2786 Totum
799 2728 883 2787 enim
905 2746 998 2788 unum
1021 2747 1105 2791 mare
1127 2730 1313 2793 Adriaticum

136 2835 168 2889 et
189 2826 343 2908 Aegeum,
366 2828 421 2890 sed
444 2829 503 2890 alia
526 2835 558 2890 et
580 2828 637 2890 alia
652 2830 778 2890 sortitur
798 2832 920 2891 nomina
943 2848 961 2891 a
983 2835 1145 2911 provinciis
1168 2838 1216 2898 vel
1239 2838 1311 2898 civi·

130 2935 243 2995 tatibus
275 2933 324 2995 vel
346 2933 514 2995 eventibus.
558 2932 597 2994 lit
624 2934 703 2994 sicut
724 2916 911 2996 Adriaticum
941 2940 1101 3002 acivitate
1122 2940 1234 3014 Adria,
1265 2944 1311 3004 sic

129 3037 269 3118 Aegeum
291 3036 400 3099 dicitur
421 3054 440 3098 a
461 3054 570 3118 capro,
591 3055 663 3099 nam
682 3039 764 3101 inter
778 3038 936 3103 Tenedum
959 3051 991 3105 et
1012 3043 1121 3106 Acium
1142 3063 1246 3106 sarum
1262 3052 1310 3107 est

128 3142 162 3202 in
183 3144 260 3202 mari
282 3143 383 3221 potius
407 3158 498 3220 qnam
520 3143 637 3214 insula,
661 3141 742 3221 quod
768 3144 938 3208 videntibus
966 3149 1072 3225 procul
1086 3167 1195 3228 caprae
1208 3150 1309 3210 simile

130 3250 187 3306 est.
234 3243 342 3306 Graeci
376 3251 478 3307 autem
510 3263 632 3325 capram
661 3263 785 3326 aegeam
813 3251 986 3324 nominant,
1019 3260 1050 3314 et
1072 3255 1109 3315 ab
1139 3271 1176 3315 eo
1201 3253 1310 3317 dicitur

128 3353 227 3409 totum
250 3348 325 3410 illud
347 3350 439 3410 maris
462 3351 595 3428 spatium
615 3348 766 3427 Aegeum.

217 3451 371 3513 Vicesima
392 3459 499 3531 quarta
520 3452 589 3525 rlie,
623 3472 701 3532 quac
723 3461 771 3516 est
794 3457 894 3534 vigilia
917 3457 1024 3518 natalis
1046 3457 1183 3531 Domini,
1218 3463 1309 3532 venti,

127 3556 180 3633 qui
203 3554 279 3616 adeo
302 3557 473 3635 impetuose
495 3558 562 3619 beri
585 3575 716 3638 aequora
739 3567 771 3620 et
792 3578 886 3621 naves
909 3561 1074 3640 pellebant,
1103 3581 1139 3624 ac
1161 3566 1187 3624 si
1210 3583 1307 3644 usqne

127 3656 166 3718 ad
189 3658 316 3719 limbum
332 3658 513 3737 ,producere
545 3670 744 3734 conarentur,
780 3663 871 3724 hodie
902 3667 988 3744 quasi
1017 3668 1047 3727 in
1079 3675 1198 3730 antrum
1220 3668 1308 3732 Aeoli

125 3764 259 3823 revocati
281 3764 410 3842 imperio
432 3782 540 3826 omnes
563 3764 700 3828 abierunt
723 3773 755 3828 et
778 3769 973 3846 quieverunt,
1007 3776 1039 3831 et
1061 3772 1212 3851 turgidum
1235 3776 1306 3836 hac·
1414 3798 1421 3807 ·

125 3869 214 3924 tenus
237 3864 338 3926 velum
360 3865 535 3945 languidum
565 3867 805 3947 exhaustumque
838 3871 974 3934 adhaesit
1006 3877 1104 3949 malo,
1138 3879 1219 3956 quod
1248 3898 1306 3959 ego

124 3975 322 4049 perspectam
344 3969 426 4030 illico
449 3970 582 4043 adverti,
616 3973 687 4050 quia
709 3973 863 4036 silentium
884 3977 943 4038 hoc
965 3985 1125 4042 ventorum
1147 3981 1214 4043 Deo
1236 4002 1305 4064 per·

125 4074 264 4134 mittente
287 4075 445 4136 aerearum
460 4079 645 4153 potestatum
665 4076 793 4156 imperio
815 4080 910 4154 tieret,
935 4090 967 4145 nt
989 4083 1041 4144 illo
1064 4084 1114 4147 die
1137 4088 1169 4147 in
1190 4087 1306 4148 nullum

125 4181 246 4254 portura
259 4176 443 4241 catholicum
463 4179 638 4243 veniremus
661 4180 700 4244 ad
719 4182 921 4248 festivandam
935 4194 1049 4251 tautam
1062 4191 1304 4262 solemnitatem

1063 4307 1097 4360 22
