2874 4770
690 182 756 254 355

134 363 386 426 maledictonibus
419 365 451 421 et
479 358 685 438 blasphemiis.
740 358 820 422 Vasa
850 359 942 421 etiam
976 356 1128 422 mercibus
1158 355 1248 436 plena
1278 362 1311 417 et
1430 429 1433 440 ⁴

134 470 225 528 cistas
249 466 448 546 transposuit,
471 465 562 524 serris
585 468 616 523 et
633 463 790 524 securibus
807 480 925 549 asseres
950 463 1131 527 abbreviavit
1153 467 1184 522 et
1208 461 1311 522 omnia

133 571 211 632 inira
234 578 264 632 et
280 588 380 650 supra,
393 574 473 648 ‘quae
490 568 525 628 ab
547 566 725 628 Alexandria
738 567 849 628 intacta
867 573 1021 639 steterant,
1042 566 1094 628 illa
1107 565 1310 627 sacratissima

134 682 224 736 nocte
247 693 282 735 ao
303 673 353 735 die
377 675 532 752 transponi
565 673 717 735 mandavit
746 672 870 743 dicens,
902 689 1024 733 cursum
1046 672 1150 751 galeae
1170 671 1233 749 pati
1251 671 1308 729 im·

133 784 253 858 petum,
284 779 342 839 nisi
365 778 557 853 alterantur„
584 777 652 837 Non
683 775 742 837 vidi
772 776 925 854 graviores
954 776 1092 846 labores,
1122 791 1181 835 nec
1210 772 1311 834 audivi

132 881 237 960 pejora
255 881 427 959 juramenta
451 888 482 943 at
502 880 725 959 blasphemias,
758 897 815 940 nec
838 886 952 940 tantam
977 877 1218 956 inquietudinem
1240 894 1310 955 pcr-

132 988 200 1065 cepi
221 987 251 1046 in
275 992 339 1047 toto
361 986 478 1046 marino
501 986 629 1056 itinere,
652 985 733 1044 sicut
755 984 813 1043 hac
835 999 921 1043 sacra
943 989 1033 1043 nocte
1049 987 1080 1042 et
1095 978 1153 1041 die.
1182 980 1219 1040 Et
1240 997 1309 1058 pro·

129 1089 212 1151 lecto
235 1107 329 1151 coeco
352 1091 473 1149 coecior
492 1074 559 1160 est,
594 1089 729 1166 quinon
759 1087 841 1151 videt
869 1086 1026 1148 daemonis
1047 1087 1106 1148 hoc
1129 1103 1199 1146 esse
1222 1102 1309 1163 opus.

130 1193 212 1255 llaec
234 1192 288 1256 res'
308 1193 451 1254 odibilem
474 1192 549 1253 mihi
571 1192 644 1253 lecit
667 1193 943 1271 peregrinationem
964 1190 1278 1270 hierosolymitanam.

216 1297 273 1358 Die
295 1297 354 1358 hoc
377 1314 464 1357 sacro
487 1295 760 1374 advesperascente
783 1294 906 1357 invaluit
929 1302 1054 1367 ventus,
1087 1312 1146 1356 nec
1169 1290 1310 1372 progredi

129 1408 219 1464 nocte
243 1402 353 1463 licebat
374 1407 498 1480 propter
521 1403 611 1460 maris
635 1400 715 1461 illius
739 1401 965 1479 petrositatem,
987 1415 1046 1459 nec
1072 1400 1103 1458 in
1125 1405 1224 1459 tutum
1239 1415 1309 1476 por-

130 1515 196 1569 tum
217 1505 362 1587 Albaniae
389 1505 500 1564 intrare
530 1503 678 1566 valuimus
707 1510 831 1581 propter
862 1502 1063 1564 inhabitantes
1087 1499 1219 1574 Turcos,
1253 1500 1310 1562 alia

132 1616 233 1671 autem
253 1609 320 1670 loca
341 1611 528 1686 importuosa
550 1612 646 1669 eraut.
691 1604 827 1665 Tandem
856 1611 956 1666 autem
985 1611 1056 1684 post
1078 1605 1241 1667 decursum
1262 1605 1308 1663 in·

133 1715 270 1792 quietum
290 1713 320 1772 in
344 1711 427 1773 littus
448 1710 627 1790 portuosum
640 1708 785 1770 Albaniae
808 1710 923 1790 appulit
945 1709 1046 1789 galea,
1070 1710 1126 1771 sed
1143 1710 1307 1781 desertum,

126 1815 212 1895 juxta
234 1814 315 1895 quod
337 1834 394 1877 nec
415 1816 554 1877 homines
576 1832 633 1876 nec
654 1816 771 1875 bestiae
786 1814 986 1875 morabantur.
1017 1814 1183 1876 Dicebatur
1204 1821 1307 1875 autem

129 1921 215 1983 locus
230 1921 281 1989 ille
297 1921 471 1992 Stamnnm,
493 1922 524 1980 in
546 1936 606 1998 quo
623 1936 692 1979 cum
706 1917 806 1979 taedio
823 1918 960 1979 stabilitis
975 1919 1099 1981 navibus
1114 1937 1170 1999 per
1186 1925 1308 1981 noctem

130 2027 306 2088 mansimus.

216 2130 367 2192 Vicesima
399 2134 485 2190 sexta
507 2127 573 2199 dic,
608 2146 685 2207 quae
718 2135 765 2190 cst
786 2129 900 2191 lestum
932 2129 1012 2190 beati
1036 2127 1180 2207 Stephani
1202 2135 1306 2207 proto-

130 2236 285 2314 martyris,
319 2216 389 2295 ante
412 2233 513 2294 lucem
536 2231 677 2309 aptabant
699 2249 808 2294 navem
836 2251 891 2312 pro
923 2249 1064 2304 recessu,
1100 2233 1169 2310 quia
1199 2237 1307 2292 ventus

129 2338 226 2399 bonus
243 2336 397 2415 adspirare
413 2342 569 2414 coeperat,
594 2338 643 2396 cui
659 2354 729 2396 cum
745 2335 811 2397 vela
827 2336 977 2408 daremus,
994 2340 1122 2416 repente
1137 2335 1308 2395 ferebamur

130 2443 179 2504 via
200 2446 318 2513 nostra,
342 2445 373 2500 et
388 2440 631 2518 promontorium
645 2438 857 2511 Acrocerauni,
882 2439 964 2518 qnod
985 2442 1017 2499 in
1032 2421 1186 2517 angustias
1201 2436 1307 2498 Adria-

130 2545 186 2606 tici
220 2546 304 2605 sinus
335 2541 538 2622 protenditur,
576 2546 824 2623 pertransivimus
856 2550 887 2605 et
915 2546 944 2605 in
977 2542 1118 2604 lonicum
1145 2540 1307 2602 incidimus

132 2649 245 2719 sinum;
268 2647 416 2728 posthoc
438 2649 678 2726 promontorium
695 2654 742 2709 cst
758 2646 908 2726 quaedam
924 2649 1045 2719 civitas,
1068 2645 1252 2726 Epidaumm
1276 2651 1307 2706 et

130 2751 338 2813 Dirrhaohium
362 2751 453 2824 dicta,
476 2751 528 2812 ubi
551 2749 672 2824 dicunt,
695 2750 777 2830 quod
800 2751 1014 2814 Constantinus
1036 2749 1181 2831 Magnus,
1211 2751 1307 2829 resig-

127 2874 204 2917 nans
225 2855 354 2917 llomam
376 2873 490 2936 papae,
522 2855 643 2918 volebat
667 2857 860 2918 constituisse
883 2862 914 2917 et
937 2855 1112 2917 aedificasse
1137 2855 1306 2917 Constanti·

125 2961 281 3041 nopolim,
305 2967 335 3021 ct
350 2959 554 3021 fundamentis
565 2960 657 3038 jactis
679 2960 792 3022 dimisit
812 2968 909 3023 totum
933 2968 963 3024 et
976 2963 1113 3023 transivit
1127 2959 1307 3041 Bysunlium

127 3067 159 3126 in
181 3063 359 3136 Thraciam,
381 3064 423 3125 ibi
444 3063 623 3135 aedificans,
646 3064 729 3143 qnod
750 3065 934 3129 intendebat.
978 3064 1056 3127 Vide
1078 3064 1142 3125 Ful.
1168 3061 1240 3128 197.

214 3167 330 3230 Eodem
353 3167 403 3228 die
425 3169 618 3228 transivimus
638 3166 722 3244 juxta
744 3169 890 3241 insulam,
923 3185 1000 3248 quac
1023 3169 1133 3230 dicitur
1154 3168 1305 3243 Tremula,

126 3274 159 3333 in
173 3272 241 3332 sinu
257 3271 432 3342 llisenisco,
455 3277 487 3331 et
509 3271 550 3331 ibi
573 3270 609 3331 ab
631 3279 759 3351 utraque
781 3280 867 3351 parte
884 3269 1038 3353 (latito)
1061 3281 1157 3334 terras
1173 3274 1305 3336 vidimus

128 3375 386 3436 Christianoruma
412 3372 448 3434 ad
463 3373 598 3436 dextram
613 3375 742 3436 vidimus
758 3376 953 3447 Dalmatiam,
976 3374 1015 3436 ad
1028 3378 1180 3437 sinistram
1204 3384 1306 3437 nutem

128 3478 324 3557 Campaniam
352 3483 383 3538 et
414 3475 568 3555 Apuliam,
599 3481 631 3540 in
662 3497 721 3558 qua
753 3477 784 3538 S.
808 3476 966 3540 Michaelis
998 3484 1133 3540 montem
1165 3478 1305 3550 vidimus,

126 3589 264 3643 montem
288 3580 459 3658 Gorgonum
482 3583 513 3641 in
534 3581 722 3644 Adriaticum
745 3584 918 3644 venientem
940 3598 1039 3655 mare,
1064 3581 1150 3661 cujus
1173 3584 1203 3643 in
1226 3581 1306 3643 radi·

127 3687 213 3749 cibus
237 3687 396 3764 Sipontum
420 3686 539 3758 civitas,
562 3687 635 3749 olim
658 3705 675 3749 a
697 3685 860 3758 Diomede,
882 3684 988 3747 Martis
1011 3688 1145 3759 victore,
1175 3685 1303 3747 condita.

214 3789 311 3852 Secus
334 3790 414 3852 hunc
445 3796 581 3852 montem
609 3791 714 3853 dicunt
735 3790 859 3852 Danaen
881 3788 992 3851 Acrisii
1025 3793 1104 3871 regis
1127 3790 1306 3873 Argivorum

125 3893 218 3956 liliam
239 3896 394 3957 inventam
416 3913 472 3974 per
493 3912 578 3957 mare
602 3895 776 3985 advectam,
809 3901 976 3974 stupratam
998 3898 1078 3958 euim
1101 3903 1132 3959 et
1154 3899 1303 3978 impraeg-

125 4004 227 4059 natam
249 4015 267 4059 a
287 3996 363 4061 Jove
385 4001 416 4060 in
438 4000 542 4078 specie
576 4016 686 4060 aureae
708 3999 827 4078 pluviae
857 4007 944 4078 pater
966 4001 997 4060 in
1024 4017 1126 4064 arcam
1149 4003 1250 4080 posuit
1273 4008 1304 4063 et

127 4101 159 4160 in
181 4118 264 4162 mare
287 4103 384 4174 misit,
414 4119 493 4181 quae
516 4119 585 4164 arca
619 4120 715 4181 usqne
749 4102 786 4164 ad
808 4103 892 4166 littus
913 4102 1041 4182 Apuliae
1064 4108 1203 4185 pervenit
1233 4114 1306 4167 eta

128 4203 326 4281 piscatoribus
347 4206 470 4269 inventa
492 4213 524 4269 et
547 4212 696 4280 extracta,
728 4222 820 4284 quam
851 4206 1022 4288 aperientes
1044 4209 1223 4270 invenerunt
1244 4207 1304 4269 Da·

1035 4321 1097 4379 2³*
