2874 4770
682 156 745 228 111

126 342 159 399 et
180 337 255 398 alias
276 353 393 416 poenas
415 335 508 397 celeri
530 335 701 398 festinantia
716 337 915 399 morientibus
937 338 1086 412 inferunt,
1109 341 1188 402 sieut
1210 358 1304 421 saepo

125 439 189 504 vidi
211 438 291 519 apud
313 458 376 501 eos.
421 439 558 503 inaudita
581 443 661 501 euim
684 444 775 501 etiam
798 441 877 520 apud
908 459 962 502 eos
984 444 1160 515 cmdelitas,
1194 444 1305 506 dimitti

128 544 284 605 bominem
317 545 366 631 vel
396 546 427 604 iu
456 545 565 623 laqueo
591 545 737 624 palpitare
771 545 819 605 rel
841 548 871 606 in
901 553 968 606 rota
996 545 1108 607 diutius
1138 552 1305 625 agonizare,

127 649 207 710 sicui
235 647 313 726 apud
345 666 401 709 nos
431 648 496 709 lieri
518 648 607 709 solet.
651 647 945 729 inscelerati'fflld
957 649 1001 725 a)
1030 651 1196 729 effugiendi
1226 651 1305 732 apud

127 769 183 813 eos
205 751 317 812 babent
339 753 612 831 opportunitatem,
642 759 804 830 antequam
828 755 1027 832 captiventur.
1072 753 1106 814 Si
1129 757 1210 814 euim
1234 773 1305 815 rens

126 857 293 936 praesentit
315 872 349 915 se
372 855 583 934 captivandum
607 863 639 917 et
659 858 753 917 currit
785 856 824 916 ad
847 855 970 934 aliquod
984 857 1106 930 canale,
1128 859 1180 919 ubi
1195 860 1305 918 barcae

127 965 224 1031 stant,
255 965 288 1021 et
309 959 451 1023 ducatum
481 962 513 1020 iu
543 961 665 1022 barcam
687 959 807 1040 projicit
840 963 872 1021 in
895 979 1024 1040 eamque
1047 961 1153 1034 saltat,
1183 970 1305 1023 tenetur

125 1063 280 1133 bercarius
313 1079 385 1124 eum
414 1063 547 1125 educere
576 1063 614 1124 ed
647 1060 868 1144 quamcumque
898 1065 1017 1144 plagam
1051 1073 1152 1146 petat,
1186 1069 1305 1127 etiamsi

127 1170 215 1232 ducis
238 1175 269 1230 et
289 1172 382 1231 totius
403 1176 529 1231 senatus
557 1172 639 1231 servi
661 1178 820 1232 currerent
841 1171 880 1232 ad
901 1190 972 1232 eum
995 1170 1192 1249 capiendum,
1226 1173 1307 1231 etsi

127 1275 220 1336 etiam
251 1272 301 1336 vel
326 1274 478 1335 civitatem
507 1272 695 1334 incendisset
727 1276 776 1335 vel
805 1275 837 1336 S.
860 1274 957 1336 biarci
987 1275 1162 1336 tbesaumm
1190 1273 1306 1334 furatus

127 1377 312 1440 fuissetne!
334 1379 436 1457 ipsum
460 1376 570 1438 ducem
592 1377 811 1449 interfecisset,
834 1396 892 1438 uec
914 1381 982 1458 ipse
1008 1379 1161 1440 bercarius
1184 1381 1307 1456 punitur

129 1488 255 1560 propter
276 1479 472 1542 eductionem
493 1482 562 1542 talis
585 1482 730 1554 malefici,
764 1483 820 1544 sed
840 1485 1012 1562 puniretur,
1045 1486 1072 1544 ei
1094 1500 1181 1544 reum
1212 1482 1250 1544 ad
1272 1500 1306 1543 se

131 1583 357 1662 confugientem
379 1602 449 1646 eum
471 1585 618 1646 industria
640 1586 818 1664 negligeret.

219 1687 365 1762 Quartum
387 1688 628 1750 commendabile
651 1697 716 1761 est,
740 1689 821 1768 quod
843 1708 905 1750 nou
927 1689 1026 1750 solum
1041 1688 1229 1750 Venetomm
1250 1706 1307 1767 po·

131 1797 227 1853 testas
250 1796 297 1853 est
318 1791 474 1868 durabilis,
496 1792 554 1854 sed
576 1794 715 1872 ampliata
738 1800 769 1855 et
792 1793 915 1855 dilatata
937 1795 1044 1864 nimis,
1066 1795 1124 1864 ita,
1157 1800 1192 1854 ut
1215 1795 1307 1853 etiam

130 1900 211 1959 iuter
233 1896 437 1957 ferocissimas
459 1902 566 1974 gentes
588 1897 649 1958 late
672 1900 746 1958 mari
779 1900 930 1976 terrisque
961 1898 1102 1976 imperet
1147 1896 1306 1969 Quaenam

131 2001 237 2063 civitas
265 2000 299 2060 iu
323 2005 388 2060 toto
409 2000 498 2072 orbe,
529 2017 608 2078 qnae
639 2003 853 2072 communitas,
886 2003 954 2079 quis
980 2018 1033 2061 rer
1060 2002 1212 2062 invenitur
1242 2007 1306 2061 ter·

128 2106 230 2167 minos
253 2120 327 2165 suos
348 2108 468 2163 tautum
489 2104 668 2182 ampliasse,
690 2105 770 2164 sicut
791 2105 868 2165 baec
889 2104 1085 2165 venetiarum
1107 2105 1196 2175 urbs,
1219 2103 1306 2180 cujus

128 2213 263 2288 potestas
286 2205 379 2267 bodie
401 2203 619 2269 Germanorum
649 2206 725 2267 lines
754 2209 872 2286 attingit
904 2215 936 2269 et
958 2206 1169 2286 Ungaroruru,
1191 2205 1307 2267 anco·

130 2328 215 2383 rum,
238 2311 489 2383 sarracenum,
511 2309 729 2381 Berisamum,
751 2310 925 2371 Siculorum
938 2318 970 2370 et
984 2309 1143 2380 italorum
1168 2318 1199 2370 et
1212 2308 1307 2369 Euro-

131 2431 204 2493 pae,
231 2412 320 2477 Asiae
342 2422 374 2477 et
393 2413 514 2477 Africae
537 2417 684 2476 terminos
706 2413 825 2493 tangit?
863 2413 993 2476 includit
1014 2413 1180 2475 dominium
1202 2430 1309 2473 eorum

131 2517 245 2578 Forum
258 2515 385 2591 iulium,
406 2517 566 2598 Aquileiae
582 2518 832 2598 patriarchatum,
847 2517 1006 2589 Histriam,
1020 2517 1209 2588 Dalmatiam,
1224 2518 1309 2578 Sela·

131 2624 267 2694 vomam,
290 2622 452 2696 Urceliana,
474 2622 618 2685 Albaniae
641 2629 773 2701 partem,
803 2621 928 2701 lllyrici,
958 2620 1121 2693 Graeciae,
1151 2621 1308 2690 Venetiae,

131 2724 245 2787 ltaliae.
289 2728 326 2789 Et
346 2729 378 2788 in
407 2726 508 2788 medio
536 2728 658 2788 illarum
688 2728 910 2804 provinciamm
939 2735 986 2787 est
1018 2743 1102 2787 mare
1129 2727 1310 2787 latissimum

132 2848 202 2893 cnm
224 2831 330 2893 insulis
351 2834 432 2904 suis,
454 2832 557 2910 regnis
580 2839 612 2891 et
636 2832 827 2910 regionibus,
850 2830 932 2909 quod
955 2837 1051 2891 totum
1074 2848 1171 2909 paene
1194 2828 1231 2890 ad
1254 2844 1309 2889 eos

130 2920 259 3014 spectat.
303 2935 341 2996 Et
362 2935 502 2997 faciendo
525 2953 649 2996 emnem
678 2953 735 3014 per
765 2953 870 2996 eorum
900 2934 1066 2996 dominium
1101 2938 1223 3014 ponitur
1251 2952 1308 3014 pes

132 3039 231 3100 crucis
253 3040 284 3101 in
307 3038 468 3100 occidente
490 3039 528 3099 ad
542 3040 744 3119 principatum
763 3038 959 3100 archiducnm
972 3040 1112 3101 ,lustriae
1129 3042 1160 3100 in
1173 3038 1308 3118 Alpibus,

132 3140 219 3219 cujus
241 3160 383 3221 magnam
405 3143 542 3203 obtinent
564 3151 695 3221 partem,
718 3151 748 3204 et
771 3143 954 3221 protrahitur
975 3145 1052 3204 baec
1071 3161 1140 3222 pars
1156 3145 1255 3204 cruos
1276 3144 1308 3201 in

131 3246 256 3325 longum
278 3264 296 3308 a
318 3247 469 3307 montanis
491 3263 546 3325 per
567 3263 651 3307 mare
674 3246 811 3333 secando
832 3246 1004 3325 aquilonem
1027 3253 1058 3307 et
1080 3246 1238 3307 meridiem
1257 3262 1308 3305 ns·

132 3366 192 3428 que
222 3353 255 3411 in
283 3351 450 3420 orientem,
480 3351 619 3428 sistitque
646 3351 678 3410 iu
706 3350 810 3429 Syria,
844 3351 893 3410 cui
921 3349 1038 3428 Cyprus
1067 3355 1310 3417 connumeratur,

132 3471 211 3532 quae
234 3452 326 3514 hodie
349 3469 456 3513 eorum
471 3460 528 3514 est
558 3452 676 3514 Deinde
691 3452 838 3515 trahendo
852 3460 1057 3512 transversam
1073 3453 1172 3512 mucis
1194 3456 1311 3529 partem

132 3575 149 3620 a
171 3558 310 3618 terminis
332 3555 508 3618 Pauuouum
529 3559 594 3619 sive
616 3556 807 3637 Ungaromm
838 3570 937 3633 usque
959 3553 997 3615 ad
1020 3569 1103 3613 mare
1124 3552 1312 3614 Adriaticum

132 3669 163 3723 ei
185 3662 320 3724 Siciliam
342 3661 374 3722 in
397 3662 558 3723 australem
581 3663 711 3742 plagam.
757 3659 819 3721 llas
848 3666 951 3720 autem
982 3659 1145 3719 latissimas
1170 3659 1312 3736 regiones

133 3768 358 3845 acquisiverunt
379 3764 595 3844 multiplieiter.
639 3766 717 3826 Nam
741 3764 832 3842 Cypri
861 3779 988 3842 regnum
1007 3760 1078 3839 jure
1101 3759 1312 3833 haereditario,

133 3873 212 3932 sieut
233 3876 319 3950 patet
341 3886 432 3948 supra
454 3868 518 3931 Fol.
544 3867 607 3932 142
621 3870 652 3930 b.
689 3869 811 3930 Cretam
834 3874 987 3938 emerunt,
1010 3860 1312 3944 utpatetlol.160.

133 3973 257 4035 Euhium
278 3991 352 4035 vero
369 3973 504 4035 insulam
527 3979 558 4032 et
581 3972 724 4043 Samum,
745 3969 930 4050 Mitylenen,
951 3969 1106 4035 Andrum,
1134 3966 1312 4029 ttomtntcus

136 4073 187 4138 38.
209 4077 279 4139 dur
308 4077 498 4139 Venetorum
531 4093 610 4136 anno
643 4072 727 4140 titt
763 4075 949 4137 Graeeomm
981 4077 1159 4155 imperatori
1191 4070 1313 4135 detulit

132 4176 214 4255 justa
234 4168 403 4254 de'causa,
425 4188 458 4243 et
482 4177 656 4252 Metauum,
678 4179 850 4259 Spatatmm
871 4186 905 4241 et
927 4176 1097 4257 Tragurum
1119 4178 1157 4240 ab
1183 4174 1311 4257 l‘ogario
