2874 4770
683 161 747 235 tat

124 336 430 420 possuntilhristiani
450 342 558 400 tenere
580 344 707 419 propter
726 338 952 401 infestationem
971 335 1204 419 Aegyptiorum,
1227 360 1303 420 qno·

125 447 339 519 tienscumquc
368 443 451 502 enirn
482 439 643 502 Christiani
676 450 787 503 terram
818 449 953 504 sanctam
981 451 1146 523 ceperunt,
1179 463 1303 525 semper

126 546 280 625 repulsam
295 546 331 605 ab
346 542 504 623 Aegyptiis
520 543 617 624 (1712
627 544 669 624 a)
694 548 775 624 passi
790 553 869 616 sunt,
890 563 948 605 nec
970 554 1018 607 est
1038 549 1195 627 possibile,
1217 549 1303 609 Chri-

127 651 240 710 stianos
264 649 398 707 interra
421 655 526 708 sancta
548 665 683 720 manere,
707 650 765 708 nisi
788 651 871 727 prius
895 651 1013 727 capiant
1027 651 1210 731 Aegyptum,
1233 661 1303 714 ante

127 750 208 831 quod
231 752 330 812 omnis
353 750 438 811 labor
459 753 556 812 inanis
580 758 611 811 et
633 769 747 812 vacuus
772 759 829 813 est.
859 751 998 832 Aegypto
1020 755 1121 815 habito
1145 759 1177 816 in
1192 775 1302 835 perpe·

127 866 213 919 tuum
235 874 324 916 nemo
354 856 481 916 auderet
510 857 547 917 de
571 856 696 918 Oriente
725 857 827 917 levare
858 873 982 917 manum
1010 864 1113 917 contra
1135 857 1305 919 Jerusalem

125 967 156 1022 et
182 968 294 1021 terram
322 966 468 1020 sanctam.
513 961 578 1021 Hoc
602 961 763 1022 consilinm
786 959 871 1020 dedit
900 960 1022 1038 quidam
1050 958 1304 1038 prudentissimus

125 1066 309 1124 Sarracenus
332 1065 456 1122 nomine
473 1062 636 1137 Carachuz,
660 1063 871 1125 aChristianis
895 1065 1063 1142 captivatus
1086 1069 1117 1123 et
1139 1066 1304 1142 interroga·

125 1175 189 1239 tus,
213 1167 366 1247 quomodo
388 1173 516 1245 possent
531 1185 658 1245 regnum
673 1167 975 1246 hierosolymitanum
999 1185 1109 1245 capere
1132 1175 1163 1228 et
1186 1175 1306 1247 captum

125 1279 241 1332 tenere.
287 1268 472 1350 Respondit,
501 1270 584 1349 quod
605 1288 661 1350 per
683 1271 796 1332 nullam
818 1273 898 1332 riam
921 1273 981 1330 nisi
1002 1288 1059 1349 per
1079 1268 1211 1348 Aegypti
1234 1289 1304 1348 pos-

126 1376 296 1435 sessionem
332 1374 437 1434 dicens
475 1382 719 1454 consequenter,
756 1373 838 1453 qnod
874 1373 962 1434 facile
1004 1380 1087 1434 esset
1129 1374 1306 1434 Christianis

127 1476 300 1556 Aegyptum
323 1478 469 1548 obtinere,
501 1480 579 1555 quia,
603 1496 673 1538 curn
695 1481 808 1538 sintin
830 1479 906 1538 mari
928 1484 1077 1557 potentes,
1101 1484 1226 1555 possent
1236 1477 1306 1537 Ale·

131 1579 283 1640 xandriam
307 1584 337 1638 et
360 1579 433 1638 alias
456 1582 622 1641 maritimas
647 1583 782 1642 civitates
809 1598 918 1658 capere
942 1589 973 1642 et
987 1599 1043 1660 per
1058 1581 1161 1642 Nilum
1176 1581 1304 1641 adscen-

128 1684 200 1743 dere
225 1701 295 1743 cum
318 1682 465 1742 classibus
496 1690 528 1743 et
550 1683 705 1745 devastare
727 1685 787 1745 Nili
811 1687 946 1746 civitates
969 1701 1067 1763 usqne
1092 1682 1239 1762 Cayrum,
1275 1690 1306 1743 et

128 1785 232 1846 clauso
254 1786 332 1857 Nilo,
355 1805 393 1847 ne
418 1787 613 1847 mercimonia
636 1786 673 1848 de
690 1788 785 1866 Capro
808 1790 840 1848 in
865 1787 1075 1849 Alexandriam
1098 1787 1206 1848 advehi
1230 1804 1301 1864 pos-

128 1896 212 1959 sent,
247 1908 307 1950 non
338 1897 444 1970 posset
477 1890 590 1968 caynus
624 1889 735 1952 diutius
764 1908 798 1950 se
828 1909 844 1951 a
874 1891 1025 1952 deditione
1056 1892 1222 1952 continere.
1267 1891 1305 1950 Et

127 1999 243 2055 tantum
266 1994 303 2056 dc
327 1984 389 2057 illo.
602 2056 604 2060 a

450 2158 454 2165 ,
486 2098 614 2177 Explicit
636 2104 781 2160 tractatus
805 2105 939 2160 octavus.

133 2396 399 2469 Praeambulum
417 2396 657 2468 intractatum
674 2415 804 2467 nonum
818 2415 882 2485 per
896 2413 1051 2467 mensem
1065 2394 1305 2500 Nouembrem,

322 2517 559 2589 necessarium
585 2537 648 2606 pro
676 2517 859 2589 intellectu
886 2517 1116 2605 sequentium.

215 2716 385 2797 Antequam
409 2720 446 2779 ad
468 2720 694 2781 inchoationem
709 2722 779 2781 novi
794 2725 939 2780 tractatus
956 2718 1137 2797 procedam,
1161 2716 1310 2796 quaedam

128 2822 350 2903 praemittenda
372 2826 485 2888 censui.
515 2823 688 2885 Notandum
704 2842 793 2902 ergo,
818 2823 898 2902 quod
923 2823 994 2883 dnm
1017 2841 1073 2902 per
1095 2839 1179 2882 mare
1201 2839 1308 2882 versus

126 2935 237 2989 terram
261 2932 397 2987 sanctam
421 2945 598 3006 pergerem,
623 2930 717 2989 celeri
741 2947 831 2989 cursu
854 2929 1035 3007 pertransivi
1056 2928 1213 3004 regiones,
1237 2944 1307 3004 pro·

126 3034 239 3094 vineias
271 3037 302 3090 et
325 3032 417 3091 maris
447 3033 549 3109 magni
576 3033 707 3104 insulas,
740 3031 814 3091 nihil
838 3031 886 3093 vel
908 3048 1013 3108 parurn
1037 3030 1075 3090 de
1100 3029 1145 3088 his
1169 3032 1307 3091 scribens

126 3138 158 3196 in
180 3141 308 3195 tractatu
332 3141 438 3212 quarto
462 3136 575 3194 mensis
599 3135 680 3196 Junii
703 3121 801 3196 totum’
834 3134 975 3195 adhunc
998 3152 1113 3194 nonum
1146 3140 1306 3194 tractatum

128 3241 243 3300 mensis
266 3237 445 3298 Novembris
468 3240 627 3309 reservavi,
651 3257 795 3318 sperans,
824 3256 873 3297 me
895 3241 926 3298 in
948 3238 1047 3299 reditu
1069 3255 1125 3315 per
1147 3255 1229 3298 mare
1253 3255 1308 3314 per

129 3342 254 3404 easdem
277 3343 416 3418 regiones
440 3357 644 3403 reversurum.
691 3342 754 3403 Sed
783 3342 869 3401 aliter
898 3341 1023 3413 accidit,
1056 3359 1127 3401 nam
1154 3359 1247 3401 naves
1276 3346 1309 3400 et

128 3447 231 3527 galeae
256 3445 415 3505 onerariae
439 3442 477 3504 de
501 3445 576 3505 mari
598 3443 748 3525 Aegyptio
771 3447 802 3505 in
825 3443 972 3522 Libycum
995 3444 1136 3522 pelagum
1158 3446 1306 3521 navigant,

128 3549 290 3610 tendentes
302 3547 339 3608 ad
351 3548 504 3607 sinistram
516 3553 620 3607 contra
631 3546 793 3607 meridiem
815 3552 847 3606 et
869 3546 1068 3618 occidentem,
1092 3553 1123 3607 et
1141 3546 1179 3606 de
1193 3545 1306 3626 Libyco
1326 3611 1328 3614 ,

128 3653 305 3714 relabuntur
327 3653 359 3710 in
382 3667 464 3710 mare
491 3649 658 3720 Creticum,
683 3656 714 3709 et
737 3651 780 3709 ita
802 3649 839 3709 ad
863 3647 998 3710 dextram
1021 3648 1174 3710 dimittunt
1195 3651 1308 3711 fretum

63 3803 69 3814 .
129 3757 288 3835 Syriacum
312 3773 382 3814 curn
398 3754 496 3832 Cypro
520 3752 631 3823 insula,
656 3758 687 3813 et
700 3750 866 3831 Pamphilia
880 3769 949 3812 curn
966 3750 1085 3823 Cilicia,
1109 3769 1192 3813 mare
1215 3755 1308 3813 etiarn

129 3858 286 3939 Aegaeum
310 3865 340 3918 et
355 3857 519 3918 Rhodensc
544 3874 613 3915 oum
628 3854 750 3927 Rhodo,
774 3872 829 3933 per
851 3872 929 3933 quae
951 3856 1044 3917 maria
1066 3858 1096 3930 in
1119 3859 1216 3934 prima
1238 3873 1307 3916 rnea

129 3965 374 4042 peregrinatione
397 3964 554 4040 ingressus
578 3966 609 4020 et
632 3977 773 4038 egressus
796 3975 878 4030 sum,
902 3966 934 4019 et
948 3961 980 4019 in
996 3959 1129 4019 secunda
1150 3963 1306 4038 ingressus

131 4085 187 4145 per
210 4083 264 4138 ea,
296 4065 435 4127 sednon
460 4083 619 4144 egressus,
652 4067 722 4144 quia
753 4082 809 4143 per
830 4080 913 4123 mare
935 4062 1080 4141 Libycum
1108 4069 1140 4123 et
1160 4063 1308 4123 Punicum

134 4169 243 4232 deveni
264 4171 297 4230 in
320 4169 473 4258 Creticum
495 4168 617 4231 fretum.
655 4165 695 4228 Ut
718 4184 790 4246 ergo
812 4166 949 4228 Ciliciam
970 4166 1102 4228 nobilem
1124 4172 1155 4227 et
1175 4166 1308 4245 Cyprum
