2874 4770
682 177 746 246 337

124 359 252 438 reciplt3
284 356 341 420 sed
362 363 393 420 et
414 356 569 418 sarcimine
601 357 632 415 in
656 355 784 414 maxima
806 351 996 414 multitudine
1018 351 1058 412 ibi
1080 351 1157 412 liunt
1178 357 1209 412 et
1230 369 1304 412 vcn-

128 461 244 543 duntur
266 469 297 522 et
319 460 395 522 ulnis
408 465 631 522 mensurantur
653 459 685 518 in
706 456 889 519 venditione.

216 564 423 627 Pomerantiae
445 567 511 626 sine
534 563 725 642 reputatione
749 561 790 620 ibi
814 567 900 632 suut,
934 560 1012 622 unde
1047 579 1137 623 unam
1173 569 1306 643 sportam

130 670 256 749 plenam
276 669 398 747 optimis
423 674 454 728 et
476 667 608 746 probatis
625 665 819 746 pomerantiis
844 667 917 725 emit
940 666 1006 743 quis
1030 684 1084 744 pro
1101 667 1234 745 quinque
1257 667 1306 727 vel

129 791 184 835 sex
201 773 357 845 morietis,
380 778 412 835 ot
428 790 483 852 pro
503 789 561 833 uuo
581 770 704 832 denario
724 767 782 830 XX
806 767 853 829 vel
870 766 964 829 XXX.
997 768 1043 827 De
1066 768 1125 831 illis
1146 769 1232 830 malis
1258 788 1306 830 re·

127 877 229 956 pletae
251 877 377 939 luerunt
399 876 518 966 galeae,
542 882 573 936 et
594 874 720 954 quilibet
734 875 808 934 emit
823 890 878 952 pro
894 890 928 932 se
944 890 1034 934 unam
1049 881 1192 953 sportam,
1216 877 1307 935 etiam

125 982 183 1044 nos
206 983 369 1062 peregrini.
415 981 478 1043 Sed
500 980 648 1051 devino,
672 978 816 1058 quodibi
839 979 965 1048 crescit,
999 975 1072 1054 quid
1094 975 1205 1046 dicam,
1239 997 1308 1039 cum

127 1086 223 1147 solus·
236 1087 386 1166 cogitatus
409 1083 447 1146 de
471 1102 508 1144 eo
527 1100 581 1144 me
604 1081 754 1154 delectet,
778 1083 819 1142 ibi
842 1083 921 1142 enim
941 1082 1050 1141 crescit
1065 1083 1167 1142 vinum
1185 1082 1307 1142 musch-

127 1188 283 1263 catellnm,
320 1186 408 1266 cujus
437 1186 543 1249 florem
566 1184 628 1268 (et)¹
651 1186 751 1247 nobile
782 1190 908 1264 usurpat
937 1180 993 1244 sibi
1022 1203 1133 1246 nomen
1157 1185 1307 1264 quoddam

128 1295 234 1356 vinum
249 1268 394 1353 crescens
416 1293 446 1352 in
463 1292 572 1353 aulone
586 1289 767 1351 Tridentino
787 1288 872 1365 juxta
883 1287 1078 1350 Tramiodum
1093 1291 1204 1362 villam,
1227 1289 1309 1369 quod

129 1397 181 1460 vix
202 1403 249 1458 est
272 1413 351 1475 aqua
373 1401 517 1476 respectu
538 1395 636 1468 illius,
661 1400 692 1456 et
715 1400 762 1454 est
784 1393 824 1454 ibi
848 1394 934 1471 copia
957 1409 1063 1472 magna
1087 1401 1119 1455 et
1139 1396 1218 1455 bono
1242 1393 1308 1453 loro

130 1500 320 1579 nobiliusque
345 1506 392 1561 est
413 1497 642 1569 vino-Cretico,
675 1497 756 1559 unde
778 1495 886 1557 Ulmae
919 1498 1016 1556 carius
1047 1497 1188 1559 venditur
1209 1496 1308 1560 Meto-

133 1618 229 1663 nense
252 1602 342 1682 quam
364 1602 528 1674 Cretense,
559 1621 654 1663 unum
680 1609 782 1663 tamen
804 1617 896 1678 saepe
919 1616 974 1678 pro
998 1601 1116 1680 reliquo
1142 1601 1245 1675 detur,
1279 1610 1311 1664 et

133 1706 224 1767 ambo
245 1705 402 1773 Malrasetl
422 1724 536 1769 nomen
560 1707 681 1768 habent.
712 1705 774 1782 Sed
797 1711 827 1765 et
851 1704 908 1765 alia
931 1711 1000 1765 sunt
1023 1705 1063 1765 ibi
1086 1706 1212 1766 inbono
1241 1706 1308 1766 loro

133 1816 165 1870 et
188 1816 236 1870 est
256 1810 297 1872 ibi
318 1806 405 1873 fovea
424 1810 632 1891 pinguedinis,
657 1817 687 1871 et
702 1803 812 1871 mirufn
829 1815 892 1881 est,
915 1808 997 1887 quod
1011 1808 1102 1871 Turci
1118 1829 1180 1870 non
1196 1809 1310 1871 dudum

129 1912 234 1974 locum
257 1913 341 1974 illum
363 1933 424 1975 non
446 1913 674 1986 desolaverunt,
708 1913 764 1975 sed
795 1914 873 1975 forto
904 1912 1058 1976 dimittunt
1080 1921 1203 1994 propter
1226 1934 1308 1976 com-

129 2018 260 2089 mercia,
284 2034 362 2095 qnae
384 2018 496 2079 babent
517 2037 588 2081 cum
605 2019 796 2091 Christianis,
820 2035 898 2097 qnae
922 2024 1093 2091 cessarent,
1117 2021 1142 2079 si
1166 2036 1233 2080 eam
1256 2018 1308 2080 de-

129 2120 266 2182 colorent
288 2121 450 2184 civitatem.

522 2423 573 2499 De
600 2423 737 2498 Motene
765 2381 917 2498 civitate.

218 2638 343 2705 Melone
376 2645 480 2706 civitas
514 2663 549 2706 ex
583 2645 670 2707 dictis
705 2665 759 2726 pro
792 2651 878 2725 parte
902 2644 1055 2727 descripta
1076 2648 1212 2711 habetur.
1258 2650 1313 2711 Est

133 2744 268 2807 enimin
291 2749 446 2826 provincia
466 2745 619 2826 banajae,
642 2751 674 2809 in
698 2766 756 2828 qua
771 2748 874 2829 plures
891 2756 961 2810 sunt
976 2753 1082 2825 urbes,
1106 2771 1180 2832 quas
1204 2772 1311 2814 omnes

132 2846 254 2911 Turous
272 2853 369 2931 cepit,
393 2852 509 2938 demta
517 2853 568 2913 illa
591 2854 671 2926 sola,
696 2872 766 2915 cum
782 2854 957 2933 quibusdam
974 2859 1073 2935 parvis
1089 2859 1210 2919 munitis
1225 2858 1310 2920 locis.

129 2952 186 3015 Est
202 2960 302 3017 autem
318 2952 441 3018 Metona
458 2958 561 3045 civitas
576 2959 791 3028 vetustissimo,
819 2958 905 3037 cujus
920 2959 1112 3040 Thucydides
1128 2960 1311 3024 Graecorum

130 3056 297 3121 historicus
327 3062 465 3122 meminit
495 3063 525 3122 io
561 3064 696 3123 oratioue
717 3061 851 3125 Brasidis
885 3064 922 3125 ad
954 3064 1064 3126 milites
1095 3065 1174 3127 Libr.
1197 3065 1246 3129 lv.
1281 3074 1312 3129 et

129 3158 336 3242 Hieronymus
350 3165 381 3224 in
395 3165 454 3225 'vita
468 3164 501 3226 S.
512 3164 671 3226 Hilarionis
696 3167 728 3228 C.
743 3165 794 3230 32.
819 3175 850 3230 et
872 3170 903 3229 in
919 3171 979 3230 uita
994 3169 1025 3230 S.
1038 3169 1146 3231 Paulae
1170 3173 1200 3231 iu
1216 3172 1311 3250 Epist.

129 3262 217 3326 flacc
240 3269 276 3329 ab
299 3269 421 3348 antiquo
445 3269 501 3331 luit
524 3270 560 3330 de
585 3289 679 3348 regno
696 3269 856 3344 Graeciae,
880 3274 959 3334 siout
982 3281 1013 3334 et
1035 3280 1098 3334 tota
1112 3274 1233 3351 dchaja,
1257 3274 1312 3337 sed

131 3386 213 3431 anno
224 3370 348 3432 Domini
362 3370 486 3437 1204111
498 3373 683 3435 Venetorum
697 3374 1013 3448 dominium’devenit,
1038 3378 1186 3457 quihodie
1201 3379 1241 3449 ibi
1257 3378 1311 3438 do-

131 3474 301 3543 minantur:
326 3475 380 3537 Est
395 3484 495 3538 autem
512 3479 615 3538 civitas
630 3484 839 3557 competenter
854 3497 960 3558 magna
984 3486 1015 3540 et
1029 3480 1228 3540 munitissima
1251 3487 1312 3540 tam

132 3583 260 3661 aparte
289 3580 379 3641 maris
413 3597 503 3660 quam
538 3588 662 3661 aparte
686 3588 800 3653 terrae,
834 3589 865 3641 et
888 3588 935 3642 est
956 3584 986 3642 in
1009 3584 1109 3661 ipsum
1132 3600 1214 3644 mare
1242 3603 1311 3664 pro-

129 3687 237 3754 tensa,
271 3681 403 3762 scopulis
427 3689 459 3745 et
481 3685 617 3747 cautibus
642 3684 908 3764 superaedificata,
940 3688 998 3759 ita,
1034 3686 1115 3764 quod
1138 3705 1220 3749 mare
1245 3707 1311 3750 sae-

131 3786 220 3848 viens
243 3803 342 3865 usque
364 3786 403 3848 ad
425 3806 547 3850 murum
570 3788 740 3860 adscendit,
764 3792 895 3868 impetus
919 3795 1020 3850 tamen
1044 3788 1127 3867 ejus,
1152 3801 1313 3872 antequam

132 3906 255 3951 murum
288 3890 420 3970 attingit,
454 3893 486 3951 in
510 3891 697 3953 obstantibus
730 3895 824 3973 petris
858 3899 889 3953 et
918 3895 1041 3973 rupibus
1074 3895 1311 3976 confringuntur.

132 3993 260 4055 Portum
282 3992 372 4054 babet
394 3993 481 4056 valde
504 3996 655 4066 nobilem,
680 3996 877 4058 antefactum
900 4001 1125 4078 perimmensa
1149 4019 1218 4063 saxa
1243 4020 1312 4081 pro·

133 4097 228 4160 fundo
251 4100 413 4172 immersa,
447 4105 477 4162 et
500 4099 634 4179 desuper
661 4099 750 4178 longa
771 4105 820 4164 via
843 4105 873 4163 in
897 4121 1021 4167 curvum
1048 4112 1096 4165 est
1119 4112 1220 4166 strata.
1266 4103 1313 4165 db

136 4201 194 4264 alia
214 4207 330 4283 parte,
350 4201 401 4264 ubi
424 4211 471 4266 est
493 4210 592 4266 terrae
617 4205 783 4267 continenti
802 4205 922 4283 juncta,
955 4214 1003 4269 est
1024 4211 1118 4269 monti
1140 4209 1312 4279 imminens,

1072 4323 1106 4375 22
