2874 4770
174 357 298 415 naturae
321 368 399 432 opus
419 352 669 435 praeoccupando
690 354 870 419 mirabiliter
889 360 955 415 arta
982 354 1155 435 perticitnr,
1184 372 1259 417 uam
1282 352 1361 435 pulli

173 454 349 534 gallinarum
367 454 405 515 de
428 473 554 517 ovorum
575 458 666 519 tcstta
686 456 858 521 educuntur
880 464 944 519 arte
966 459 1112 531 bumana,
1134 461 1205 521 sine
1229 458 1358 539 gallina-

172 576 239 621 rum
262 559 394 627 foetura,
419 558 476 618 troc
500 560 604 621 modo:
627 560 735 621 domus
759 560 809 621 illa
832 570 880 623 est
902 561 1010 623 domus
1032 562 1122 623 bassa
1143 562 1195 623 vel
1218 562 1355 633 dimissa,

173 670 204 726 et
227 664 325 741 ampla
349 663 399 723 rel
422 661 517 739 larga,
541 670 572 722 et
594 666 625 722 in
647 664 698 724 illa
720 670 802 725 stant
816 664 902 725 multi
919 662 1057 727 iomacca
1072 664 1201 726 demissi
1215 670 1249 725 et
1262 664 1354 735 bassi,

172 784 265 845 super
286 784 363 845 quos
387 769 418 828 in
441 769 527 847 palea
550 774 701 850 ponuntur
717 784 788 837 ova,
812 776 923 845 quanta
945 766 1071 846 quilibet
1094 770 1303 847 apportaverit
1317 766 1354 829 ad

171 868 342 930 habendum
366 888 402 932 er
425 874 470 933 eis
494 871 663 951 pulticulas.
709 868 831 931 Portant
847 873 929 931 enim
943 871 1089 935 mulieres
1104 888 1163 931 ova
1176 872 1208 933 tn
1226 870 1352 931 domum

171 975 261 1034 istam
284 973 322 1032 ud
344 974 535 1037 educendum
558 975 674 1053 pullos,
698 974 776 1033 siout
799 980 919 1052 portant
940 980 1061 1055 pastam
1082 972 1114 1035 in
1135 974 1298 1055 pistrinam
1314 972 1351 1035 ad

173 1077 364 1155 coquendum
386 1096 490 1156 panes.
536 1076 709 1157 Apportatis
732 1083 834 1137 autem
857 1078 922 1139 ouis
951 1084 984 1137 et
1003 1094 1099 1156 super
1119 1075 1262 1137 tumaces
1288 1075 1350 1136 col-

171 1182 278 1245 locatis
301 1185 330 1242 in
353 1183 457 1261 poleas
480 1181 591 1243 adhoc
615 1186 699 1257 optas
722 1180 882 1258 imponant
904 1174 1076 1241 fornacibus
1096 1184 1304 1261 temperatum
1320 1185 1352 1239 et

171 1288 431 1365 proportionatum
453 1287 571 1364 ignem,
604 1302 664 1363 quo
693 1300 824 1345 accenso
857 1287 984 1345 materia
1005 1283 1107 1345 laotos
1129 1287 1299 1359 maturatur
1320 1286 1351 1343 in

170 1392 253 1459 ovis,
287 1396 317 1449 et
341 1407 397 1449 suo
431 1395 586 1469 tempore,
614 1388 644 1449 b.
668 1405 695 1449 e.
726 1384 906 1448 duodecimo
936 1386 1001 1458 die,
1036 1386 1181 1451 excubata
1215 1394 1287 1449 sunt
1319 1394 1351 1447 et

170 1492 243 1573 palli
266 1500 392 1563 exeunt,
416 1500 480 1553 arte
502 1491 635 1553 oltieium
661 1496 785 1552 naturae
797 1491 974 1553 mirabiliter
987 1496 1206 1569 prosequente.
1239 1490 1349 1553 Statim

174 1603 275 1659 autem
296 1597 476 1675 pulliiioator
498 1594 597 1657 reddit
619 1596 717 1673 pullos
741 1595 785 1666 ei,
814 1593 902 1671 cujus
931 1574 1018 1655 erant
1040 1612 1110 1665 ova,
1143 1601 1273 1675 aucupto
1294 1612 1348 1672 pro

170 1716 228 1761 suo
256 1718 350 1779 opere
383 1718 477 1760 censu
511 1696 623 1759 debito.
668 1696 740 1775 lgna
764 1704 795 1759 et
817 1696 997 1759 carbonibus
1025 1701 1152 1759 semotis
1175 1716 1193 1759 a
1214 1696 1346 1767 fornace,

169 1800 242 1863 dum
265 1800 362 1863 adbuc
386 1803 481 1873 ualet,
504 1803 664 1881 imponunt
686 1799 790 1879 paleas
811 1798 861 1861 acl
882 1800 987 1861 bmum
1001 1801 1033 1861 in
1047 1800 1219 1873 fornacem,
1244 1808 1275 1861 et
1298 1820 1346 1861 ex-

170 1904 318 1965 cubanlnr
340 1906 439 1967 calore
462 1904 545 1985 pulli.
576 1904 628 1965 Sia
652 1921 723 1981 ergo
745 1920 839 1981 supra
858 1900 999 1965 lomaccs
1015 1909 1046 1963 et
1060 1905 1137 1985 iutra
1153 1905 1345 1967 excubantur.

169 2006 237 2071 noc
259 2024 320 2069 nan
341 2010 400 2070 nisi
423 2008 518 2071 tribus
541 2009 610 2069 anni
639 2007 795 2067 mensibus
824 2006 1024 2085 practicatur,
1056 2006 1173 2068 scilieet
1203 2009 1234 2067 in
1255 2004 1346 2083 blajo,

170 2108 260 2173 lunio
283 2119 313 2171 et
336 2110 432 2182 lulio,
457 2112 523 2171 aliis
547 2110 733 2188 temporibus
756 2127 804 2171 ars
827 2111 908 2171 nulla
926 2108 1023 2193 jnval.
1066 2109 1127 2169 lllis
1143 2116 1247 2169 autem
1259 2126 1345 2189 prae

169 2215 239 2278 latis
270 2214 424 2277 mensibus
456 2222 503 2275 est
535 2216 662 2274 maxima
692 2213 842 2291 pullorum
878 2219 909 2273 et
930 2210 1109 2313 gpllipa'rum
1132 2212 1325 2273 multitudo
1317 2232 1346 2273 m

168 2319 322 2400 Aegypto,
343 2320 415 2399 quia
437 2320 530 2379 otiam
551 2324 672 2396 praeter
693 2317 770 2379 hanc
793 2321 889 2376 artem
911 2302 1098 2403 ullomodo
1099 2317 1215 2413 absque
1230 2317 1345 2396 gallinis

168 2423 243 2504 pulli
264 2424 304 2486 de
325 2424 392 2487 oria
415 2420 593 2485 educuntur.
639 2420 715 2481 Nam
732 2420 907 2481 Vincentius
930 2420 975 2479 tn·
984 2418 1108 2529 spec.
1121 2396 1278 2481 Natdr..L
1298 2419 1343 2483 17.

170 2547 234 2609 cap
258 2524 311 2593 85.
336 2524 424 2601 dicit,
456 2524 568 2605 quod
560 2543 590 2584 m
612 2522 749 2605 Aegypto
784 2523 921 2603 homines
944 2524 1001 2583 dra
1022 2494 1157 2584 stercore
1180 2524 1345 2594 involvunt,

170 2637 202 2693 ot
222 2632 328 2693 sabulo
352 2628 545 2707 cooperiunt,
579 2630 684 2705 sieque
706 2626 807 2688 debito
830 2633 986 2707 temporo
991 2628 1056 2686 sine
1080 2627 1196 2687 foetura
1218 2626 1345 2704 gallinae

170 2732 376 2819 complentur,
410 2740 441 2793 ct
464 2735 507 2793 eis
531 2731 689 2809 eompletis
713 2738 809 2791 testae
834 2720 1011 2791 soin³ddutur
1037 2736 1068 2789 ct
1091 2729 1164 2808 pulli
1186 2730 1343 2808 prodeunt.

169 2834 296 2899 Faciunt
318 2834 399 2927 epira
422 2832 497 2896 duos
521 2836 651 2913 parietes
675 2833 712 2894 de
730 2832 880 2895 asseribus
896 2834 1016 2910 longos,
1041 2852 1058 2894 a
1074 2835 1253 2894 seinvicem
1271 2833 1345 2893 duos

169 2952 277 3018 passus
301 2910 460 3009 distantes,
486 2944 516 2998 et
538 2943 618 3001 iuter
641 2942 772 3017 parietes
794 2945 910 3017 ponunt
934 2937 1064 2997 calidum
1087 2937 1206 3005 fimum,
1241 2942 1274 2995 et
1295 2954 1345 2996 su·

174 3042 276 3120 perius
300 3040 411 3101 iaciunt
435 3050 575 3103 cavernas
598 3045 629 3103 in
652 3045 739 3114 fimo,
772 3044 856 3120 quasi
887 3038 972 3101 nidos
1002 3040 1194 3116 gallinarum,
1228 3046 1259 3099 et
1290 3055 1345 3099 ova

105 3187 114 3199 .
168 3146 344 3231 imponunt,
368 3150 399 3203 et
421 3162 514 3224 super
536 3164 571 3205 ea
594 3153 738 3223 spargunt
761 3162 899 3215 arenam,
924 3145 1028 3220 sieque
1052 3143 1116 3202 sole
1140 3142 1238 3202 calefit
1256 3159 1346 3202 arena

169 3253 201 3306 et
232 3245 332 3318 limus,
372 3254 402 3306 et
437 3248 512 3326 pulli
542 3249 710 3309 educuntur
743 3251 807 3307 sine
839 3247 1029 3313 incubatione
1060 3246 1247 3323 gallinarum.
1299 3247 1345 3307 De

168 3349 225 3410 bac
252 3349 442 3411 incubatione
473 3369 597 3412 ovorum
629 3352 760 3428 loquitur
790 3353 879 3410 etiam
910 3349 1074 3419 Diodorus,
1104 3347 1207 3428 Antiq.
1238 3351 1345 3411 histor.

169 3453 213 3514 sio
253 3453 333 3512 enim
366 3452 399 3512 L.
440 3450 490 3516 11.
526 3474 552 3514 e.
589 3453 618 3517 3.
655 3454 740 3515 dicit:
790 3451 932 3532 Aegyptii
968 3471 1028 3514 uon
1065 3453 1243 3513 incumbunt
1282 3456 1347 3513 ovis

169 3573 256 3626 aves,
281 3555 336 3616 sed
359 3558 416 3634 ipsi
439 3559 559 3635 ingenio
584 3564 615 3617 et
636 3557 763 3618 naturali
787 3564 849 3617 arte
873 3575 909 3618 ex
924 3558 989 3617 ovis
1012 3561 1132 3634 praeter
1156 3563 1348 3623 caeterorum

170 3659 419 3720 consuetudinem
442 3660 574 3720 educunt
589 3661 697 3720 foetus.
743 3661 806 3720 Neo
822 3661 879 3718 hoe
896 3666 943 3718 est
958 3660 1085 3718 multum
1105 3658 1252 3729 mirabile,
1277 3678 1347 3720 oum

169 3759 335 3822 secundum
351 3760 508 3824 libertum
525 3761 668 3842 Magnum
695 3761 743 3824 17.
760 3762 840 3823 Libr.
865 3760 902 3821 de
926 3760 1101 3820 animalibus
1124 3776 1191 3837 cap.
1214 3758 1245 3822 3.
1269 3762 1347 3822 mul·

168 3870 268 3925 torum
292 3866 465 3926 animalium
489 3868 642 3927 ovantium
664 3866 738 3944 pulli
763 3869 872 3924 exerunt
895 3865 960 3922 sine
983 3862 1173 3922 incubatione
1191 3881 1227 3924 ex
1245 3865 1348 3924 calore

168 3967 258 4037 solia,
283 3970 333 4045 qui
357 3975 404 4029 est
427 3971 457 4029 in
480 3976 559 4030 terra
583 3988 619 4030 ex
642 3969 732 4030 radiis
758 3966 840 4028 solis.
886 3965 951 4026 lmo
975 3966 1073 4045 aliqua
1095 3965 1235 4026 animalia
1257 3985 1347 4027 num-

169 4087 259 4150 quam
276 4071 423 4132 aeeeduut
438 4073 477 4134 ad
492 4090 547 4133 ova
563 4090 632 4143 sua,
653 4090 711 4132 nec
726 4070 834 4131 sedent
849 4088 940 4147 super
956 4087 992 4129 ea
1008 4075 1131 4148 propter
1144 4069 1349 4141 cubationcm

168 4173 224 4237 sed
247 4175 406 4254 aliquando
429 4181 553 4255 propter
576 4192 703 4236 ovorum
726 4174 949 4251 protectionem
978 4180 1009 4233 et
1032 4170 1209 4234 custodiam.
1252 4171 1348 4233 Porro
