2902 4710
692 172 757 242 209

135 347 304 429 aptatione,
337 348 527 419 cellerarius,
560 347 647 426 cujus
676 351 813 410 notitiam
841 368 902 410 non
931 349 1105 420 habuimus,
1138 367 1194 428 per
1219 351 1310 415 rimas
1394 374 1398 381 ·

134 454 258 532 parietis
295 455 461 532 respiciens
498 471 554 513 nos
587 454 783 514 amicabiliter
816 452 974 524 salutavit,
1013 455 1192 531 promittens
1224 455 1310 514 nobis

134 557 257 619 servitia
278 557 507 634 praestiturum,
536 554 630 628 unde,
662 565 696 616 ut
718 557 826 616 melius
857 566 887 617 et
910 557 975 617 sine
1004 564 1075 617 nota
1096 557 1310 635 possetnobis

135 660 227 720 etiarn
248 659 483 721 extraordinarie
512 659 583 720 dare
604 660 707 720 cibum
737 667 777 721 et.
790 667 896 739 potum
928 668 960 722 et
990 661 1103 722 lumina
1132 662 1310 734 accendere,

133 763 224 826 solvit
245 781 337 847 unam
359 763 397 825 de
421 765 572 825 asseribus
596 763 756 825 extrahens
774 763 850 827 duos
876 764 991 847 clavos,
1014 770 1048 824 ut
1063 771 1190 825 attracto
1207 782 1310 826 assere

134 865 179 951 ad¹
194 885 250 928 nos
272 867 358 928 locus
382 874 464 929 esset
487 867 708 953 accipiendi'et
729 867 895 947 reponendi
905 867 1021 945 ‚placita
1042 866 1080 933 de
1099 867 1229 947 spenda;
1253 886 1309 929 nos
1380 893 1383 897 ·

134 975 236 1033 tamen
257 970 376 1048 ingredi
398 989 457 1031 non
480 977 673 1049 poteramus,
695 990 753 1032 nec
774 974 841 1050 ipse
864 971 1039 1045 celerarius
1063 969 1100 1031 ad
1122 989 1178 1030 nos
1192 977 1312 1050 poterat

133 1074 253 1146 venire,
276 1075 334 1136 nisi
348 1080 453 1136 totum
466 1079 612 1136 *asserem
634 1075 835 1154 deposuisset.
882 1075 981 1152 Super
1004 1076 1105 1135 omnia
1128 1075 1214 1135 uobis
1237 1093 1309 1135 con·

134 1178 310 1239 colatorium
334 1185 413 1250 erat,
437 1178 519 1257 quod
542 1182 624 1249 omni
648 1181 722 1241 bora
744 1182 918 1260 poteramus
940 1177 1050 1238 habere
1074 1178 1192 1249 lumen,
1219 1179 1311 1238 etiam

112 1313 113 1317 =
133 1280 242 1342 mediis
257 1283 413 1354 noctibus,
438 1282 475 1344 ad
490 1282 651 1345 dicendum
667 1284 801 1344 cilicium
816 1289 970 1354 nostrum,
987 1283 1056 1361 quia
1071 1283 1100 1341 in
1116 1283 1182 1361 ipsa
1197 1280 1311 1360 spenda

133 1402 255 1464 semper
268 1384 383 1466 lampas
400 1386 532 1448 ardebat.
563 1386 673 1448 Omnia
688 1389 789 1459 etiam,
813 1394 846 1447 ut
861 1386 1004 1465 praediri,
1030 1402 1107 1464 quae
1123 1403 1178 1464 per
1194 1386 1311 1463 galeam

134 1490 338 1567 contigerunt,
360 1491 391 1551 in
413 1493 507 1569 puppi
530 1498 562 1552 et
582 1493 613 1551 in
637 1509 747 1572 prora,
776 1492 819 1553 ibi
842 1490 1028 1560 audivimus,
1060 1495 1092 1549 et
1114 1489 1234 1566 quando
1258 1489 1311 1550 dc·

134 1593 207 1653 mini
234 1594 266 1654 in
297 1596 390 1674 puppi
420 1600 522 1656 essent
551 1597 710 1657 unanimes
738 1601 770 1655 et
798 1593 959 1678 officiales,
991 1593 1097 1670 quales
1127 1599 1244 1663 essent,
1281 1598 1312 1652 et

134 1696 256 1775 quando
278 1699 359 1759 venti
382 1692 489 1759 essent
512 1697 584 1759 boni
613 1699 661 1760 vel
690 1697 828 1775 inutiles,
863 1703 894 1757 et
923 1698 1072 1767 breviter,
1105 1697 1205 1757 omnia
1234 1711 1311 1756 nova

134 1802 265 1880 primum
287 1800 325 1863 ad
348 1819 404 1862 nos
427 1790 648 1874 deferebantur,
671 1820 741 1862 narn
757 1801 931 1862 cellerarius
947 1802 1089 1861 continue
1113 1801 1149 1860 ab
1173 1801 1312 1860 omnibus

134 1905 307 1983 quaerebat,
331 1912 361 1965 et
383 1905 435 1966 ille
458 1905 526 1976 boc,
548 1905 623 1966 alius
646 1904 721 1966 illud
743 1905 929 1984 postulabat,
951 1911 982 1966 ct
1004 1921 1082 1966 nova
1105 1905 1311 1981 contingentia

136 2009 165 2069 ei
188 2010 367 2081 recitabant,
393 2027 470 2088 quae
494 2028 616 2088 semper
630 2009 814 2080 audivimus,
837 2025 908 2069 nam
924 2009 1065 2068 transitus
1081 2007 1132 2070 vel
1147 2007 1313 2069 descensus

134 2110 190 2173 tuit
212 2130 229 2181 a
253 2115 381 2191 coquina
404 2115 443 2173 in,
458 2113 620 2192 spondam,
644 2120 682 2174 et
705 2121 866 2190 antequam
889 2128 1067 2175 vocaremur
1098 2111 1137 2180 ad
1165 2130 1312 2184 mensam,

135 2215 295 2286 scivimus,
325 2215 399 2293 quid
421 2218 619 2277 commesturi
642 2223 844 2288 eramus,.et
867 2214 1086 2293 quandosocii
1109 2215 1205 2275 nostri
1228 2233 1310 2276 com-

134 2316 259 2377 medere
282 2316 421 2378 volebant
443 2319 602 2390 scivimus,
625 2321 761 2396 quamvis
783 2319 874 2395 longe
896 2319 932 2379 ab
955 2319 1000 2377 eis
1017 2335 1164 2378 essemus.
1196 2319 1310 2379 Reces-
1386 2368 1389 2372 ,

135 2437 203 2480 sum
226 2420 318 2480 etiam
341 2421 444 2498 galeae
466 2420 515 2481 vel
545 2406 743 2481 tardationam
771 2419 837 2496 ejus
865 2423 897 2480 in
923 2420 991 2481 loco
1021 2423 1135 2499 optime
1165 2422 1312 2493 novimus,

135 2529 167 2584 et
188 2524 290 2584 omnia
313 2521 492 2584 occulta-ad
514 2541 570 2584 nos
583 2522 814 2603 deferebantur,
838 2528 868 2583 et
891 2525 916 2583 si
939 2543 1001 2585 non
1023 2526 1110 2585 nobis
1126 2524 1310 2596 dicebantur,

135 2633 238 2689 tamen
260 2626 416 2689 cellerario
440 2626 642 2689 recitabantur
663 2628 693 2687 in
718 2626 869 2688 audientia
891 2635 1004 2688 nostra.
1035 2627 1111 2687 Cum
1135 2645 1207 2705 ergo
1229 2633 1310 2687 stan-

134 2733 208 2795 tiam
229 2738 364 2794 nostram
386 2712 666 2813 praeparassemus,
681 2800 685 2807 ,
701 2730 804 2798 aderat
834 2731 908 2793 bora
937 2730 1067 2811 prandii,
1103 2738 1134 2792 et
1162 2728 1310 2792 tubicines

135 2835 311 2914 clangebant
333 2835 412 2897 tubis
435 2835 473 2896 ad
495 2852 633 2896 mensam
656 2835 864 2908 dominorum,
891 2834 985 2913 jussit
1007 2841 1107 2897 autem
1137 2827 1310 2896 cellerarius

134 2957 190 3001 uos
213 2938 400 3002 adscendere
413 2933 454 3001 ‘in
477 2941 603 3020 puppim
622 2939 667 3000 ad.
686 2957 823 3028 mensam
839 2939 951 3000 domini
967 2940 1093 3018 patroni,
1109 2940 1248 3021 'cumque
1269 2938 1311 2999 ibi

134 3046 339 3116 venissemus,
369 3043 499 3106 vidimus
522 3045 646 3122 quidem
670 3062 791 3104 mensas
821 3050 958 3121 paratas,
993 3042 1048 3104 sed
1075 3042 1192 3131 nullum
1219 3042 1312 3102 aliurn

133 3148 327 3233 peregrinum
348 3148 397 3210 vel
420 3148 576 3210 hominem
590 3148 719 3210 :humilis
742 3153 838 3212 status
861 3147 902 3206 ibi
916 3148 1096 3224 reperimus,
1120 3133 1235 3208 et'ideo
1249 3154 1324 3206 non‘

134 3248 246 3311 luimus
270 3252 335 3311 ausi
357 3269 412 3313 nos
443 3270 557 3330 ponere
588 3254 668 3313 iuter
697 3251 835 3312 dominos
851 3250 934 3311 >illos
965 3268 1109 3328 magnos,
1139 3251 1311 3329 rogavimus

135 3353 356 3432 ergo-scalium,
373 3355 425 3433 qui
440 3357 553 3416 mensis
569 3362 717 3435 praeerat,
734 3353 890 3419 'cellerario
905 3359 936 3414 et
953 3334 1044 3426 cocis,
1066 3361 1101 3416 ut
1117 3356 1233 3414 sineret
1253 3372 1309 3415 nos

134 3454 316 3539 manducare
340 3457 371 3516 in
395 3459 495 3518 carina
507 3457 592 3535 juxta
607 3440 741 3535 medium
757 3457 944 3526 descensum
952 3475 1046 3536 supra
1058 3457 1184 3526 latrinae
1199 3459 1311 3525 ostium

134 3576 204 3621 curn
226 3559 397 3639 guardianis
419 3560 468 3623 vel
492 3561 667 3638 custodibus
683 3558 801 3639 galeae,
826 3578 901 3637 quos
917 3561 1054 3638 procibo
1071 3567 1102 3622 et
1116 3542 1191 3640 potu
1206 3567 1310 3622 nostro

133 3652 254 3725 mittere
277 3665 341 3726 suis
352 3664 445 3725 'horis
459 3664 618 3739 vellemus,
642 3671 673 3725 et
683 3662 841 3726 ¹concessit
856 3665 943 3727 nobis
959 3664 997 3725 de
1013 3683 1166 3727 consensu
1181 3666 1309 3744 patroni.

133 3766 185 3828 Sic
208 3785 280 3846 ergo
304 3769 421 3829 cunctis
443 3766 481 3829 de
508 3769 608 3852 carina
630 3786 751 3830 sursum
780 3767 817 3851 ad
838 3770 966 3848 puppim
983 3766 1225 3856 ⁴ascendentibus
1253 3756 1310 3846 pro

134 3871 200 3932 cibo
214 3860 370 3933 'sumendo
394 3889 450 3932 nos
473 3889 594 3956 semper
616 3874 780 3935 mansimus
796 3858 947 3946 inferius,
976 3880 1008 3935 et
1032 3874 1206 3952 portabatur
1223 3872 1310 3933 nobis

134 3973 218 4036 cibus
241 3981 273 4036 et
295 3982 385 4054 potus
409 3973 600 4037 dominorum
623 3974 661 4036 ad
682 3976 807 4054 prandia
825 3975 871 4038 'et
893 3976 931 4038 ad
954 3994 1074 4039 coenas.
1119 3977 1313 4055 Diemxergo,

131 4077 290 4164 illamsio
303 4079 482 4144 deduximus
499 4081 541 4151 in,
560 4068 751 4160 adaptatione¹
771 4078 841 4140 loci.
854 4084 885 4141 et
908 4079 946 4142 ad
971 4082 1064 4156 vitam
1086 4082 1310 4150 marinamnos

133 4170 365 4262 dbaotulmusr
377 4204 441 4253 nou
461 4186 551 4249 enirn»
565 4184 685 4266 aequali
705 4189 788 4247 sorte
802 4183 930 4250 ducitur
941 4185 1013 4259 ,viu
1033 4183 1165 4251 humana
1185 4186 1218 4247 in
1231 4185 1310 4247 mari

132 4316 144 4332 ‘
967 4295 972 4303 '
1080 4301 1114 4354 tt
