2874 4770
771 184 816 253 80

297 361 341 420 Ite
365 362 420 421 har
442 358 545 421 Theba
567 361 701 421 miranda
722 360 872 438 leguntur.
903 360 980 420 Nam
1004 368 1126 421 centum
1149 370 1254 439 portas
1278 362 1385 422 habuit.

211 476 239 525 et
265 466 393 525 ambitus
416 482 570 524 murorum
601 472 663 524 erat
695 472 817 525 centum
850 462 903 523 XL
935 464 1123 525 stadiorum.
1154 469 1274 543 magnis
1305 466 1385 525 aedi·

210 572 285 631 liciis
308 578 337 627 et
371 570 512 646 pretiosis
543 567 676 627 Ileorum
711 568 833 645 templis
855 566 999 645 praedita.
1045 567 1130 628 Hane
1154 567 1269 628 Plinius
1293 578 1385 630 totam

209 672 361 751 pensilem
385 671 478 731 luisse
502 672 617 731 scribit.
641 687 718 747 quae
741 689 802 731 non
825 671 923 731 solum
936 670 1083 748 Aegypti.
1107 671 1162 730 sed
1187 673 1269 732 orbis
1294 678 1382 733 etiam

209 780 303 836 totius
327 775 502 834 felicissima
526 776 678 833 civitatum
695 773 759 833 luit.
803 772 887 833 Haec
908 777 1000 833 etiarn
1013 772 1096 833 lovis
1123 773 1295 843 dicebatur,
1319 781 1384 854 quia

212 888 316 937 aaurtra
343 878 409 953 ejus
436 877 643 937 intestationes
671 876 712 937 dii
739 880 769 937 iu
797 894 865 938 eam
887 875 1084 953 refugiebant.
1131 878 1262 939 Videtur
1285 884 1385 943 etiam.

211 983 289 1041 haur
314 1000 383 1041 esse
404 979 587 1057 Memphim.
615 980 652 1039 de
677 998 736 1057 qua
758 998 852 1058 saepe
873 982 988 1040 mentio
1010 980 1059 1049 fit,
1084 999 1173 1058 quam
1195 982 1288 1060 Apis,
1309 984 1384 1043 tilius

211 1083 309 1145 lovis.
335 1084 484 1145 condidit.
515 1100 592 1159 quae
613 1091 700 1161 caput
727 1084 856 1161 Aegypti
883 1091 913 1143 et
937 1083 1029 1142 sedes
1054 1087 1139 1160 regni
1163 1084 1235 1149 luit,
1261 1094 1294 1144 ut
1319 1086 1383 1145 Joh.

210 1188 320 1248 Aud⁰²¹'
343 1192 371 1247 iu
394 1187 595 1265 praeallegato
620 1187 689 1246 loeo
716 1187 821 1249 habet.
846 1194 878 1246 et
897 1186 1005 1246 eadem
1031 1205 1101 1246 cum
1116 1187 1221 1248 Theba
1243 1193 1385 1249 asseritur

211 1294 241 1351 iu
274 1294 402 1369 registro
435 1306 527 1366 sirper
565 1287 782 1348 Ptolemaeum.
826 1287 916 1348 Multi
951 1291 1043 1348 etiam
1074 1292 1243 1351 scribentes
1275 1292 1384 1353 dicunt.

211 1395 288 1455 liaris·
314 1396 407 1453 luisse
431 1392 560 1454 Thapis.
587 1393 635 1451 vel
651 1390 796 1451 Thamnts
821 1392 869 1451 vel
895 1389 1016 1455 Talnis.
1042 1396 1147 1454 civitas
1173 1413 1191 1454 a
1218 1397 1385 1473 gigantibus

212 1507 402 1559 ‹tonstrueta
431 1500 480 1574 qui
506 1499 542 1556 ab
557 1495 680 1556 Hebron
696 1495 917 1555 descenderunt
941 1499 971 1556 in
985 1496 1174 1575 Aegyptum.
1203 1507 1237 1558 ut
1263 1500 1385 1559 habetur·

211 1602 300 1664 Num.
321 1599 369 1665 13.
387 1610 414 1659 et
431 1619 521 1678 supra
537 1600 588 1659 iol.
605 1597 685 1662 913..
701 1598 739 1657 de
755 1617 811 1676 qua
827 1598 937 1659 Psalru.
953 1600 1025 1659 lacit
1039 1602 1238 1665 mentionem.
1258 1601 1384 1679 loquens

211 1707 250 1767 de
276 1725 382 1784 eampo
405 1704 545 1765 Tlruneoo¹
571 1703 619 1762 Ps.
642 1700 693 1765 77.
738 1702 774 1761 Et
796 1705 826 1761 in
848 1704 903 1762 hae
929 1700 1053 1781 Moyses
1077 1712 1185 1763 cuneta
1207 1708 1295 1783 sigua
1318 1706 1384 1764 lecit

212 1828 313 1870 trorum
335 1809 504 1869 Pharaone.
529 1817 557 1867 et
582 1808 635 1866 tuit
661 1815 748 1884 eaput
770 1807 912 1883 Aegypti,
938 1824 995 1865 uec
1023 1807 1080 1867 alia
1103 1824 1171 1866 esse
1195 1808 1331 1868 creditur
1352 1810 1385 1869 ab

211 1911 277 1973 illa.
308 1912 345 1970 de
373 1930 430 1990 qua
455 1912 621 1988 loquimur.
657 1928 734 1987 quae
758 1926 880 1987 semper
904 1909 1036 1987 Aegypti
1061 1917 1149 1989 capul
1175 1911 1241 1970 fuit.
1288 1912 1386 1988 Aliqui

210 2033 284 2077 tero
311 2015 428 2077 dieunt.
454 2034 521 2074 ream
546 2017 694 2075 nominari
718 2011 864 2091 Magnum
890 2012 992 2081 Delta,
1016 2020 1141 2091 propter
1162 2012 1230 2089 ejus
1252 2015 1386 2091 figuram.

212 2136 289 2197 quae
317 2119 422 2178 lteltae
449 2118 676 2177 similitudinem
702 2117 800 2176 habet.
855 2115 984 2188 Quidam
1009 2125 1112 2176 autem
1137 2119 1296 2177 nominant
1322 2135 1386 2176 eam

210 2220 345 2283 Massam
363 2221 459 2299 (108
475 2220 529 2285 al.
576 2220 682 2280 Putant
698 2222 788 2280 etiarn
811 2219 947 2297 quidam,
969 2220 1047 2279 banc
1070 2238 1139 2279 esse
1163 2221 1276 2294 Samii,
1302 2230 1386 2281 retu·

211 2330 373 2387 ratissimam
401 2325 530 2402 Aegypti
558 2326 724 2382 civitatem.
757 2340 908 2401 quamque
934 2322 1044 2393 Solon,
1080 2326 1159 2383 inter
1192 2332 1313 2402 septem
1340 2341 1385 2382 sa

209 2434 329 2511 pientes
346 2432 487 2506 insignis.
516 2427 587 2486 dicit
601 2428 722 2486 stetisse
737 2434 806 2486 octo
830 2428 959 2487 millibus
975 2445 1138 2495 annorum,
1164 2435 1195 2487 et
1208 2430 1387 2506 sapientiam

211 2536 290 2613 apud
311 2535 476 2610 Aegyptios
499 2533 631 2607 riguisse
654 2528 707 2588 XL
729 2531 862 2591 millibus
885 2549 1048 2603 annorum,
1082 2538 1114 2590 ut
1139 2530 1231 2591 refert
1249 2522 1387 2589 'Thomas

212 2638 356 2715 Anglieus
380 2637 408 2695 li.
456 2634 526 2711 Cap.
552 2631 602 2696 30.
626 2635 656 2693 li.
679 2652 708 2711 p.
732 2633 769 2693 de
793 2634 919 2694 Ciuitate
944 2634 1010 2694 Dei.

302 2740 343 2800 Ea
362 2740 408 2798 liis
424 2736 562 2797 omnibus
580 2736 744 2813 colligitur.
760 2738 836 2796 haec
851 2740 972 2797 uomina
988 2735 1301 2815 significare-eandem
1319 2739 1388 2797 eivi-

213 2854 324 2909 tatom,
361 2844 493 2901 scilieet:
529 2841 681 2918 Chayrus,
712 2840 877 2917 Chayrum,
909 2841 1038 2919 Chayra,
1070 2840 1209 2918 Chayris,
1239 2840 1388 2917 Chayron,

215 2948 322 3023 Alhyr.
338 2946 452 3009 Alliari.
467 2946 599 3009 Allaria,
614 2943 751 3012 Rabulis,
767 2942 945 3023 Babylonia,
962 2944 1252 3023 Chayrobabylonia‚
1268 2941 1389 3011 lnfimis,

215 3048 365 3113 (ladrum.
386 3047 522 3108 llarium.
548 3048 669 3109 Carras.
696 3046 802 3117 Tarra,
830 3047 958 3117 Busiris,
974 3047 1135 3125 Eliopolis,
1151 3045 1273 3115 Theba,
1295 3044 1389 3106 lovis.

214 3150 383 3229 Memphis,
408 3150 513 3226 l'roja.
539 3149 694 3215 Thaneos,
716 3152 765 3211 vel
791 3149 933 3210 Thamnis
956 3160 1004 3210 aut
1030 3150 1157 3221 Thauis,
1183 3148 1336 3227 Taphnis,
1360 3156 1390 3207 et

216 3254 324 3321 Samii,
349 3262 377 3313 et
401 3254 489 3315 Delta
508 3253 631 3332 Magna.
658 3262 689 3313 et
714 3251 858 3313 Massara.
904 3255 937 3313 Si
963 3257 1011 3314 cui
1038 3261 1139 3313 autem
1160 3252 1246 3312 aliter
1269 3252 1391 3312 videtur

215 3376 302 3422 esse,
327 3358 397 3417 uolo
423 3357 460 3417 de
484 3357 530 3415 his
547 3356 749 3424 contendere,
772 3376 830 3416 nee
845 3365 935 3417 nocet
951 3356 1062 3433 aliquid
1076 3374 1126 3415 me
1140 3358 1171 3415 iu
1183 3356 1247 3415 'hoe
1262 3373 1390 3417 errasse.

215 3460 274 3522 leci
299 3468 401 3521 tamen
426 3460 612 3537 diligentiam
636 3460 809 3537 quaerendo
837 3464 866 3520 in
892 3462 1018 3521 diversis
1040 3460 1138 3527 libris,
1166 3464 1197 3518 et
1217 3477 1279 3518 non
1303 3459 1390 3518 aliter

214 3566 334 3624 invenio
348 3566 377 3623 in
392 3563 625 3634 vetustioribus,
652 3565 786 3641 quamvis
807 3565 903 3641 aliqua
929 3563 1124 3641 peregrinalia
1149 3561 1240 3621 alium
1264 3578 1390 3620 sensum

214 3667 353 3730 habeant.

302 3771 445 3843 Quamvis
476 3776 578 3830 autem
610 3772 685 3831 haec
717 3772 819 3830 civitas
851 3774 1013 3848 antiquitus
1046 3771 1142 3830 multo
1169 3767 1265 3845 map'or
1290 3770 1391 3840 fuerit,

215 3893 305 3956 qnam
322 3876 413 3937 modo
430 3879 482 3946 sit,
509 3882 541 3935 ut
564 3878 667 3935 ruinae
695 3874 875 3945 ostendunt,
907 3875 997 3935 hodie
1019 3882 1121 3934 tamen
1142 3872 1198 3931 sub
1220 3872 1307 3932 coelo
1330 3891 1393 3932 nou

215 3982 344 4062 amplior
368 3990 400 4042 et
425 3979 523 4056 major
546 3981 713 4048 invenitur,
739 3994 797 4036 nee
822 3978 920 4055 aliqua
946 3980 973 4036 ei
999 3983 1143 4053 aequatur
1175 3975 1393 4053 magnitudine,

214 4086 430 4166 populositate,
460 4084 594 4161 potentia
622 4089 652 4140 et
677 4078 804 4150 divitiis,
834 4080 958 4141 aedibus
982 4088 1013 4140 et
1034 4080 1166 4157 templis.
1210 4077 1245 4138 lu
1268 4079 1395 4140 historia

214 4192 307 4253 trium
321 4207 442 4270 regum,
458 4203 536 4266 quae
551 4184 696 4246 Coloniae
717 4182 861 4253 habetur,
887 4182 1011 4253 dieitur,
1035 4182 1117 4260 quod
1133 4182 1264 4262 Cayrum
1278 4184 1395 4262 septies
