2902 4710
737 118 781 190 69

167 309 257 355 casus
280 310 298 354 a
321 309 416 373 reguo
439 293 610 374 dereliquit.
656 295 752 357 Casus
776 297 868 359 etiam
889 315 1017 377 maguus
1041 304 1073 359 et
1104 299 1257 362 inauditus
1280 299 1345 371 luit,

130 450 136 458 .
168 393 289 476 quando
312 395 387 458 labri
410 401 544 460 oratione
568 402 700 461 anterior
723 403 834 461 montis
858 420 927 480 pars
951 403 987 462 ab
1011 421 1049 463 eo
1072 403 1199 475 cecidit,
1220 411 1346 484 propter

167 498 250 580 quod
278 500 366 562 multi
394 502 552 564 acuitura
583 503 734 564 idolorum
765 504 949 565 oeciderunt.
995 506 1033 565 Et
1065 513 1181 568 tantum
1209 504 1247 568 de
1281 507 1344 569 illo.

167 601 261 666 Nobis
284 604 322 664 in'
337 611 442 666 monte
466 604 554 666 Casio
578 608 724 668 stantibus
748 610 876 668 surrexit
897 610 1005 686 ingens
1028 615 1138 670 ventus
1178 628 1213 670 ae
1245 615 1344 671 terrae

168 707 324 788 pulverem
358 726 555 770 commovens
590 711 621 769 in
655 710 747 770 altum
778 710 884 771 extulit
917 711 1081 789 aeremque
1122 710 1346 790 quodammodo

107 796 112 807 ’
168 802 267 873 atmm
299 809 431 872 reddidit
473 819 504 872 et
526 816 624 892 ipsam
648 814 753 874 urbem
776 815 819 873 ita
848 815 996 884 contexit,
1028 812 1109 891 quod
1141 832 1209 875 eam
1239 815 1344 877 videre

167 933 230 977 non
251 921 436 993 poteramus,
460 934 495 977 ac
518 918 544 976 si
567 915 676 976 nebula
698 917 861 977 tenebrosa
882 917 991 977 luisset
1019 922 1135 995 operta.
1181 916 1246 977 Hae
1278 924 1344 979 orta

168 1024 352 1097 tempestate
383 1019 597 1081 descendimus
632 1036 686 1096 per
719 1037 867 1100 praeceps
890 1021 926 1080 ab
950 1021 1006 1081 alia
1028 1021 1140 1081 montis
1171 1025 1256 1098 parte
1287 1036 1344 1098 per

169 1123 338 1203 pessimum
370 1123 496 1194 olivum,
528 1123 558 1182 iu
590 1139 649 1199 quo
682 1124 827 1184 tremulas
857 1123 969 1184 bestias
1004 1122 1042 1184 ad
1065 1141 1172 1197 manus
1195 1127 1265 1200 post
1289 1140 1346 1182 nos

169 1223 309 1295 duximus
332 1225 485 1286 deorsum.
533 1225 608 1285 Cum
637 1233 739 1287 autem
769 1227 806 1288 ad
837 1227 959 1307 planum
981 1228 1191 1297 venissemus,
1222 1231 1347 1287 ventum

170 1329 334 1408 eregione
357 1329 470 1389 deserti
494 1335 597 1389 contra
620 1348 676 1390 nos
699 1329 875 1402 habuimus,
911 1333 962 1409 qui
994 1333 1112 1392 cineres
1143 1336 1173 1389 et
1204 1329 1345 1409 pulveres

171 1431 332 1494 deducens·
348 1431 444 1492 iacies
467 1439 595 1503 nostras,
620 1433 725 1493 oculos
749 1440 780 1494 et
801 1442 904 1495 vestes
927 1437 1081 1512 respersit,
1106 1440 1136 1495 et
1166 1434 1240 1493 satis
1265 1433 1345 1493 hene

170 1535 302 1599 tribulati
326 1554 440 1596 sumus.
486 1535 603 1596 Deinde
627 1537 657 1597 iu
680 1543 798 1613 partem
822 1538 950 1598 civitatis
975 1537 1069 1608 Cairi,
1095 1537 1207 1597 dietam
1230 1533 1343 1605 Turhii‚

170 1639 318 1710 venimus,
341 1640 373 1697 iu
396 1656 453 1717 qua
476 1637 676 1699 Soldanorum
700 1646 731 1699 et
754 1642 915 1719 primatum
938 1639 1112 1718 sepulturae
1135 1646 1213 1710 suut,
1236 1639 1347 1717 ubique

160 1743 285 1803 ¹multae
307 1759 432 1820 magnae
456 1748 487 1801 et
509 1743 660 1819 pretiosae
684 1743 845 1804 moscheae
862 1752 931 1805 sunt
948 1742 1033 1821 juxta
1050 1741 1219 1823 sepulchra.
1261 1742 1347 1803 Siout

172 1845 300 1905 enimin
315 1844 540 1905 christianitate
555 1845 596 1915 iit,
622 1845 703 1923 quod
719 1845 828 1908 divites
844 1853 875 1908 et
890 1849 990 1926 magni
1006 1864 1098 1925 supra
1114 1865 1169 1907 sua
1185 1846 1347 1924 sepulchra

112 1969 116 1976 ¹
172 1944 329 2009 aedificant
345 1948 500 2019 eeclesias,
524 1948 664 2009 ordinant
679 1949 862 2023 sacerdotes,
880 1958 910 2011 et
929 1950 1052 2023 dotant;
1078 1953 1122 2011 sic
1137 1957 1169 2010 et
1183 1952 1263 2010 inter
1277 1950 1347 2009 Sar·

171 2069 308 2113 raeenos.
353 2050 496 2113 Potentes
521 2054 602 2113 enim
625 2060 693 2112 ante
716 2060 845 2113 mortem
868 2053 1030 2131 sepulchra
1063 2061 1094 2115 et
1128 2052 1287 2113 rnosebeas
1317 2060 1348 2113 et

171 2162 334 2237 perpetuas
364 2158 525 2216 memorias
558 2157 614 2217 sibi
647 2159 843 2218 constituunt.
898 2157 1017 2219 interea
1049 2160 1079 2218 in
1109 2174 1200 2217 unam
1230 2157 1346 2216 curiam

174 2256 317 2343 grandem
339 2256 422 2319 ducti
444 2258 576 2331 luimus,
610 2262 641 2320 in
665 2278 723 2338 qua
745 2261 843 2321 stabat
865 2278 972 2339 magna
995 2268 1025 2320 et
1048 2262 1181 2340 pretiosa
1203 2258 1347 2319 moschea

144 2400 147 2404 -
173 2378 244 2423 cum
265 2361 325 2423 alta
346 2363 430 2432 turri,
453 2368 484 2421 et
502 2361 586 2438 juxta
609 2379 677 2423 eam
700 2362 829 2441 oblonga
853 2364 961 2425 domus
985 2382 1053 2423 num
1077 2362 1227 2424 distinctis
1251 2360 1346 2422 cellu-

173 2464 220 2538 lis,
244 2483 286 2540 ae,
303 2467 328 2526 si
352 2473 434 2527 esset
457 2468 676 2527 monasterium
700 2467 922 2543 religiosorum,
946 2467 975 2525 in
1003 2483 1061 2544 qua
1084 2465 1218 2526 habitant
1242 2482 1348 2526 eorum

173 2569 364 2642 sacerdotes,
396 2573 447 2649 qui
469 2571 517 2631 die
549 2577 702 2649 noctuque
727 2571 858 2648 psallunt
881 2576 1046 2631 etcanuut
1068 2572 1099 2629 in
1134 2569 1277 2629 mosehea
1316 2575 1348 2629 et

174 2675 207 2737 iit
227 2673 357 2736 turribus
380 2674 511 2746 ululant;
536 2677 700 2754 praecipue
724 2682 824 2736 tamen
853 2675 969 2751 magnis
993 2673 1173 2734 clamoribus
1195 2671 1349 2734 ululabant

129 2816 132 2820 -
174 2778 260 2838 nohis
283 2778 479 2848 instantibus,
503 2779 660 2840 laudantes
684 2778 908 2840 Machometum
944 2783 975 2835 et
1009 2775 1086 2836 lorte
1110 2776 1196 2836 nobis
1220 2773 1345 2837 maledi·

175 2889 291 2943 centes.
320 2882 458 2944 Vidimus
475 2889 577 2944 autem
600 2903 655 2963 per
671 2888 783 2946 ostium
807 2881 968 2942 moscheae
985 2880 1093 2941 multas
1110 2879 1251 2940 ardentes
1274 2880 1348 2940 lam·

174 2984 267 3064 pades
284 2984 426 3063 pendere,
451 2993 481 3046 et
504 2986 662 3066 pulchrum
684 2987 771 3049 valde
793 2984 996 3047 habitaculum
1019 2994 1102 3042 more
1125 3001 1238 3043 eorurn.
1262 2981 1347 3042 Hanc

174 3087 349 3150 moscheaur
371 3088 507 3151 fundavit
530 3090 693 3152 modernus
717 3078 867 3151 Soldanus
891 3105 962 3147 cum
984 3087 1139 3165 perpetuis
1162 3083 1350 3163 lampadibus

176 3199 208 3253 et
230 3209 352 3270 semper
374 3194 566 3254 manentibus
589 3194 798 3255 sacerdotibus
820 3191 982 3253 in-oiiioio.
1029 3189 1120 3250 Venit
1151 3195 1252 3248 autem
1284 3189 1350 3265 qui·

176 3294 245 3358 dam
267 3294 454 3376 grandaevus
479 3304 509 3358 et
532 3317 640 3359 saevus
665 3299 821 3358 muscheta
844 3301 875 3357 et
898 3293 1064 3371 increpavit
1080 3289 1268 3351 Mamaluoos
1291 3307 1347 3368 pro

177 3417 224 3472 eo,
248 3399 330 3479 quod
345 3418 401 3461 nos
422 3401 668 3473 introduxissent,
692 3401 746 3462 sed
771 3399 933 3463 Mamaluci
956 3397 1161 3477 promiserunt
1184 3395 1212 3453 ei
1236 3393 1351 3471 aliquus

176 3504 323 3576 madinos,
346 3507 437 3565 etita
461 3511 621 3566 contentus
645 3506 758 3571 stetit„
783 3503 879 3563 Nemo
914 3501 1026 3580 quippe
1057 3497 1159 3557 locum
1189 3496 1275 3558 illum
1304 3497 1350 3556 in·

176 3602 384 3686 gredi'audet‚
408 3610 459 3686 qui
481 3602 666 3669 Machometi
690 3608 780 3666 ritum
803 3624 863 3665 non
887 3603 987 3664 habet.
1026 3600 1097 3661 Viso
1113 3601 1165 3661 illo
1188 3602 1255 3662 loco
1279 3618 1349 3679 per·

176 3712 368 3782 transivimus
392 3712 502 3773 multas
525 3712 675 3790 pretiosas
698 3710 858 3770 moscheas
883 3725 953 3767 cum
976 3704 1045 3766 altis
1075 3706 1207 3766 turribus
1239 3711 1270 3765 et
1301 3722 1349 3765 se·

176 3814 320 3893 pulturis3
338 3804 436 3876 'loeus
468 3817 550 3875 enim
578 3815 629 3875 ille
658 3821 740 3875 totus
773 3813 908 3892 repletus
940 3817 987 3870 est
1009 3809 1194 3888 sepulchris,
1225 3815 1352 3888 propter

178 3902 260 3999 quod
274 3919 352 3981 torte
368 3918 483 3980 Turbin
506 3916 656 3985 dieitura
678 3917 857 3987 turbatione,
881 3932 959 3993 quae
982 3913 1061 3974 solet
1083 3915 1113 3973 in
1137 3912 1350 3974 detunctorum

95 4082 97 4086 ,
178 4025 261 4088 cultu
283 4022 412 4096 ostendi,
436 4030 467 4084 et
488 4024 546 4083 nisi
568 4022 778 4099 habuissemus
806 4021 964 4081 nobiscum
987 4023 1127 4097 potentes
1151 4013 1348 4086 Mamalueos,

177 4129 256 4191 male
279 4128 320 4190 ibi
342 4129 399 4190 visi
421 4127 594 4188 fuissemus.
