2874 4770
666 269 673 278 '
697 255 742 324 65

131 425 214 485 celso
237 423 410 502 prominet,
443 424 574 501 ingentis
597 428 660 487 saxi
683 430 778 490 moles
807 436 930 508 erupta,
964 448 1041 509 quae
1073 452 1130 512 per
1161 436 1309 499 devexum

130 527 210 587 latus
227 527 338 586 montis
361 527 484 586 veniens
517 528 612 591 totius
635 530 752 591 ruinam
773 535 948 594 monasterii
971 541 1002 596 et
1024 541 1161 599 omnium
1182 543 1308 603 [ratmm

127 631 287 711 interitum
309 629 492 701 minabatur,
524 649 614 708 quam
644 649 713 692 curn
742 633 917 694 venientem
950 636 1082 718 desuper
1115 645 1159 703 vir
1182 652 1307 707 sanctus

89 798 94 804 ,
131 731 266 802 vidisset,
290 731 425 793 dextram
448 750 517 792 mox
540 751 557 793 e
581 741 685 795 contra
708 734 843 796 extendit
874 743 905 798 et
935 756 1004 800 cum
1037 743 1228 807 invocatione
1251 766 1306 807 no-

131 836 221 894 minis
243 834 356 894 Christi
380 837 477 895 crucis
509 837 629 915 signum
663 841 820 916 opposuit,
854 847 885 900 et
916 845 1016 902 statim
1044 845 1075 904 in
1104 849 1172 925 ipso
1201 848 1308 911 devexi

130 939 243 999 montis
279 938 374 999 latere
405 939 460 1000 lixa
494 942 578 1001 stetit
600 943 632 1000 in
654 944 832 1020 praecipitio
857 947 1031 1006 constituta.
1056 949 1194 1011 'Recital
1216 954 1308 1013 etiam

130 1040 309 1102 Vincentius
333 1043 362 1101 in
393 1041 483 1120 Spec.
507 1042 659 1104 historiali
675 1042 708 1104 t.
734 1042 764 1106 7.
788 1064 815 1105 c.
839 1043 902 1117 23,
926 1048 1008 1124 quod
1028 1049 1199 1114 Alexander
1220 1054 1306 1134 blag-

80 1237 81 1241 ,
131 1162 198 1215 nus,
223 1142 354 1205 eumad
376 1151 496 1205 montes
520 1145 646 1224 Caspios
669 1150 814 1220 venisset,
836 1150 985 1211 miserunt
1007 1152 1045 1213 ad
1067 1171 1139 1214 eum
1161 1156 1214 1216 lilii
1236 1175 1307 1236 cap·

132 1250 257 1311 tivitatis
288 1247 396 1309 decern
426 1248 557 1308 tribuum
591 1251 780 1327 postulantes
810 1252 846 1311 ab
879 1269 916 1312 eo
940 1254 1117 1331 egrediendi
1140 1258 1304 1332 licentiam,

130 1351 284 1430 siquidem
307 1345 522 1422 Salmanassar‚
546 1369 598 1412 rex
620 1351 822 1433 Assyriorum,
846 1371 899 1414 eos
923 1355 961 1415 dc
985 1363 1065 1417 terra
1088 1358 1186 1420 lsrael
1208 1368 1305 1421 trans·

128 1456 231 1519 terens
262 1457 364 1535 posuit
400 1455 477 1517 ultra
510 1463 650 1517 montana
678 1455 842 1519 Medorum
865 1465 896 1518 et
919 1458 1045 1536 Caspios
1072 1459 1158 1537 juxta
1180 1461 1307 1525 fluvium

130 1560 252 1632 Gazam,
276 1566 308 1619 et
330 1577 366 1620 er
389 1558 489 1619 edicto
512 1558 615 1647 nullus
636 1559 740 1638 egredi
763 1578 854 1621 ausus
882 1559 946 1621 luit.
993 1561 1070 1623 Cum
1101 1573 1205 1627 autem
1234 1565 1306 1627 Ale·

127 1664 272 1726 xandrum
296 1666 489 1734 invocarent,
518 1665 670 1740 inquirere
695 1665 797 1742 coepit
826 1682 949 1725 causam
977 1668 1157 1744 captivitatis
1189 1687 1304 1742 eorum,

130 1776 255 1847 accepto
279 1775 400 1838 autem,
432 1764 513 1843 quod
545 1766 614 1827 ideo
645 1769 726 1846 capti
749 1774 867 1839 essent,
897 1766 978 1845 quod
1001 1767 1099 1830 Deum
1121 1768 1215 1832 lsrael
1236 1780 1307 1852 post

128 1872 356 1934 innumerabilia
378 1870 457 1930 bona
489 1871 533 1928 eis
564 1870 672 1931 cohata
703 1870 739 1931 ab
775 1888 812 1931 eo
848 1871 1106 1950 derelequisseut,
1140 1875 1307 1953 respoudit,

129 1975 211 2055 quod
233 1976 316 2054 digni
339 1980 425 2035 erant
447 1976 558 2035 arctius
588 1973 712 2034 includi.
758 1974 834 2034 Cum
865 1993 938 2052 ergo
968 1983 1094 2052 angusta
1115 1979 1231 2039 viarum
1253 1980 1306 2040 ob·

130 2087 262 2143 strueret
300 2081 428 2161 molibus
465 2079 651 2139 bituminatis
690 2084 721 2138 et
753 2078 870 2139 videret
903 2079 1038 2139 lahorem
1074 2079 1231 2141 hominum
1268 2081 1306 2143 ad

130 2184 189 2245 hoc
211 2203 271 2245 uon
294 2181 448 2252 sufficere,
479 2184 574 2242 oravit
600 2181 699 2241 Deum
721 2181 829 2253 lsrael,
860 2188 894 2242 ut
924 2200 1000 2260 opus
1029 2181 1104 2243 illud
1127 2184 1304 2264 compleret,

129 2293 159 2346 et
182 2291 378 2348 accesserunt
401 2284 438 2344 ad
461 2303 494 2344 sc
517 2286 647 2344 invicem
669 2291 831 2364 praerupta
864 2287 1027 2355 montium,
1059 2303 1182 2363 unoque
1218 2287 1304 2348 altis-

130 2392 206 2467 simo
227 2389 300 2468 jugo
320 2387 419 2464 juncti
443 2394 522 2458 suut,
545 2403 603 2446 nec
625 2385 695 2446 inde
720 2389 800 2447 exire
823 2394 965 2463 possunt,
988 2405 1147 2464 quousque
1161 2388 1226 2449 Deo
1239 2389 1299 2467 pla

131 2496 229 2554 cuerit
258 2499 289 2554 et
316 2494 365 2555 via
394 2493 439 2551 eis
470 2509 525 2568 per
557 2489 768 2569 deruptionem
802 2492 951 2551 montium
983 2490 1062 2550 lacta
1083 2491 1183 2553 tuerit.
1229 2493 1307 2555 Huic

129 2597 210 2658 lacto
234 2595 314 2657 addit
335 2594 504 2673 Iosephus:
528 2592 622 2665 Quid,
654 2595 767 2671 inquit,
798 2593 882 2668 Deus
904 2592 1040 2654 tacturus
1064 2601 1111 2654 est
1133 2613 1188 2673 pro
1212 2594 1306 2656 fideli-

130 2701 187 2761 bus
211 2702 284 2773 suis,
303 2701 334 2760 'si
355 2705 473 2759 tantum
507 2698 579 2758 lecit
611 2697 740 2759 inlideht
773 2696 835 2758 Sed
857 2704 889 2757 et
911 2714 989 2759 auno
1015 2692 1097 2761 1239
1119 2697 1240 2760 Domini
1263 2699 1308 2760 le·

130 2806 227 2882 gitur,
258 2793 403 2882 quodssin
424 2801 597 2881 Burgundia
625 2820 712 2862 mons
733 2820 860 2881 magnus
883 2801 973 2880 longe
997 2791 1097 2872 motus
1122 2819 1139 2862 a
1160 2820 1216 2864 suo
1239 2803 1307 2864 loco

130 2909 241 2970 vallem
263 2905 443 2992 populosam
466 2912 497 2966 et
519 2904 652 2975 fertilem
671 2908 821 2983 percurrit
849 2921 980 2983 eumque
1011 2903 1150 2965 inutilem
1173 2905 1304 2969 reddens

118 3005 163 3072 'in
192 3012 251 3072 abo
281 3011 349 3071 loeo
377 3009 452 3070 fixus
476 3011 586 3070 mansit
608 3025 706 3088 usque
729 3007 828 3069 hodie.
874 3009 964 3069 Forte
997 3015 1122 3085 propter
1156 3011 1306 3091 impoeni-

129 3117 256 3176 tentiam
277 3113 508 3194 inhabitantium
532 3112 648 3172 vallem.
703 3111 748 3172 De
771 3111 916 3173 miraculo
949 3111 1191 3174 translocationis
1220 3132 1306 3175 mon·

129 3220 207 3279 tium
230 3217 302 3279 dicit
324 3215 543 3294 Hieronymus:
574 3214 751 3287 Credimus,
784 3217 889 3294 inquit,
911 3212 1076 3294 Apostolos
1101 3215 1160 3275 hac
1183 3215 1306 3286 iecisse,

131 3318 269 3381 sednon
294 3321 439 3398 scripturn
463 3335 542 3390 esse,
566 3335 604 3378 ne
628 3317 797 3380 infidelibus
819 3317 919 3395 unjor
944 3317 1067 3380 daretur
1083 3319 1308 3382 contradicendi

131 3424 261 3493 occasio,
285 3421 405 3500 quando
429 3420 551 3499 quidem
573 3422 739 3482 minoribus
761 3423 872 3499 signis,
896 3438 973 3500 quae
996 3422 1108 3500 scripta
1129 3429 1213 3493 suut,
1247 3441 1307 3483 non

131 3526 273 3588 ereditur.
295 3577 297 3580 ,
319 3525 364 3585 De
383 3526 445 3587 hoo
469 3526 555 3603 signo
578 3524 652 3585 dioit
674 3523 739 3585 Pe:
783 3522 1017 3585 Transierentur
1038 3532 1157 3587 montes
1191 3528 1224 3587 in
1255 3543 1308 3612 cor

130 3631 231 3691 maris.
275 3629 312 3689 Et
339 3626 434 3709 Apoo.
460 3627 538 3688 VH:
556 3627 730 3689 'Secundus
760 3627 886 3705 angelus
909 3626 978 3687 tuba
1008 3629 1136 3700 cecinit,
1170 3635 1307 3699 stocos,

130 3752 219 3795 mous
251 3750 377 3811 magnus
412 3735 482 3810 igne
512 3732 621 3792 ardens
652 3733 763 3791 missus
787 3737 836 3812 est
856 3731 887 3789 in
912 3716 1004 3793 mare.
1049 3730 1084 3792 Et
1116 3750 1177 3794 nou
1208 3734 1307 3792 minus

130 3834 318 3910 miraculum,
342 3838 435 3897 immo
459 3836 571 3913 majus,
602 3836 709 3895 recitat
731 3833 933 3911 Hieronymus
968 3850 985 3893 a
1018 3840 1123 3894 sancto
1156 3833 1308 3895 Hilarione

103 3940 107 3944 ’
131 3941 246 4018 lactum
267 3943 298 4001 in
319 3939 565 4020 Epidaurodap.
590 3935 652 4009 34,
676 3940 728 4023 qui
751 3955 785 3998 se
808 3937 948 4016 exposuit
969 3938 1153 3999 tumescenti
1183 3944 1215 3998 ct
1247 3937 1306 3996 tre·

131 4027 226 4106 menti
248 4044 332 4114 mari,
357 4059 516 4121 quousque
533 4042 677 4121 paulatim
692 4043 723 4102 in
738 4042 952 4119 semetipsum
969 4041 1123 4118 relapsum
1140 4045 1196 4103 est.
1221 4035 1307 4100 Unde

131 4147 244 4210 ibidem
274 4127 347 4209 dicit
373 4144 575 4224 Hieronymus
606 4163 678 4206 vere
700 4143 796 4216 illud,
822 4142 906 4222 quod
935 4141 973 4203 ad
1003 4141 1167 4221 Apostolos
1191 4140 1308 4203 dictum

125 4256 195 4315 rest:
223 4247 479 4312 storchades.
510 4248 621 4311 dicetis
641 4247 712 4310 huic
745 4248 842 4310 monti
873 4251 931 4307 eto.
978 4243 1043 4308 Hoc
1061 4242 1147 4323 juxte
1176 4244 1309 4309 litteram

1084 4366 1100 4416 b
