2874 4770
706 164 770 234 102

149 352 197 408 est
220 345 257 407 de
280 346 348 425 lego
372 361 439 404 earn
462 345 629 424 recipiunt;
654 350 775 405 nostros
796 360 870 404 vero
894 360 1001 404 aureos
1026 349 1057 403 et
1079 348 1241 421 argenteos
1264 361 1328 404 non

149 453 338 529 cognoscunt
360 465 418 507 nec
442 449 599 526 recipiunt.
645 449 697 508 Est
721 454 752 506 et
775 447 831 507 alia
855 465 966 526 cuprea
989 454 1125 518 moneta,
1156 465 1248 525 quam
1270 466 1327 508 no·

149 557 264 615 minant
286 553 381 624 Fluss,
405 559 436 611 et
459 551 496 611 de
519 553 575 613 hac
599 571 705 613 omnes
729 557 915 611 mercatores
938 558 968 610 et
992 566 1098 609 omnes
1122 567 1223 610 rerum
1253 568 1328 613 ven-

149 657 263 718 ditores
297 656 408 716 habent
436 663 552 734 sportas
585 655 712 734 grandes
743 654 847 732 plenas
878 653 913 713 ad
948 654 1156 714 cambiendum
1182 673 1248 714 eam
1271 673 1328 734 pro

150 767 306 839 argentea;
332 777 400 819 nam
424 760 474 836 qui
498 759 562 819 vult
577 776 681 819 emere
697 775 806 837 panem
821 758 870 816 vel
886 775 1010 817 caseum
1026 764 1077 816 aut
1099 764 1203 835 potum
1230 775 1328 836 aquae

149 870 201 924 aut
223 862 334 941 aliquid
358 862 414 921 sibi
438 879 577 940 parvum,
601 880 661 921 nou
683 877 816 940 necesse*
836 867 883 920 est
906 877 976 919 eum
1000 858 1134 939 (habere)
1159 867 1327 938 argentum,

149 965 203 1026 sed
227 966 324 1025 Fluss.
370 965 402 1025 Si
425 983 485 1025 non
508 965 612 1036 habet,
636 965 688 1025 dat
710 966 860 1041 campsori
882 983 975 1023 unum
990 963 1143 1023 madinum
1159 983 1214 1042 pro
1229 965 1328 1037 Fluss‚

151 1073 202 1150 qui
226 1087 365 1130 nummos
389 1068 457 1128 illos
482 1086 611 1147 cupreos
635 1087 694 1128 non
718 1066 937 1126 adnumerum
969 1068 1117 1144 assignat,
1153 1067 1207 1127 sed
1238 1068 1330 1128 habet

149 1173 255 1234 libram
278 1176 309 1232 et
331 1174 443 1250 petiam
466 1172 580 1250 plumbi
603 1176 653 1232 aut
677 1171 762 1240 ferri,
798 1174 848 1229 aut
876 1170 1009 1248 lapidem
1038 1171 1155 1247 probati
1185 1171 1328 1249 ponderis

151 1282 182 1336 et
209 1275 319 1354 publici
350 1277 435 1355 ponit
463 1278 493 1337 in
524 1293 582 1336 una
609 1282 694 1353 parte
727 1274 820 1333 librae
854 1280 885 1333 et
915 1281 1139 1335 commensurat
1178 1277 1205 1335 ei
1229 1276 1326 1336 Fluss.

150 1380 202 1440 Sic
218 1379 343 1456 quilibet
357 1396 466 1438 aureus
483 1384 513 1438 et
529 1385 690 1457 argenteus
705 1377 795 1437 habet
818 1375 935 1454 pondus
959 1395 1064 1447 suum,
1088 1378 1226 1456 ard-’quod
1243 1398 1328 1439 com·

151 1468 343 1541 mensuratur
366 1488 486 1542 moneta
510 1481 560 1540 illa
583 1498 703 1558 cuprea.
748 1478 870 1538 Nummi
895 1483 975 1539 enim
998 1483 1047 1540 isti
1064 1484 1168 1559 euprei
1183 1501 1241 1542 non
1258 1490 1329 1543 sunt

152 1586 308 1663 aequales,
330 1584 384 1645 sed
407 1585 535 1645 multum
559 1582 721 1643 dissimiles
743 1585 772 1642 in
789 1585 954 1660 quantitate
970 1591 1001 1643 et
1016 1586 1324 1663 superscriptionibus

152 1692 184 1748 et
206 1689 314 1765 signis;
350 1686 469 1765 quando
504 1688 584 1746 enim
616 1687 722 1763 aliquis
745 1686 832 1745 Fluss
860 1687 968 1766 recipit
999 1707 1052 1766 pro
1077 1689 1212 1759 madino,
1242 1688 1331 1750 datur

153 1790 208 1850 sibi
242 1791 327 1867 quasi
357 1791 447 1850 bursa
476 1791 564 1868 plena
597 1788 635 1848 de
659 1787 754 1848 Fluss
802 1787 914 1848 Verum
947 1791 1012 1868 ipsa
1035 1799 1177 1869 argentea
1199 1794 1331 1869 pecunia

153 1893 233 1972 apud
256 1911 309 1952 eos
333 1895 425 1952 etiam
449 1899 496 1952 est
519 1891 674 1952 falsificata
697 1899 728 1950 et
748 1909 809 1949 non
833 1909 939 1951 omnes
963 1893 1073 1954 madini
1106 1898 1218 1974 passim
1249 1898 1329 1955 acci-

152 1998 290 2074 piuntur,
313 2013 371 2055 nee
393 2013 499 2055 omnes
524 1997 634 2074 asperi.
680 1991 742 2054 Sed
765 1999 860 2052 artem
876 1995 957 2054 illam
973 1996 1084 2058 habent
1099 2016 1223 2070 omnes,
1247 1999 1329 2076 quod

152 2101 303 2178 recipiens
326 2105 504 2176 argenteum
528 2099 612 2178 ponit
635 2115 704 2156 eum
728 2098 758 2155 in
782 2115 816 2156 os
851 2114 954 2169 suum,
987 2104 1157 2180 premitque
1190 2102 1329 2163 dentibus

154 2203 293 2264 mordens
317 2209 347 2262 et
370 2203 471 2262 statim
494 2202 638 2281 percipit,
672 2217 708 2259 an
740 2204 897 2277 argentum
927 2221 1034 2264 rerum
1062 2205 1111 2264 vel
1140 2206 1329 2267 falsificatum

153 2310 201 2370 sit.
247 2306 354 2367 Omnia
376 2308 416 2367 ibi
449 2312 678 2375 mensurantur,
709 2321 820 2382 panes,
855 2304 987 2378 fruetus,
1024 2325 1129 2369 carnes
1163 2317 1268 2370 coetae
1299 2318 1330 2371 et

152 2413 253 2492 ipsum
275 2410 414 2471 brodium
447 2418 477 2470 et
507 2411 662 2490 pulmenta
694 2407 731 2468 ad
766 2425 938 2468 mensuram
967 2410 1088 2483 dantur,
1121 2414 1330 2492 sedataque

153 2517 218 2594 ipsa
240 2514 353 2574 usualis
376 2521 576 2574 mensuratur.
621 2510 751 2571 Utuntur
782 2513 862 2570 enim
892 2512 983 2572 multa
1014 2531 1090 2592 aqua
1120 2518 1151 2575 in
1180 2517 1328 2587 domibus,

154 2620 223 2696 quia
257 2616 382 2676 diversis
418 2623 448 2675 et
477 2619 565 2676 variis
594 2614 824 2691 baptismatibus
854 2619 978 2674 utuntur
1011 2635 1065 2695 per
1097 2620 1229 2697 singulos
1264 2619 1329 2679 dies
1381 2650 1386 2655 -

154 2729 186 2782 et
207 2721 313 2791 horas,
336 2739 396 2780 non
419 2727 520 2780 autem
543 2719 654 2778 habent
676 2717 793 2787 fontes,
817 2716 872 2776 sed
896 2718 994 2779 solum
1019 2739 1096 2799 aqua
1114 2723 1172 2783 Nili
1195 2731 1328 2795 utuntur,

155 2840 231 2900 quae
254 2825 284 2881 in
309 2824 433 2882 camelis
456 2822 590 2882 defertur
613 2838 668 2900 per
689 2823 772 2882 vicos
797 2822 827 2881 in
852 2826 969 2899 magnis
992 2829 1117 2887 utribus.
1150 2827 1235 2888 Unde
1252 2828 1330 2889 ultra

155 2931 224 2985 octo
247 2924 339 2985 millia
363 2926 471 2985 cameli
494 2923 567 2983 nihil
599 2922 678 2983 aliud
710 2923 837 2994 faciunt,
871 2927 927 2985 nisi
959 2929 1039 3007 quod
1063 2949 1155 3009 aquas
1178 2951 1233 3011 per
1257 2935 1329 2992 civi-

155 3032 249 3087 tatem
272 3029 301 3086 in
325 3026 432 3087 domos
456 3027 636 3106 deportant,
661 3032 692 3084 et
715 3027 790 3085 asini
813 3026 894 3088 idem
927 3031 1088 3105 iacientes,
1120 3053 1248 3113 quorum
1270 3055 1332 3095 non

156 3140 203 3194 est
225 3152 379 3194 numerus.

243 3237 319 3298 Sunt
341 3240 432 3298 etiam
454 3238 673 3316 multoplures
706 3239 827 3310 cameli,
859 3242 909 3317 qui
932 3244 1085 3318 pertinent
1113 3245 1329 3314 communitati,

156 3346 186 3401 et
210 3340 376 3400 camelariis
392 3340 430 3400 de
447 3342 597 3400 communi
614 3342 728 3400 aerario
746 3340 834 3401 datur
850 3346 996 3420 pretium,
1022 3347 1072 3423 qui
1089 3345 1123 3405 ad
1140 3347 1198 3406 hoc
1214 3354 1330 3408 tantum

157 3451 227 3505 sunt
250 3442 393 3514 ordinati,
425 3444 505 3522 quod
534 3446 565 3503 in
595 3444 708 3503 utribus
741 3451 860 3522 portant
891 3464 1000 3525 aquam
1032 3447 1069 3508 de
1094 3449 1161 3508 Nilo
1184 3451 1214 3510 in
1238 3453 1329 3521 vicos,

156 3553 188 3607 et
209 3548 250 3607 ibi
280 3564 335 3625 per
369 3549 502 3626 singulos
533 3551 617 3608 vicos
651 3547 826 3608 diffunditur
856 3556 887 3610 et
917 3554 1068 3630 spargitur
1103 3551 1139 3612 ed
1174 3552 1330 3629 pulverem

156 3655 254 3709 terrae
278 3649 547 3727 comprimendum.
593 3649 689 3710 Tanta
721 3658 767 3710 est
800 3654 880 3710 enim
911 3653 1068 3715 hominum
1102 3662 1132 3715 et
1164 3656 1330 3716 bestiarum

157 3752 373 3823 deambulatio,
398 3753 478 3831 quod
501 3772 591 3813 nemo
614 3761 719 3832 posset
741 3755 780 3813 ibi
803 3756 904 3815 vivere
920 3759 951 3816 in
967 3761 1094 3819 excitato
1110 3760 1249 3838 pulvere,
1274 3761 1331 3819 nisi

158 3872 234 3933 aqua
258 3858 474 3933 inspissaretur
496 3858 645 3915 continuis
668 3857 902 3935 profusionibus.

244 3957 331 4018 Anno
357 3955 439 4020 1476
463 3958 652 4036 grassabatur
674 3961 768 4036 pestis
792 3963 821 4020 in
844 3961 894 4022 illa
929 3965 1002 4023 urbe
1034 3966 1129 4025 tribus
1159 3964 1329 4035 mensibus;

158 4058 262 4120 dicunt
284 4068 400 4132 autem,
425 4061 505 4140 quod
528 4062 652 4139 singulis
676 4063 779 4122 diebus
805 4065 841 4125 ad
865 4069 963 4126 miuus
986 4068 1124 4129 obiemnt
1146 4067 1212 4128 xvi
1229 4067 1330 4138 millia,

159 4162 196 4223 ad
219 4162 316 4240 majus
339 4163 435 4225 XXIV
457 4166 549 4225 millia
572 4167 743 4239 bominum,
767 4168 885 4229 medius
906 4187 1052 4231 numerus
1070 4174 1150 4232 inter
1163 4173 1238 4232 lstos
1255 4170 1331 4231 duos
