<?xml version="1.0" encoding="UTF-8"?>
<!DOCTYPE html PUBLIC "-//W3C//DTD XHTML 1.0 Transitional//EN"
    "http://www.w3.org/TR/xhtml1/DTD/xhtml1-transitional.dtd">
<html xmlns="http://www.w3.org/1999/xhtml" xml:lang="en" lang="en">
 <head>
  <title>
</title>
<meta http-equiv="Content-Type" content="text/html;charset=utf-8" />
  <meta name='ocr-system' content='tesseract 3.04.00' />
  <meta name='ocr-capabilities' content='ocr_page ocr_carea ocr_par ocr_line ocrx_word'/>
</head>
<body>
  <div class='ocr_page' id='page_1' title='image "./fratrisfelicisf00fabrgoog_0150.png"; bbox 0 0 2874 4770; ppageno 0'>
   <div class='ocr_carea' id='block_1_1' title="bbox 696 171 762 251">
    <p class='ocr_par' dir='ltr' id='par_1_1' title="bbox 696 171 762 251">
     <span class='ocr_line' id='line_1_1' title="bbox 696 171 762 251; baseline 0.015 -1"><span class='ocrx_word' id='word_1_1' title='bbox 696 171 762 251; x_wconf 78' lang='lat' dir='ltr'><strong>ilv-</strong></span> 
     </span>
    </p>
   </div>
   <div class='ocr_carea' id='block_1_2' title="bbox 125 352 1411 4365">
    <p class='ocr_par' dir='ltr' id='par_1_2' title="bbox 134 352 1397 1265">
     <span class='ocr_line' id='line_1_2' title="bbox 138 352 1312 437; baseline 0.001 -19"><span class='ocrx_word' id='word_1_2' title='bbox 138 374 239 429; x_wconf 83' lang='lat' dir='ltr'><strong>meam</strong></span> <span class='ocrx_word' id='word_1_3' title='bbox 260 356 339 418; x_wconf 90' lang='lat' dir='ltr'><strong>ultra</strong></span> <span class='ocrx_word' id='word_1_4' title='bbox 362 359 486 416; x_wconf 89' lang='lat' dir='ltr'><strong>centum</strong></span> <span class='ocrx_word' id='word_1_5' title='bbox 507 352 632 435; x_wconf 81' lang='lat' dir='ltr'><strong>ducatos</strong></span> <span class='ocrx_word' id='word_1_6' title='bbox 653 359 770 434; x_wconf 82' lang='lat' dir='ltr'>posuit,</span> <span class='ocrx_word' id='word_1_7' title='bbox 793 374 870 436; x_wconf 88' lang='lat' dir='ltr'><strong>quos</strong></span> <span class='ocrx_word' id='word_1_8' title='bbox 893 358 925 418; x_wconf 89' lang='lat' dir='ltr'><strong>in</strong></span> <span class='ocrx_word' id='word_1_9' title='bbox 948 358 1091 437; x_wconf 75' lang='lat' dir='ltr'><strong>amphora</strong></span> <span class='ocrx_word' id='word_1_10' title='bbox 1112 358 1144 418; x_wconf 90' lang='lat' dir='ltr'><strong>in</strong></span> <span class='ocrx_word' id='word_1_11' title='bbox 1160 357 1312 419; x_wconf 85' lang='lat' dir='ltr'><strong>civitatem</strong></span> 
     </span>
     <span class='ocr_line' id='line_1_3' title="bbox 137 444 1311 540; baseline 0 -19"><span class='ocrx_word' id='word_1_12' title='bbox 137 444 269 540; x_wconf 85' lang='lat' dir='ltr'><strong>portavi,</strong></span> <span class='ocrx_word' id='word_1_13' title='bbox 295 459 344 520; x_wconf 93' lang='lat' dir='ltr'><strong>alii</strong></span> <span class='ocrx_word' id='word_1_14' title='bbox 366 459 540 537; x_wconf 81' lang='lat' dir='ltr'><strong>paximaciis</strong></span> <span class='ocrx_word' id='word_1_15' title='bbox 562 459 764 531; x_wconf 89' lang='lat' dir='ltr'><strong>intruserunt,</strong></span> <span class='ocrx_word' id='word_1_16' title='bbox 790 460 839 520; x_wconf 91' lang='lat' dir='ltr'><strong>alii</strong></span> <span class='ocrx_word' id='word_1_17' title='bbox 860 463 890 520; x_wconf 93' lang='lat' dir='ltr'><strong>in</strong></span> <span class='ocrx_word' id='word_1_18' title='bbox 912 459 987 521; x_wconf 92' lang='lat' dir='ltr'><strong>locis</strong></span> <span class='ocrx_word' id='word_1_19' title='bbox 1003 479 1067 533; x_wconf 80' lang='lat' dir='ltr'><strong>pon</strong></span> <span class='ocrx_word' id='word_1_20' title='bbox 1082 463 1232 539; x_wconf 79' lang='lat' dir='ltr'><strong>suspectis</strong></span> <span class='ocrx_word' id='word_1_21' title='bbox 1248 462 1311 521; x_wconf 95' lang='lat' dir='ltr'><strong>suis</strong></span> 
     </span>
     <span class='ocr_line' id='line_1_4' title="bbox 137 559 1311 643; baseline 0.002 -21"><span class='ocrx_word' id='word_1_22' title='bbox 137 564 328 623; x_wconf 84' lang='lat' dir='ltr'><strong>vestimentis</strong></span> <span class='ocrx_word' id='word_1_23' title='bbox 338 564 369 623; x_wconf 93' lang='lat' dir='ltr'><strong>in</strong></span> <span class='ocrx_word' id='word_1_24' title='bbox 383 579 507 622; x_wconf 88' lang='lat' dir='ltr'><strong>suorum</strong></span> <span class='ocrx_word' id='word_1_25' title='bbox 521 559 710 639; x_wconf 85' lang='lat' dir='ltr'><strong>[insuerunt],</strong></span> <span class='ocrx_word' id='word_1_26' title='bbox 719 563 768 623; x_wconf 92' lang='lat' dir='ltr'><strong>alii</strong></span> <span class='ocrx_word' id='word_1_27' title='bbox 779 566 809 623; x_wconf 91' lang='lat' dir='ltr'><strong>in</strong></span> <span class='ocrx_word' id='word_1_28' title='bbox 817 559 982 635; x_wconf 74' lang='lat' dir='ltr'><strong>vasculum,</strong></span> <span class='ocrx_word' id='word_1_29' title='bbox 992 565 1022 623; x_wconf 92' lang='lat' dir='ltr'><strong>in</strong></span> <span class='ocrx_word' id='word_1_30' title='bbox 1031 571 1090 643; x_wconf 84' lang='lat' dir='ltr'><strong>quo</strong></span> <span class='ocrx_word' id='word_1_31' title='bbox 1100 564 1201 625; x_wconf 93' lang='lat' dir='ltr'><strong>oleum</strong></span> <span class='ocrx_word' id='word_1_32' title='bbox 1210 563 1311 624; x_wconf 92' lang='lat' dir='ltr'><strong>nobis·</strong></span> 
     </span>
     <span class='ocr_line' id='line_1_5' title="bbox 139 663 1397 745; baseline 0 -19"><span class='ocrx_word' id='word_1_33' title='bbox 139 684 207 726; x_wconf 89' lang='lat' dir='ltr'><strong>curn</strong></span> <span class='ocrx_word' id='word_1_34' title='bbox 217 665 364 737; x_wconf 91' lang='lat' dir='ltr'><strong>duximus,</strong></span> <span class='ocrx_word' id='word_1_35' title='bbox 380 670 556 745; x_wconf 90' lang='lat' dir='ltr'><strong>posuerunt,</strong></span> <span class='ocrx_word' id='word_1_36' title='bbox 574 663 624 724; x_wconf 92' lang='lat' dir='ltr'><strong>alii</strong></span> <span class='ocrx_word' id='word_1_37' title='bbox 634 666 664 724; x_wconf 91' lang='lat' dir='ltr'><strong>in</strong></span> <span class='ocrx_word' id='word_1_38' title='bbox 673 665 824 744; x_wconf 88' lang='lat' dir='ltr'><strong>butyrum,</strong></span> <span class='ocrx_word' id='word_1_39' title='bbox 840 666 1068 727; x_wconf 87' lang='lat' dir='ltr'><strong>aliiiucaseum</strong></span> <span class='ocrx_word' id='word_1_40' title='bbox 1083 667 1171 728; x_wconf 90' lang='lat' dir='ltr'><strong>etita</strong></span> <span class='ocrx_word' id='word_1_41' title='bbox 1186 667 1311 728; x_wconf 93' lang='lat' dir='ltr'><strong>diversis</strong></span> <span class='ocrx_word' id='word_1_42' title='bbox 1396 735 1397 738; x_wconf 8' lang='grc' dir='ltr'><strong>Ἴ</strong></span> 
     </span>
     <span class='ocr_line' id='line_1_6' title="bbox 137 762 1313 848; baseline 0.001 -19"><span class='ocrx_word' id='word_1_43' title='bbox 137 764 236 830; x_wconf 92' lang='lat' dir='ltr'><strong>modis</strong></span> <span class='ocrx_word' id='word_1_44' title='bbox 259 770 443 831; x_wconf 75' lang='lat' dir='ltr'><strong>abscondere</strong></span> <span class='ocrx_word' id='word_1_45' title='bbox 467 768 657 848; x_wconf 72' lang='lat' dir='ltr'><strong>satagebant,</strong></span> <span class='ocrx_word' id='word_1_46' title='bbox 689 769 820 848; x_wconf 89' lang='lat' dir='ltr'><strong>quiade</strong></span> <span class='ocrx_word' id='word_1_47' title='bbox 844 772 926 830; x_wconf 92' lang='lat' dir='ltr'><strong>omni</strong></span> <span class='ocrx_word' id='word_1_48' title='bbox 951 762 1007 841; x_wconf 78' lang='lat' dir='ltr'><strong>re,</strong></span> <span class='ocrx_word' id='word_1_49' title='bbox 1032 769 1257 847; x_wconf 83' lang='lat' dir='ltr'><strong>quaeiuiertur</strong></span> <span class='ocrx_word' id='word_1_50' title='bbox 1281 774 1313 830; x_wconf 90' lang='lat' dir='ltr'><strong>et</strong></span> 
     </span>
     <span class='ocr_line' id='line_1_7' title="bbox 137 873 1311 953; baseline -0.001 -19"><span class='ocrx_word' id='word_1_51' title='bbox 137 873 262 935; x_wconf 86' lang='lat' dir='ltr'><strong>eiiertur</strong></span> <span class='ocrx_word' id='word_1_52' title='bbox 282 873 495 945; x_wconf 82' lang='lat' dir='ltr'><strong>Alexandriae,</strong></span> <span class='ocrx_word' id='word_1_53' title='bbox 527 875 651 951; x_wconf 91' lang='lat' dir='ltr'><strong>exigunt</strong></span> <span class='ocrx_word' id='word_1_54' title='bbox 681 875 869 951; x_wconf 90' lang='lat' dir='ltr'><strong>crucigerum</strong></span> <span class='ocrx_word' id='word_1_55' title='bbox 899 873 1055 934; x_wconf 90' lang='lat' dir='ltr'><strong>denarium</strong></span> <span class='ocrx_word' id='word_1_56' title='bbox 1078 880 1233 939; x_wconf 81' lang='lat' dir='ltr'><strong>exactores</strong></span> <span class='ocrx_word' id='word_1_57' title='bbox 1256 892 1311 953; x_wconf 90' lang='lat' dir='ltr'><strong>pro</strong></span> 
     </span>
     <span class='ocr_line' id='line_1_8' title="bbox 135 975 1312 1057; baseline 0 -19"><span class='ocrx_word' id='word_1_58' title='bbox 135 977 263 1057; x_wconf 89' lang='lat' dir='ltr'><strong>pedagio</strong></span> <span class='ocrx_word' id='word_1_59' title='bbox 294 983 325 1038; x_wconf 89' lang='lat' dir='ltr'><strong>et</strong></span> <span class='ocrx_word' id='word_1_60' title='bbox 352 978 503 1038; x_wconf 89' lang='lat' dir='ltr'><strong>theloneo.</strong></span> <span class='ocrx_word' id='word_1_61' title='bbox 549 975 640 1036; x_wconf 87' lang='lat' dir='ltr'><strong>Liber</strong></span> <span class='ocrx_word' id='word_1_62' title='bbox 669 995 726 1056; x_wconf 91' lang='lat' dir='ltr'><strong>ego</strong></span> <span class='ocrx_word' id='word_1_63' title='bbox 759 984 831 1038; x_wconf 92' lang='lat' dir='ltr'><strong>tuno</strong></span> <span class='ocrx_word' id='word_1_64' title='bbox 867 989 950 1047; x_wconf 80' lang='lat' dir='ltr'><strong>erarn</strong></span> <span class='ocrx_word' id='word_1_65' title='bbox 981 977 1016 1037; x_wconf 95' lang='lat' dir='ltr'><strong>ab</strong></span> <span class='ocrx_word' id='word_1_66' title='bbox 1049 977 1101 1037; x_wconf 91' lang='lat' dir='ltr'><strong>illa</strong></span> <span class='ocrx_word' id='word_1_67' title='bbox 1124 994 1212 1049; x_wconf 89' lang='lat' dir='ltr'><strong>cura,</strong></span> <span class='ocrx_word' id='word_1_68' title='bbox 1243 978 1312 1054; x_wconf 91' lang='lat' dir='ltr'><strong>quia</strong></span> 
     </span>
     <span class='ocr_line' id='line_1_9' title="bbox 135 1079 1313 1160; baseline 0 -19"><span class='ocrx_word' id='word_1_69' title='bbox 135 1079 249 1142; x_wconf 91' lang='lat' dir='ltr'><strong>dudum</strong></span> <span class='ocrx_word' id='word_1_70' title='bbox 271 1081 425 1144; x_wconf 88' lang='lat' dir='ltr'><strong>deiecerat</strong></span> <span class='ocrx_word' id='word_1_71' title='bbox 447 1081 577 1160; x_wconf 89' lang='lat' dir='ltr'><strong>pecunia</strong></span> <span class='ocrx_word' id='word_1_72' title='bbox 599 1098 682 1154; x_wconf 91' lang='lat' dir='ltr'><strong>mea,</strong></span> <span class='ocrx_word' id='word_1_73' title='bbox 717 1081 855 1142; x_wconf 91' lang='lat' dir='ltr'><strong>clenodia</strong></span> <span class='ocrx_word' id='word_1_74' title='bbox 879 1088 980 1142; x_wconf 92' lang='lat' dir='ltr'><strong>autem</strong></span> <span class='ocrx_word' id='word_1_75' title='bbox 1004 1096 1094 1139; x_wconf 91' lang='lat' dir='ltr'><strong>aurea</strong></span> <span class='ocrx_word' id='word_1_76' title='bbox 1118 1086 1148 1140; x_wconf 93' lang='lat' dir='ltr'><strong>et</strong></span> <span class='ocrx_word' id='word_1_77' title='bbox 1171 1085 1313 1157; x_wconf 86' lang='lat' dir='ltr'><strong>argentea</strong></span> 
     </span>
     <span class='ocr_line' id='line_1_10' title="bbox 134 1175 1310 1265; baseline -0.002 -21"><span class='ocrx_word' id='word_1_78' title='bbox 134 1185 165 1244; x_wconf 93' lang='lat' dir='ltr'><strong>in</strong></span> <span class='ocrx_word' id='word_1_79' title='bbox 181 1185 297 1246; x_wconf 89' lang='lat' dir='ltr'><strong>annulis</strong></span> <span class='ocrx_word' id='word_1_80' title='bbox 314 1192 344 1247; x_wconf 92' lang='lat' dir='ltr'><strong>et</strong></span> <span class='ocrx_word' id='word_1_81' title='bbox 360 1184 500 1248; x_wconf 83' lang='lat' dir='ltr'><strong>cruceliis</strong></span> <span class='ocrx_word' id='word_1_82' title='bbox 517 1192 549 1247; x_wconf 89' lang='lat' dir='ltr'><strong>et</strong></span> <span class='ocrx_word' id='word_1_83' title='bbox 562 1175 671 1265; x_wconf 90' lang='lat' dir='ltr'><strong>signis,</strong></span> <span class='ocrx_word' id='word_1_84' title='bbox 696 1203 773 1263; x_wconf 90' lang='lat' dir='ltr'><strong>quae</strong></span> <span class='ocrx_word' id='word_1_85' title='bbox 788 1204 911 1246; x_wconf 92' lang='lat' dir='ltr'><strong>mecum</strong></span> <span class='ocrx_word' id='word_1_86' title='bbox 927 1184 1059 1245; x_wconf 87' lang='lat' dir='ltr'><strong>lerebam</strong></span> <span class='ocrx_word' id='word_1_87' title='bbox 1083 1185 1113 1244; x_wconf 93' lang='lat' dir='ltr'><strong>in</strong></span> <span class='ocrx_word' id='word_1_88' title='bbox 1138 1201 1196 1244; x_wconf 91' lang='lat' dir='ltr'><strong>una</strong></span> <span class='ocrx_word' id='word_1_89' title='bbox 1211 1184 1310 1254; x_wconf 89' lang='lat' dir='ltr'><strong>bursa,</strong></span> 
     </span>
    </p>

    <p class='ocr_par' dir='ltr' id='par_1_3' title="bbox 125 1271 1411 4274">
     <span class='ocr_line' id='line_1_11' title="bbox 133 1271 1411 1366; baseline 0 -20"><span class='ocrx_word' id='word_1_90' title='bbox 133 1289 165 1347; x_wconf 90' lang='lat' dir='ltr'><strong>in</strong></span> <span class='ocrx_word' id='word_1_91' title='bbox 186 1290 253 1366; x_wconf 91' lang='lat' dir='ltr'><strong>ipsa</strong></span> <span class='ocrx_word' id='word_1_92' title='bbox 274 1291 365 1352; x_wconf 89' lang='lat' dir='ltr'><strong>bursa</strong></span> <span class='ocrx_word' id='word_1_93' title='bbox 388 1288 531 1351; x_wconf 83' lang='lat' dir='ltr'><strong>abscondi</strong></span> <span class='ocrx_word' id='word_1_94' title='bbox 564 1289 595 1349; x_wconf 90' lang='lat' dir='ltr'><strong>in</strong></span> <span class='ocrx_word' id='word_1_95' title='bbox 627 1293 752 1350; x_wconf 84' lang='lat' dir='ltr'><strong>saccum</strong></span> <span class='ocrx_word' id='word_1_96' title='bbox 784 1288 898 1352; x_wconf 82' lang='lat' dir='ltr'><strong>tarinae</strong></span> <span class='ocrx_word' id='word_1_97' title='bbox 932 1305 1059 1360; x_wconf 88' lang='lat' dir='ltr'><strong>avenae,</strong></span> <span class='ocrx_word' id='word_1_98' title='bbox 1090 1287 1248 1348; x_wconf 91' lang='lat' dir='ltr'><strong>intrudens</strong></span> <span class='ocrx_word' id='word_1_99' title='bbox 1279 1288 1312 1346; x_wconf 89' lang='lat' dir='ltr'><strong>in</strong></span> <span class='ocrx_word' id='word_1_100' title='bbox 1405 1271 1411 1275; x_wconf 54' lang='grc'><strong>’</strong></span> 
     </span>
     <span class='ocr_line' id='line_1_12' title="bbox 134 1389 1309 1455; baseline -0.001 -5"><span class='ocrx_word' id='word_1_101' title='bbox 134 1389 260 1452; x_wconf 82' lang='lat' dir='ltr'><strong>laninam</strong></span> <span class='ocrx_word' id='word_1_102' title='bbox 291 1411 330 1453; x_wconf 89' lang='lat' dir='ltr'><strong>ne</strong></span> <span class='ocrx_word' id='word_1_103' title='bbox 364 1395 557 1455; x_wconf 88' lang='lat' dir='ltr'><strong>inveniretur.</strong></span> <span class='ocrx_word' id='word_1_104' title='bbox 611 1390 643 1451; x_wconf 93' lang='lat' dir='ltr'><strong>ln</strong></span> <span class='ocrx_word' id='word_1_105' title='bbox 671 1391 722 1454; x_wconf 92' lang='lat' dir='ltr'><strong>illa</strong></span> <span class='ocrx_word' id='word_1_106' title='bbox 756 1394 858 1452; x_wconf 80' lang='lat' dir='ltr'><strong>autem</strong></span> <span class='ocrx_word' id='word_1_107' title='bbox 886 1409 988 1452; x_wconf 90' lang='lat' dir='ltr'><strong>rerum</strong></span> <span class='ocrx_word' id='word_1_108' title='bbox 1018 1392 1216 1452; x_wconf 84' lang='lat' dir='ltr'><strong>absconsione</strong></span> <span class='ocrx_word' id='word_1_109' title='bbox 1249 1407 1309 1450; x_wconf 90' lang='lat' dir='ltr'><strong>uon</strong></span> 
     </span>
     <span class='ocr_line' id='line_1_13' title="bbox 134 1494 1311 1576; baseline 0 -22"><span class='ocrx_word' id='word_1_110' title='bbox 134 1497 341 1571; x_wconf 85' lang='lat' dir='ltr'><strong>peccavimus,</strong></span> <span class='ocrx_word' id='word_1_111' title='bbox 364 1496 531 1559; x_wconf 89' lang='lat' dir='ltr'><strong>secundum</strong></span> <span class='ocrx_word' id='word_1_112' title='bbox 545 1494 743 1574; x_wconf 87' lang='lat' dir='ltr'><strong>Hostiensem</strong></span> <span class='ocrx_word' id='word_1_113' title='bbox 764 1498 795 1557; x_wconf 87' lang='lat' dir='ltr'><strong>io</strong></span> <span class='ocrx_word' id='word_1_114' title='bbox 810 1496 944 1568; x_wconf 89' lang='lat' dir='ltr'><strong>Summa,</strong></span> <span class='ocrx_word' id='word_1_115' title='bbox 968 1498 1037 1574; x_wconf 91' lang='lat' dir='ltr'><strong>quia</strong></span> <span class='ocrx_word' id='word_1_116' title='bbox 1050 1497 1124 1576; x_wconf 92' lang='lat' dir='ltr'><strong>ipsis</strong></span> <span class='ocrx_word' id='word_1_117' title='bbox 1137 1494 1311 1555; x_wconf 88' lang='lat' dir='ltr'><strong>Sarracenis</strong></span> 
     </span>
     <span class='ocr_line' id='line_1_14' title="bbox 135 1598 1311 1678; baseline 0.003 -24"><span class='ocrx_word' id='word_1_118' title='bbox 135 1605 166 1656; x_wconf 90' lang='lat' dir='ltr'><strong>et</strong></span> <span class='ocrx_word' id='word_1_119' title='bbox 187 1598 302 1677; x_wconf 91' lang='lat' dir='ltr'><strong>legibus</strong></span> <span class='ocrx_word' id='word_1_120' title='bbox 325 1606 376 1662; x_wconf 89' lang='lat' dir='ltr'><strong>aut</strong></span> <span class='ocrx_word' id='word_1_121' title='bbox 399 1601 517 1674; x_wconf 89' lang='lat' dir='ltr'><strong>statutis</strong></span> <span class='ocrx_word' id='word_1_122' title='bbox 541 1616 647 1658; x_wconf 90' lang='lat' dir='ltr'><strong>eorum</strong></span> <span class='ocrx_word' id='word_1_123' title='bbox 669 1616 731 1658; x_wconf 92' lang='lat' dir='ltr'><strong>non</strong></span> <span class='ocrx_word' id='word_1_124' title='bbox 754 1600 949 1672; x_wconf 92' lang='lat' dir='ltr'><strong>suberamus,</strong></span> <span class='ocrx_word' id='word_1_125' title='bbox 981 1617 1038 1660; x_wconf 88' lang='lat' dir='ltr'><strong>nec</strong></span> <span class='ocrx_word' id='word_1_126' title='bbox 1070 1601 1113 1660; x_wconf 88' lang='lat' dir='ltr'><strong>eis</strong></span> <span class='ocrx_word' id='word_1_127' title='bbox 1147 1598 1311 1678; x_wconf 89' lang='lat' dir='ltr'><strong>quidquam</strong></span> 
     </span>
     <span class='ocr_line' id='line_1_15' title="bbox 130 1699 1311 1790; baseline 0.003 -30"><span class='ocrx_word' id='word_1_128' title='bbox 130 1699 297 1777; x_wconf 86' lang='lat' dir='ltr'><strong>juravimus</strong></span> <span class='ocrx_word' id='word_1_129' title='bbox 322 1710 372 1765; x_wconf 89' lang='lat' dir='ltr'><strong>aut</strong></span> <span class='ocrx_word' id='word_1_130' title='bbox 394 1704 599 1782; x_wconf 88' lang='lat' dir='ltr'><strong>promisimus,</strong></span> <span class='ocrx_word' id='word_1_131' title='bbox 624 1708 655 1763; x_wconf 90' lang='lat' dir='ltr'><strong>et</strong></span> <span class='ocrx_word' id='word_1_132' title='bbox 677 1709 789 1764; x_wconf 89' lang='lat' dir='ltr'><strong>terram</strong></span> <span class='ocrx_word' id='word_1_133' title='bbox 811 1705 918 1790; x_wconf 81' lang='lat' dir='ltr'><strong>ipsam,</strong></span> <span class='ocrx_word' id='word_1_134' title='bbox 943 1721 1020 1781; x_wconf 90' lang='lat' dir='ltr'><strong>quae</strong></span> <span class='ocrx_word' id='word_1_135' title='bbox 1043 1710 1146 1764; x_wconf 91' lang='lat' dir='ltr'><strong>nostra</strong></span> <span class='ocrx_word' id='word_1_136' title='bbox 1170 1710 1233 1775; x_wconf 92' lang='lat' dir='ltr'><strong>est,</strong></span> <span class='ocrx_word' id='word_1_137' title='bbox 1256 1720 1311 1781; x_wconf 93' lang='lat' dir='ltr'><strong>per</strong></span> 
     </span>
     <span class='ocr_line' id='line_1_16' title="bbox 133 1805 1309 1884; baseline 0.002 -19"><span class='ocrx_word' id='word_1_138' title='bbox 133 1806 194 1866; x_wconf 92' lang='lat' dir='ltr'><strong>vim</strong></span> <span class='ocrx_word' id='word_1_139' title='bbox 223 1812 328 1867; x_wconf 91' lang='lat' dir='ltr'><strong>tenent</strong></span> <span class='ocrx_word' id='word_1_140' title='bbox 357 1809 423 1868; x_wconf 89' lang='lat' dir='ltr'><strong>siue</strong></span> <span class='ocrx_word' id='word_1_141' title='bbox 450 1806 531 1884; x_wconf 88' lang='lat' dir='ltr'><strong>jure.</strong></span> <span class='ocrx_word' id='word_1_142' title='bbox 577 1805 646 1866; x_wconf 90' lang='lat' dir='ltr'><strong>ldeo</strong></span> <span class='ocrx_word' id='word_1_143' title='bbox 679 1807 752 1867; x_wconf 92' lang='lat' dir='ltr'><strong>nibil</strong></span> <span class='ocrx_word' id='word_1_144' title='bbox 783 1807 962 1868; x_wconf 87' lang='lat' dir='ltr'><strong>tenebamur</strong></span> <span class='ocrx_word' id='word_1_145' title='bbox 990 1811 1045 1869; x_wconf 92' lang='lat' dir='ltr'><strong>eis.</strong></span> <span class='ocrx_word' id='word_1_146' title='bbox 1092 1808 1185 1869; x_wconf 89' lang='lat' dir='ltr'><strong>Porro</strong></span> <span class='ocrx_word' id='word_1_147' title='bbox 1209 1806 1309 1867; x_wconf 88' lang='lat' dir='ltr'><strong>llalliu</strong></span> 
     </span>
     <span class='ocr_line' id='line_1_17' title="bbox 132 1901 1309 1991; baseline 0.003 -23"><span class='ocrx_word' id='word_1_148' title='bbox 132 1908 238 1969; x_wconf 91' lang='lat' dir='ltr'><strong>videns</strong></span> <span class='ocrx_word' id='word_1_149' title='bbox 248 1906 303 1990; x_wconf 84' lang='lat' dir='ltr'><strong>(b)</strong></span> <span class='ocrx_word' id='word_1_150' title='bbox 319 1901 375 1971; x_wconf 92' lang='lat' dir='ltr'><strong>nos</strong></span> <span class='ocrx_word' id='word_1_151' title='bbox 387 1911 534 1975; x_wconf 90' lang='lat' dir='ltr'><strong>sollicitos</strong></span> <span class='ocrx_word' id='word_1_152' title='bbox 545 1911 576 1970; x_wconf 92' lang='lat' dir='ltr'><strong>iu</strong></span> <span class='ocrx_word' id='word_1_153' title='bbox 589 1911 788 1973; x_wconf 90' lang='lat' dir='ltr'><strong>absconsione</strong></span> <span class='ocrx_word' id='word_1_154' title='bbox 800 1929 911 1984; x_wconf 89' lang='lat' dir='ltr'><strong>rerum,</strong></span> <span class='ocrx_word' id='word_1_155' title='bbox 929 1913 1082 1974; x_wconf 92' lang='lat' dir='ltr'><strong>consuluit</strong></span> <span class='ocrx_word' id='word_1_156' title='bbox 1094 1912 1174 1991; x_wconf 88' lang='lat' dir='ltr'><strong>quod</strong></span> <span class='ocrx_word' id='word_1_157' title='bbox 1191 1918 1309 1991; x_wconf 92' lang='lat' dir='ltr'><strong>sportas</strong></span> 
     </span>
     <span class='ocr_line' id='line_1_18' title="bbox 135 2009 1309 2095; baseline 0.003 -23"><span class='ocrx_word' id='word_1_158' title='bbox 135 2018 165 2073; x_wconf 90' lang='lat' dir='ltr'><strong>et</strong></span> <span class='ocrx_word' id='word_1_159' title='bbox 188 2030 292 2074; x_wconf 91' lang='lat' dir='ltr'><strong>saccos</strong></span> <span class='ocrx_word' id='word_1_160' title='bbox 316 2017 504 2093; x_wconf 88' lang='lat' dir='ltr'><strong>aperiremus</strong></span> <span class='ocrx_word' id='word_1_161' title='bbox 527 2019 558 2085; x_wconf 84' lang='grc'><strong>01</strong></span> <span class='ocrx_word' id='word_1_162' title='bbox 581 2015 681 2075; x_wconf 89' lang='lat' dir='ltr'><strong>omnia</strong></span> <span class='ocrx_word' id='word_1_163' title='bbox 704 2015 842 2094; x_wconf 86' lang='lat' dir='ltr'><strong>colligata</strong></span> <span class='ocrx_word' id='word_1_164' title='bbox 873 2015 1075 2089; x_wconf 84' lang='lat' dir='ltr'><strong>solveremus,</strong></span> <span class='ocrx_word' id='word_1_165' title='bbox 1107 2009 1181 2095; x_wconf 88' lang='lat' dir='ltr'><strong>quia</strong></span> <span class='ocrx_word' id='word_1_166' title='bbox 1209 2018 1309 2077; x_wconf 89' lang='lat' dir='ltr'><strong>omnia</strong></span> 
     </span>
     <span class='ocr_line' id='line_1_19' title="bbox 131 2114 1307 2183; baseline 0.004 -8"><span class='ocrx_word' id='word_1_167' title='bbox 131 2115 250 2179; x_wconf 87' lang='grc'><strong>10111101</strong></span> <span class='ocrx_word' id='word_1_168' title='bbox 274 2119 418 2179; x_wconf 82' lang='grc'><strong>00001111</strong></span> <span class='ocrx_word' id='word_1_169' title='bbox 441 2124 472 2178; x_wconf 93' lang='grc'><strong>01</strong></span> <span class='ocrx_word' id='word_1_170' title='bbox 495 2114 664 2180; x_wconf 90' lang='lat' dir='ltr'><strong>connodata</strong></span> <span class='ocrx_word' id='word_1_171' title='bbox 688 2120 818 2180; x_wconf 87' lang='lat' dir='ltr'><strong>cultellis</strong></span> <span class='ocrx_word' id='word_1_172' title='bbox 842 2121 1307 2183; x_wconf 78' lang='grc'><strong>0011010110110101010110111·</strong></span> 
     </span>
     <span class='ocr_line' id='line_1_20' title="bbox 132 2212 1309 2302; baseline 0.005 -22"><span class='ocrx_word' id='word_1_173' title='bbox 132 2219 252 2294; x_wconf 84' lang='lat' dir='ltr'><strong>derent3</strong></span> <span class='ocrx_word' id='word_1_174' title='bbox 277 2224 418 2283; x_wconf 90' lang='lat' dir='ltr'><strong>cuicum</strong></span> <span class='ocrx_word' id='word_1_175' title='bbox 441 2221 628 2294; x_wconf 87' lang='lat' dir='ltr'><strong>diceremus,</strong></span> <span class='ocrx_word' id='word_1_176' title='bbox 660 2223 742 2302; x_wconf 89' lang='lat' dir='ltr'><strong>quod</strong></span> <span class='ocrx_word' id='word_1_177' title='bbox 765 2212 897 2284; x_wconf 89' lang='lat' dir='ltr'><strong>litteram</strong></span> <span class='ocrx_word' id='word_1_178' title='bbox 920 2224 1065 2286; x_wconf 84' lang='lat' dir='ltr'><strong>libertatis</strong></span> <span class='ocrx_word' id='word_1_179' title='bbox 1088 2225 1268 2285; x_wconf 86' lang='lat' dir='ltr'><strong>haberemus</strong></span> <span class='ocrx_word' id='word_1_180' title='bbox 1291 2241 1309 2286; x_wconf 93' lang='lat' dir='ltr'><strong>a</strong></span> 
     </span>
     <span class='ocr_line' id='line_1_21' title="bbox 134 2323 1308 2404; baseline 0.002 -20"><span class='ocrx_word' id='word_1_181' title='bbox 134 2341 206 2402; x_wconf 92' lang='lat' dir='ltr'><strong>rege</strong></span> <span class='ocrx_word' id='word_1_182' title='bbox 230 2323 361 2402; x_wconf 79' lang='lat' dir='ltr'><strong>Aegypti</strong></span> <span class='ocrx_word' id='word_1_183' title='bbox 384 2323 533 2399; x_wconf 82' lang='lat' dir='ltr'><strong>Soldano,</strong></span> <span class='ocrx_word' id='word_1_184' title='bbox 567 2325 672 2386; x_wconf 78' lang='lat' dir='ltr'><strong>derisit</strong></span> <span class='ocrx_word' id='word_1_185' title='bbox 694 2344 749 2386; x_wconf 93' lang='lat' dir='ltr'><strong>nos</strong></span> <span class='ocrx_word' id='word_1_186' title='bbox 773 2327 823 2386; x_wconf 91' lang='lat' dir='ltr'><strong>ille</strong></span> <span class='ocrx_word' id='word_1_187' title='bbox 853 2343 984 2404; x_wconf 86' lang='lat' dir='ltr'><strong>nequam</strong></span> <span class='ocrx_word' id='word_1_188' title='bbox 1006 2345 1157 2397; x_wconf 88' lang='lat' dir='ltr'><strong>asserens,</strong></span> <span class='ocrx_word' id='word_1_189' title='bbox 1192 2329 1218 2386; x_wconf 92' lang='lat' dir='ltr'><strong>si</strong></span> <span class='ocrx_word' id='word_1_190' title='bbox 1241 2326 1308 2387; x_wconf 91' lang='lat' dir='ltr'><strong>Sol-</strong></span> 
     </span>
     <span class='ocr_line' id='line_1_22' title="bbox 131 2424 1306 2508; baseline 0.003 -23"><span class='ocrx_word' id='word_1_191' title='bbox 131 2425 226 2485; x_wconf 91' lang='lat' dir='ltr'><strong>danus</strong></span> <span class='ocrx_word' id='word_1_192' title='bbox 250 2424 451 2503; x_wconf 88' lang='lat' dir='ltr'><strong>personaliter</strong></span> <span class='ocrx_word' id='word_1_193' title='bbox 474 2426 610 2500; x_wconf 87' lang='lat' dir='ltr'><strong>adesset,</strong></span> <span class='ocrx_word' id='word_1_194' title='bbox 643 2430 864 2507; x_wconf 87' lang='lat' dir='ltr'><strong>imperscrutati</strong></span> <span class='ocrx_word' id='word_1_195' title='bbox 888 2428 970 2491; x_wconf 91' lang='lat' dir='ltr'><strong>illam</strong></span> <span class='ocrx_word' id='word_1_196' title='bbox 992 2432 1099 2491; x_wconf 90' lang='lat' dir='ltr'><strong>urbem</strong></span> <span class='ocrx_word' id='word_1_197' title='bbox 1122 2448 1181 2490; x_wconf 92' lang='lat' dir='ltr'><strong>non</strong></span> <span class='ocrx_word' id='word_1_198' title='bbox 1207 2431 1306 2508; x_wconf 93' lang='lat' dir='ltr'><strong>ingre-</strong></span> 
     </span>
     <span class='ocr_line' id='line_1_23' title="bbox 132 2529 1307 2611; baseline 0.001 -20"><span class='ocrx_word' id='word_1_199' title='bbox 132 2529 287 2602; x_wconf 89' lang='lat' dir='ltr'><strong>deremur,</strong></span> <span class='ocrx_word' id='word_1_200' title='bbox 310 2531 405 2591; x_wconf 86' lang='lat' dir='ltr'><strong>suasit</strong></span> <span class='ocrx_word' id='word_1_201' title='bbox 420 2531 528 2602; x_wconf 91' lang='lat' dir='ltr'><strong>etiam,</strong></span> <span class='ocrx_word' id='word_1_202' title='bbox 552 2531 687 2592; x_wconf 87' lang='lat' dir='ltr'><strong>litteram</strong></span> <span class='ocrx_word' id='word_1_203' title='bbox 700 2535 802 2611; x_wconf 92' lang='lat' dir='ltr'><strong>potius</strong></span> <span class='ocrx_word' id='word_1_204' title='bbox 818 2533 1045 2608; x_wconf 89' lang='lat' dir='ltr'><strong>occultandam,</strong></span> <span class='ocrx_word' id='word_1_205' title='bbox 1068 2553 1106 2596; x_wconf 92' lang='lat' dir='ltr'><strong>ne</strong></span> <span class='ocrx_word' id='word_1_206' title='bbox 1123 2540 1307 2595; x_wconf 87' lang='lat' dir='ltr'><strong>scrutatores</strong></span> 
     </span>
     <span class='ocr_line' id='line_1_24' title="bbox 132 2617 1306 2715; baseline 0 -19"><span class='ocrx_word' id='word_1_207' title='bbox 132 2617 315 2713; x_wconf 24' lang='lat' dir='ltr'><strong>ampliorem*</strong></span> <span class='ocrx_word' id='word_1_208' title='bbox 333 2640 489 2694; x_wconf 87' lang='lat' dir='ltr'><strong>sumerent</strong></span> <span class='ocrx_word' id='word_1_209' title='bbox 511 2636 702 2696; x_wconf 83' lang='lat' dir='ltr'><strong>occasionem</strong></span> <span class='ocrx_word' id='word_1_210' title='bbox 725 2639 859 2698; x_wconf 91' lang='lat' dir='ltr'><strong>exactius</strong></span> <span class='ocrx_word' id='word_1_211' title='bbox 883 2638 1032 2699; x_wconf 86' lang='lat' dir='ltr'><strong>visitandi.</strong></span> <span class='ocrx_word' id='word_1_212' title='bbox 1065 2638 1217 2700; x_wconf 90' lang='lat' dir='ltr'><strong>Solvimus</strong></span> <span class='ocrx_word' id='word_1_213' title='bbox 1234 2654 1306 2715; x_wconf 88' lang='lat' dir='ltr'><strong>ergo</strong></span> 
     </span>
     <span class='ocr_line' id='line_1_25' title="bbox 131 2737 1307 2820; baseline 0.003 -21"><span class='ocrx_word' id='word_1_214' title='bbox 131 2740 232 2800; x_wconf 91' lang='lat' dir='ltr'><strong>omnia</strong></span> <span class='ocrx_word' id='word_1_215' title='bbox 253 2737 366 2815; x_wconf 92' lang='lat' dir='ltr'><strong>illigata</strong></span> <span class='ocrx_word' id='word_1_216' title='bbox 389 2742 419 2798; x_wconf 96' lang='grc'><strong>01</strong></span> <span class='ocrx_word' id='word_1_217' title='bbox 441 2740 471 2798; x_wconf 93' lang='lat' dir='ltr'><strong>in</strong></span> <span class='ocrx_word' id='word_1_218' title='bbox 495 2738 596 2799; x_wconf 91' lang='lat' dir='ltr'><strong>lucem</strong></span> <span class='ocrx_word' id='word_1_219' title='bbox 619 2738 796 2801; x_wconf 90' lang='lat' dir='ltr'><strong>deduximus</strong></span> <span class='ocrx_word' id='word_1_220' title='bbox 831 2742 964 2820; x_wconf 86' lang='lat' dir='ltr'><strong>singula,</strong></span> <span class='ocrx_word' id='word_1_221' title='bbox 994 2749 1029 2804; x_wconf 92' lang='lat' dir='ltr'><strong>ut</strong></span> <span class='ocrx_word' id='word_1_222' title='bbox 1059 2744 1148 2803; x_wconf 88' lang='lat' dir='ltr'><strong>citius‘</strong></span> <span class='ocrx_word' id='word_1_223' title='bbox 1181 2746 1211 2802; x_wconf 94' lang='lat' dir='ltr'><strong>et</strong></span> <span class='ocrx_word' id='word_1_224' title='bbox 1242 2743 1307 2802; x_wconf 93' lang='lat' dir='ltr'><strong>sine</strong></span> 
     </span>
     <span class='ocr_line' id='line_1_26' title="bbox 130 2842 1306 2925; baseline -0.001 -20"><span class='ocrx_word' id='word_1_225' title='bbox 130 2842 352 2905; x_wconf 83' lang='lat' dir='ltr'><strong>difficultatibus</strong></span> <span class='ocrx_word' id='word_1_226' title='bbox 374 2844 575 2920; x_wconf 90' lang='lat' dir='ltr'><strong>perscrutatio</strong></span> <span class='ocrx_word' id='word_1_227' title='bbox 598 2844 700 2917; x_wconf 88' lang='grc'><strong>110101,</strong></span> <span class='ocrx_word' id='word_1_228' title='bbox 725 2844 833 2906; x_wconf 89' lang='lat' dir='ltr'><strong>demtis</strong></span> <span class='ocrx_word' id='word_1_229' title='bbox 851 2845 997 2907; x_wconf 87' lang='lat' dir='ltr'><strong>clenodiis</strong></span> <span class='ocrx_word' id='word_1_230' title='bbox 1013 2852 1043 2907; x_wconf 91' lang='grc'><strong>01</strong></span> <span class='ocrx_word' id='word_1_231' title='bbox 1058 2847 1204 2925; x_wconf 88' lang='lat' dir='ltr'><strong>pecuniis,</strong></span> <span class='ocrx_word' id='word_1_232' title='bbox 1229 2861 1306 2922; x_wconf 88' lang='lat' dir='ltr'><strong>quae</strong></span> 
     </span>
     <span class='ocr_line' id='line_1_27' title="bbox 131 2943 1305 3012; baseline 0.001 -5"><span class='ocrx_word' id='word_1_233' title='bbox 131 2946 304 3007; x_wconf 88' lang='lat' dir='ltr'><strong>celavimus.</strong></span> <span class='ocrx_word' id='word_1_234' title='bbox 349 2943 415 3007; x_wconf 84' lang='lat' dir='ltr'><strong>lam</strong></span> <span class='ocrx_word' id='word_1_235' title='bbox 439 2953 540 3007; x_wconf 87' lang='lat' dir='ltr'><strong>autem</strong></span> <span class='ocrx_word' id='word_1_236' title='bbox 563 2948 608 3008; x_wconf 93' lang='lat' dir='ltr'><strong>sol</strong></span> <span class='ocrx_word' id='word_1_237' title='bbox 631 2948 746 3010; x_wconf 87' lang='lat' dir='ltr'><strong>dudum</strong></span> <span class='ocrx_word' id='word_1_238' title='bbox 767 2957 851 3011; x_wconf 88' lang='lat' dir='ltr'><strong>ortus</strong></span> <span class='ocrx_word' id='word_1_239' title='bbox 868 2949 969 3012; x_wconf 87' lang='lat' dir='ltr'><strong>iuerat</strong></span> <span class='ocrx_word' id='word_1_240' title='bbox 984 2957 1014 3012; x_wconf 92' lang='lat' dir='ltr'><strong>et</strong></span> <span class='ocrx_word' id='word_1_241' title='bbox 1030 2949 1142 3011; x_wconf 94' lang='lat' dir='ltr'><strong>multus</strong></span> <span class='ocrx_word' id='word_1_242' title='bbox 1159 2947 1305 3009; x_wconf 90' lang='lat' dir='ltr'><strong>tumultus</strong></span> 
     </span>
     <span class='ocr_line' id='line_1_28' title="bbox 131 3049 1306 3133; baseline -0.001 -21"><span class='ocrx_word' id='word_1_243' title='bbox 131 3057 161 3112; x_wconf 90' lang='grc'><strong>01</strong></span> <span class='ocrx_word' id='word_1_244' title='bbox 185 3049 298 3112; x_wconf 92' lang='lat' dir='ltr'><strong>clamor</strong></span> <span class='ocrx_word' id='word_1_245' title='bbox 321 3056 385 3111; x_wconf 89' lang='lat' dir='ltr'><strong>erat</strong></span> <span class='ocrx_word' id='word_1_246' title='bbox 416 3056 486 3111; x_wconf 91' lang='lat' dir='ltr'><strong>aute</strong></span> <span class='ocrx_word' id='word_1_247' title='bbox 520 3053 699 3112; x_wconf 89' lang='lat' dir='ltr'><strong>exteriorem</strong></span> <span class='ocrx_word' id='word_1_248' title='bbox 729 3059 847 3131; x_wconf 92' lang='lat' dir='ltr'><strong>portam</strong></span> <span class='ocrx_word' id='word_1_249' title='bbox 879 3056 1064 3133; x_wconf 82' lang='lat' dir='ltr'><strong>cupientium</strong></span> <span class='ocrx_word' id='word_1_250' title='bbox 1093 3055 1204 3114; x_wconf 89' lang='lat' dir='ltr'><strong>intrare</strong></span> <span class='ocrx_word' id='word_1_251' title='bbox 1236 3070 1306 3112; x_wconf 90' lang='lat' dir='ltr'><strong>eum</strong></span> 
     </span>
     <span class='ocr_line' id='line_1_29' title="bbox 130 3155 1304 3236; baseline 0.001 -21"><span class='ocrx_word' id='word_1_252' title='bbox 130 3158 260 3216; x_wconf 90' lang='lat' dir='ltr'><strong>oneratis</strong></span> <span class='ocrx_word' id='word_1_253' title='bbox 291 3155 430 3226; x_wconf 90' lang='lat' dir='ltr'><strong>camelis;</strong></span> <span class='ocrx_word' id='word_1_254' title='bbox 463 3155 586 3216; x_wconf 88' lang='lat' dir='ltr'><strong>tandem</strong></span> <span class='ocrx_word' id='word_1_255' title='bbox 618 3163 719 3217; x_wconf 90' lang='lat' dir='ltr'><strong>autem</strong></span> <span class='ocrx_word' id='word_1_256' title='bbox 746 3165 895 3219; x_wconf 90' lang='lat' dir='ltr'><strong>venerunt</strong></span> <span class='ocrx_word' id='word_1_257' title='bbox 924 3159 1047 3236; x_wconf 91' lang='lat' dir='ltr'><strong>portarii</strong></span> <span class='ocrx_word' id='word_1_258' title='bbox 1076 3174 1145 3216; x_wconf 91' lang='lat' dir='ltr'><strong>cum</strong></span> <span class='ocrx_word' id='word_1_259' title='bbox 1176 3155 1304 3216; x_wconf 90' lang='lat' dir='ltr'><strong>dominis</strong></span> 
     </span>
     <span class='ocr_line' id='line_1_30' title="bbox 129 3257 1304 3323; baseline -0.001 -3"><span class='ocrx_word' id='word_1_260' title='bbox 129 3260 344 3323; x_wconf 90' lang='lat' dir='ltr'><strong>scrutatoribus</strong></span> <span class='ocrx_word' id='word_1_261' title='bbox 366 3257 541 3320; x_wconf 90' lang='lat' dir='ltr'><strong>thelonariis</strong></span> <span class='ocrx_word' id='word_1_262' title='bbox 565 3267 597 3322; x_wconf 88' lang='grc'><strong>01</strong></span> <span class='ocrx_word' id='word_1_263' title='bbox 627 3263 815 3323; x_wconf 82' lang='lat' dir='ltr'><strong>exactoribus</strong></span> <span class='ocrx_word' id='word_1_264' title='bbox 838 3269 870 3323; x_wconf 90' lang='lat' dir='ltr'><strong>et</strong></span> <span class='ocrx_word' id='word_1_265' title='bbox 892 3268 1035 3323; x_wconf 90' lang='lat' dir='ltr'><strong>exeuntes</strong></span> <span class='ocrx_word' id='word_1_266' title='bbox 1061 3261 1097 3322; x_wconf 92' lang='lat' dir='ltr'><strong>ad</strong></span> <span class='ocrx_word' id='word_1_267' title='bbox 1119 3279 1174 3320; x_wconf 91' lang='lat' dir='ltr'><strong>nos</strong></span> <span class='ocrx_word' id='word_1_268' title='bbox 1198 3277 1304 3320; x_wconf 92' lang='lat' dir='ltr'><strong>omnes</strong></span> 
     </span>
     <span class='ocr_line' id='line_1_31' title="bbox 128 3354 1303 3444; baseline -0.001 -20"><span class='ocrx_word' id='word_1_269' title='bbox 128 3381 177 3424; x_wconf 89' lang='lat' dir='ltr'><strong>res</strong></span> <span class='ocrx_word' id='word_1_270' title='bbox 199 3368 317 3423; x_wconf 92' lang='lat' dir='ltr'><strong>nostras</strong></span> <span class='ocrx_word' id='word_1_271' title='bbox 342 3360 379 3421; x_wconf 92' lang='lat' dir='ltr'><strong>de</strong></span> <span class='ocrx_word' id='word_1_272' title='bbox 402 3363 449 3423; x_wconf 91' lang='lat' dir='ltr'><strong>via</strong></span> <span class='ocrx_word' id='word_1_273' title='bbox 472 3360 638 3439; x_wconf 84' lang='lat' dir='ltr'><strong>ejecerunt</strong></span> <span class='ocrx_word' id='word_1_274' title='bbox 652 3371 682 3425; x_wconf 92' lang='grc'><strong>01</strong></span> <span class='ocrx_word' id='word_1_275' title='bbox 705 3366 837 3426; x_wconf 91' lang='lat' dir='ltr'><strong>camelos</strong></span> <span class='ocrx_word' id='word_1_276' title='bbox 861 3373 928 3427; x_wconf 90' lang='lat' dir='ltr'><strong>ante</strong></span> <span class='ocrx_word' id='word_1_277' title='bbox 946 3371 1064 3444; x_wconf 89' lang='lat' dir='ltr'><strong>portam</strong></span> <span class='ocrx_word' id='word_1_278' title='bbox 1079 3370 1193 3425; x_wconf 87' lang='lat' dir='ltr'><strong>stantes</strong></span> <span class='ocrx_word' id='word_1_279' title='bbox 1210 3354 1303 3424; x_wconf 91' lang='lat' dir='ltr'><strong>intro·</strong></span> 
     </span>
     <span class='ocr_line' id='line_1_32' title="bbox 127 3463 1304 3547; baseline -0.002 -19"><span class='ocrx_word' id='word_1_280' title='bbox 127 3469 290 3539; x_wconf 91' lang='lat' dir='ltr'><strong>miserunt,</strong></span> <span class='ocrx_word' id='word_1_281' title='bbox 314 3463 448 3543; x_wconf 90' lang='lat' dir='ltr'><strong>singulos</strong></span> <span class='ocrx_word' id='word_1_282' title='bbox 477 3472 578 3527; x_wconf 92' lang='lat' dir='ltr'><strong>autem</strong></span> <span class='ocrx_word' id='word_1_283' title='bbox 601 3469 734 3529; x_wconf 89' lang='lat' dir='ltr'><strong>camelos</strong></span> <span class='ocrx_word' id='word_1_284' title='bbox 758 3475 985 3547; x_wconf 88' lang='lat' dir='ltr'><strong>prostraverunt</strong></span> <span class='ocrx_word' id='word_1_285' title='bbox 1009 3473 1039 3528; x_wconf 91' lang='grc'><strong>01</strong></span> <span class='ocrx_word' id='word_1_286' title='bbox 1063 3466 1189 3544; x_wconf 91' lang='lat' dir='ltr'><strong>dejectis</strong></span> <span class='ocrx_word' id='word_1_287' title='bbox 1207 3467 1304 3527; x_wconf 87' lang='lat' dir='ltr'><strong>saccis</strong></span> 
     </span>
     <span class='ocr_line' id='line_1_33' title="bbox 128 3570 1304 3650; baseline -0.002 -18"><span class='ocrx_word' id='word_1_288' title='bbox 128 3573 228 3633; x_wconf 93' lang='lat' dir='ltr'><strong>omnia</strong></span> <span class='ocrx_word' id='word_1_289' title='bbox 252 3570 517 3650; x_wconf 88' lang='lat' dir='ltr'><strong>perscrutabantur</strong></span> <span class='ocrx_word' id='word_1_290' title='bbox 539 3577 570 3632; x_wconf 92' lang='grc'><strong>01</strong></span> <span class='ocrx_word' id='word_1_291' title='bbox 592 3574 675 3650; x_wconf 91' lang='lat' dir='ltr'><strong>ipsos</strong></span> <span class='ocrx_word' id='word_1_292' title='bbox 699 3573 875 3634; x_wconf 88' lang='lat' dir='ltr'><strong>camelarios</strong></span> <span class='ocrx_word' id='word_1_293' title='bbox 901 3572 938 3633; x_wconf 93' lang='lat' dir='ltr'><strong>de</strong></span> <span class='ocrx_word' id='word_1_294' title='bbox 963 3573 1022 3632; x_wconf 88' lang='lat' dir='ltr'><strong>ritu</strong></span> <span class='ocrx_word' id='word_1_295' title='bbox 1045 3589 1168 3643; x_wconf 92' lang='lat' dir='ltr'><strong>eorum,</strong></span> <span class='ocrx_word' id='word_1_296' title='bbox 1201 3571 1304 3631; x_wconf 91' lang='lat' dir='ltr'><strong>Sarra-</strong></span> 
     </span>
     <span class='ocr_line' id='line_1_34' title="bbox 128 3671 1303 3752; baseline -0.003 -15"><span class='ocrx_word' id='word_1_297' title='bbox 128 3693 240 3747; x_wconf 87' lang='lat' dir='ltr'><strong>cenos,</strong></span> <span class='ocrx_word' id='word_1_298' title='bbox 270 3672 450 3752; x_wconf 80' lang='lat' dir='ltr'><strong>Aegyptios,</strong></span> <span class='ocrx_word' id='word_1_299' title='bbox 482 3671 605 3735; x_wconf 88' lang='lat' dir='ltr'><strong>Mauros</strong></span> <span class='ocrx_word' id='word_1_300' title='bbox 637 3676 723 3736; x_wconf 94' lang='lat' dir='ltr'><strong>nobis</strong></span> <span class='ocrx_word' id='word_1_301' title='bbox 756 3675 924 3750; x_wconf 87' lang='lat' dir='ltr'><strong>videntibus</strong></span> <span class='ocrx_word' id='word_1_302' title='bbox 948 3674 1136 3737; x_wconf 85' lang='lat' dir='ltr'><strong>nudaverunt</strong></span> <span class='ocrx_word' id='word_1_303' title='bbox 1158 3680 1189 3734; x_wconf 92' lang='lat' dir='ltr'><strong>et</strong></span> <span class='ocrx_word' id='word_1_304' title='bbox 1211 3691 1303 3752; x_wconf 86' lang='lat' dir='ltr'><strong>quae·</strong></span> 
     </span>
     <span class='ocr_line' id='line_1_35' title="bbox 127 3776 1304 3855; baseline -0.002 -15"><span class='ocrx_word' id='word_1_305' title='bbox 127 3782 270 3850; x_wconf 86' lang='lat' dir='ltr'><strong>siverunt,</strong></span> <span class='ocrx_word' id='word_1_306' title='bbox 294 3795 332 3838; x_wconf 91' lang='lat' dir='ltr'><strong>au</strong></span> <span class='ocrx_word' id='word_1_307' title='bbox 355 3776 465 3855; x_wconf 87' lang='lat' dir='ltr'><strong>aliquid</strong></span> <span class='ocrx_word' id='word_1_308' title='bbox 490 3778 607 3838; x_wconf 90' lang='lat' dir='ltr'><strong>occulte</strong></span> <span class='ocrx_word' id='word_1_309' title='bbox 624 3779 795 3842; x_wconf 82' lang='lat' dir='ltr'><strong>inferretur.</strong></span> <span class='ocrx_word' id='word_1_310' title='bbox 827 3779 919 3840; x_wconf 81' lang='lat' dir='ltr'><strong>lirant</strong></span> <span class='ocrx_word' id='word_1_311' title='bbox 934 3785 1035 3839; x_wconf 91' lang='lat' dir='ltr'><strong>autem</strong></span> <span class='ocrx_word' id='word_1_312' title='bbox 1050 3779 1128 3839; x_wconf 92' lang='lat' dir='ltr'><strong>ultra</strong></span> <span class='ocrx_word' id='word_1_313' title='bbox 1142 3779 1304 3855; x_wconf 85' lang='lat' dir='ltr'><strong>nonaginta</strong></span> 
     </span>
     <span class='ocr_line' id='line_1_36' title="bbox 127 3879 1302 3961; baseline -0.002 -17"><span class='ocrx_word' id='word_1_314' title='bbox 127 3884 236 3944; x_wconf 90' lang='lat' dir='ltr'><strong>cameli</strong></span> <span class='ocrx_word' id='word_1_315' title='bbox 259 3887 290 3942; x_wconf 90' lang='lat' dir='ltr'><strong>et</strong></span> <span class='ocrx_word' id='word_1_316' title='bbox 313 3879 441 3940; x_wconf 91' lang='lat' dir='ltr'><strong>multum</strong></span> <span class='ocrx_word' id='word_1_317' title='bbox 464 3885 609 3959; x_wconf 89' lang='lat' dir='ltr'><strong>temporis</strong></span> <span class='ocrx_word' id='word_1_318' title='bbox 632 3886 784 3957; x_wconf 91' lang='lat' dir='ltr'><strong>transivit,</strong></span> <span class='ocrx_word' id='word_1_319' title='bbox 810 3889 971 3961; x_wconf 88' lang='lat' dir='ltr'><strong>antequam</strong></span> <span class='ocrx_word' id='word_1_320' title='bbox 993 3884 1094 3943; x_wconf 91' lang='lat' dir='ltr'><strong>omnia</strong></span> <span class='ocrx_word' id='word_1_321' title='bbox 1116 3888 1203 3943; x_wconf 87' lang='lat' dir='ltr'><strong>erant</strong></span> <span class='ocrx_word' id='word_1_322' title='bbox 1218 3899 1302 3942; x_wconf 57' lang='lat' dir='ltr'><strong>sorus</strong></span> 
     </span>
     <span class='ocr_line' id='line_1_37' title="bbox 126 3984 1302 4057; baseline -0.003 -10"><span class='ocrx_word' id='word_1_323' title='bbox 126 3992 197 4048; x_wconf 90' lang='lat' dir='ltr'><strong>tata.</strong></span> <span class='ocrx_word' id='word_1_324' title='bbox 242 3986 375 4048; x_wconf 80' lang='lat' dir='ltr'><strong>Domum</strong></span> <span class='ocrx_word' id='word_1_325' title='bbox 397 3986 479 4047; x_wconf 88' lang='lat' dir='ltr'><strong>venit</strong></span> <span class='ocrx_word' id='word_1_326' title='bbox 501 3984 548 4046; x_wconf 55' lang='lat' dir='ltr'><strong>ad*</strong></span> <span class='ocrx_word' id='word_1_327' title='bbox 561 4004 616 4047; x_wconf 91' lang='lat' dir='ltr'><strong>nos</strong></span> <span class='ocrx_word' id='word_1_328' title='bbox 641 3985 931 4049; x_wconf 85' lang='lat' dir='ltr'><strong>Trutscbelmannus</strong></span> <span class='ocrx_word' id='word_1_329' title='bbox 947 3986 1181 4057; x_wconf 82' lang='lat' dir='ltr'><strong>Alexandrinus,</strong></span> <span class='ocrx_word' id='word_1_330' title='bbox 1205 3984 1302 4045; x_wconf 91' lang='lat' dir='ltr'><strong>dictus</strong></span> 
     </span>
     <span class='ocr_line' id='line_1_38' title="bbox 128 4088 1301 4170; baseline 0 -20"><span class='ocrx_word' id='word_1_331' title='bbox 128 4089 328 4162; x_wconf 70' lang='lat' dir='ltr'><strong>schambach,</strong></span> <span class='ocrx_word' id='word_1_332' title='bbox 352 4089 397 4151; x_wconf 92' lang='lat' dir='ltr'><strong>vir</strong></span> <span class='ocrx_word' id='word_1_333' title='bbox 418 4092 602 4168; x_wconf 86' lang='lat' dir='ltr'><strong>personatus</strong></span> <span class='ocrx_word' id='word_1_334' title='bbox 624 4095 653 4152; x_wconf 89' lang='grc'><strong>01</strong></span> <span class='ocrx_word' id='word_1_335' title='bbox 676 4093 778 4170; x_wconf 88' lang='lat' dir='ltr'><strong>niger,</strong></span> <span class='ocrx_word' id='word_1_336' title='bbox 803 4092 961 4163; x_wconf 89' lang='lat' dir='ltr'><strong>robustus,</strong></span> <span class='ocrx_word' id='word_1_337' title='bbox 992 4107 1132 4168; x_wconf 90' lang='lat' dir='ltr'><strong>magnus,</strong></span> <span class='ocrx_word' id='word_1_338' title='bbox 1163 4095 1196 4150; x_wconf 92' lang='lat' dir='ltr'><strong>ut</strong></span> <span class='ocrx_word' id='word_1_339' title='bbox 1218 4088 1301 4151; x_wconf 90' lang='lat' dir='ltr'><strong>vide-</strong></span> 
     </span>
     <span class='ocr_line' id='line_1_39' title="bbox 125 4189 1301 4274; baseline 0 -20"><span class='ocrx_word' id='word_1_340' title='bbox 125 4192 214 4258; x_wconf 83' lang='lat' dir='ltr'><strong>bator</strong></span> <span class='ocrx_word' id='word_1_341' title='bbox 231 4192 399 4268; x_wconf 83' lang='lat' dir='ltr'><strong>&#39;colericus,</strong></span> <span class='ocrx_word' id='word_1_342' title='bbox 422 4199 531 4274; x_wconf 89' lang='lat' dir='ltr'><strong>potens</strong></span> <span class='ocrx_word' id='word_1_343' title='bbox 553 4189 775 4268; x_wconf 88' lang='lat' dir='ltr'><strong>Mamaluccus,</strong></span> <span class='ocrx_word' id='word_1_344' title='bbox 798 4193 936 4258; x_wconf 89' lang='lat' dir='ltr'><strong>italicum</strong></span> <span class='ocrx_word' id='word_1_345' title='bbox 953 4196 1068 4274; x_wconf 87' lang='lat' dir='ltr'><strong>optimo</strong></span> <span class='ocrx_word' id='word_1_346' title='bbox 1085 4195 1184 4255; x_wconf 86' lang='lat' dir='ltr'><strong>sciens</strong></span> <span class='ocrx_word' id='word_1_347' title='bbox 1208 4193 1301 4272; x_wconf 88' lang='lat' dir='ltr'><strong>loqui,</strong></span> 
     </span>
    </p>

    <p class='ocr_par' dir='ltr' id='par_1_4' title="bbox 1032 4308 1093 4365">
     <span class='ocr_line' id='line_1_40' title="bbox 1032 4308 1093 4365; baseline 0.033 -2"><span class='ocrx_word' id='word_1_348' title='bbox 1032 4308 1093 4365; x_wconf 70' lang='lat'><strong>10*</strong></span> 
     </span>
    </p>
   </div>
   <div class='ocr_carea' id='block_1_3' title="bbox 0 0 1442 4770">
    <p class='ocr_par' dir='ltr' id='par_1_5' title="bbox 0 0 1442 4770">
     <span class='ocr_line' id='line_1_41' title="bbox 0 0 1442 4770; baseline 0 3"><span class='ocrx_word' id='word_1_349' title='bbox 0 0 1442 4770; x_wconf 95' lang='lat' dir='ltr'><strong> </strong></span> 
     </span>
    </p>
   </div>
  </div>
 </body>
</html>
