2874 4770
611 151 673 219 177

52 327 184 408 desuper
204 328 287 406 jacta
311 327 507 389 fundamenta
529 346 590 389 non
604 328 803 400 lubricabant,
826 336 856 390 ct
872 331 1023 408 quomodo
1039 339 1230 393 caementum

53 434 110 493 sub
134 449 210 510 aqna
232 438 339 493 tenere
362 437 497 510 poterat,
523 438 553 492 et
576 431 656 511 quod
680 440 760 492 tanta
785 434 881 494 moles
904 437 1013 496 vitrum
1033 454 1094 496 non
1119 438 1229 496 contri·

55 537 109 596 vit.
154 533 198 594 Ab
221 535 277 596 hac
304 537 380 595 turri
409 534 523 595 Pharos
547 553 635 613 reges
667 533 797 615 Aegypti
819 537 990 599 Pharaones
1023 547 1093 601 sunt
1121 542 1229 610 vocati,

53 640 117 697 imo
145 643 209 698 tota
237 636 393 717 Aegyptus
425 638 604 717 quandoque
628 637 764 700 Pharaon
797 643 832 701 ab
863 661 899 703 ea
928 645 1107 704 nominatur.
1154 643 1230 703 Cum

55 748 158 803 autem
180 760 328 804 successu
355 745 501 820 temporis
529 745 621 804 turris
645 744 824 816 cecidisset,
858 749 941 807 uenit
963 746 1058 808 Julius
1080 747 1229 808 Alexand-

54 847 131 908 riam
164 851 272 908 contra
296 843 476 925 Pompejum
507 854 538 908 et
569 866 606 908 eo
631 847 800 927 decapitato
824 849 916 921 hanc,
948 868 1025 929 quae
1048 850 1138 912 hodie
1163 858 1230 922 stat,

55 956 239 1011 structuram
261 951 294 1010 in
317 968 353 1011 eo
376 951 443 1011 loco
467 951 504 1014 de
528 953 604 1012 mari
625 953 735 1023 erexit,
758 959 792 1012 ut
815 960 919 1014 essent
935 953 995 1015 duo
1011 957 1100 1015 maris
1117 963 1231 1034 portus.

54 1052 108 1114 isti
131 1061 234 1114 aulem
257 1053 318 1114 duo
342 1056 432 1116 maris
446 1062 551 1134 portus
567 1061 647 1115 stant
663 1073 787 1134 semper
801 1057 882 1134 pleni
903 1058 1028 1118 navibus
1052 1057 1090 1119 de
1107 1058 1232 1119 Oriente

55 1164 88 1218 et
111 1157 279 1219 Occidente
303 1157 547 1232 advenientibus,
571 1178 640 1221 nam
667 1158 704 1220 de
727 1161 934 1239 superioribus
948 1159 1078 1242 Aegypti
1100 1164 1235 1241 partibus

54 1281 111 1342 per
134 1261 250 1325 iluenta
272 1263 332 1323 Nib
361 1264 497 1323 omnium
525 1263 736 1323 alimentorum
767 1265 894 1342 suscipit
917 1263 1085 1325 ubertatem
1107 1265 1234 1326 Alexan·

55 1365 119 1428 dria
145 1374 179 1428 et
211 1367 250 1428 de
274 1367 458 1444 regionibus·
472 1367 679 1442 transmarinis
702 1369 822 1444 navigio
845 1370 944 1428 omnis
971 1370 1125 1449 opulentia
1148 1371 1234 1430 mini-

57 1478 176 1534 stratur.
207 1471 316 1545 Adhuc
331 1489 366 1533 er
382 1479 510 1549 utraque
527 1470 619 1543 India,
635 1470 722 1542 Saba,
741 1471 850 1532 Arabia
868 1479 899 1533 et
916 1470 1084 1551 Aethiopia,
1100 1472 1235 1544 Perside,

56 1571 157 1636 Media
187 1581 219 1636 et
250 1575 317 1636 aliis
347 1574 553 1652 adjacentibus
586 1577 747 1653 provinciis
777 1575 924 1654 quidquid
949 1572 1004 1656 (b)
1027 1579 1234 1648 aromaticum,

59 1672 304 1756 margaritarum,
333 1697 522 1757 gemmarum
552 1685 583 1739 et
606 1677 796 1739 orientalium
828 1697 969 1757 gazarum
999 1688 1029 1742 et
1060 1683 1235 1761 peregrina·

60 1801 128 1843 rum
150 1785 315 1856 mercium,
338 1784 446 1863 quibus
467 1790 573 1844 noster
587 1781 703 1860 indiget
719 1782 813 1855 orbis,
836 1801 891 1861 per
907 1803 990 1846 mare
1007 1786 1138 1857 rubrum,
1155 1784 1234 1846 unde

59 1887 199 1964 gentibus
221 1886 280 1948 illis
304 1887 340 1948 ad
359 1906 415 1948 nos
431 1889 490 1947 iter
512 1893 575 1957 est,
600 1884 636 1945 ad
661 1903 729 1946 eam
750 1888 866 1958 urbem,
885 1906 962 1966 quae
981 1890 1012 1949 in
1029 1890 1233 1970 superioribus

56 1989 188 2069 Aegypti
210 1992 361 2070 partibus,
386 2009 463 2070 quae
485 1989 608 2052 Ardech
632 1988 758 2062 dicitur,
784 1991 856 2050 alias
880 1989 978 2065 Thor,
1002 2012 1079 2072 quae
1108 1995 1140 2053 in
1170 1995 1235 2071 ripa

58 2093 199 2172 ejusdem
221 2097 314 2158 maris
338 2097 410 2169 sita,
444 2095 579 2156 defertur
610 2101 642 2155 et
663 2093 735 2154 inde
757 2095 788 2152 in
812 2095 937 2156 camelis
959 2095 997 2156 ad
1021 2098 1123 2159 Nilum
1145 2096 1234 2157 ducta

56 2222 113 2282 per
136 2202 263 2264 fluvium
285 2204 319 2263 in
332 2201 543 2275 Alexandriam
557 2202 724 2263 descendit.
749 2201 800 2261 Sic
824 2221 895 2281 ergo
920 2203 1111 2264 orientalium
1132 2209 1162 2263 et
1182 2219 1234 2262 oc·

62 2305 263 2366 cidentalium
285 2297 348 2365 illic
380 2306 413 2366 iit
436 2324 601 2367 concursus
621 2306 819 2384 populorum,
852 2313 959 2386 estque
993 2307 1100 2369 eadem
1132 2307 1236 2368 civitas

62 2411 166 2471 iorum
186 2409 342 2488 publicum
363 2409 533 2487 utrobique·
547 2406 687 2488 (utrique)
711 2410 784 2471 orbi.
816 2409 930 2470 Orbem
953 2413 1036 2472 enim
1051 2416 1236 2471 mercatores

63 2518 109 2577 sio
133 2517 316 2578 diviserunt:
349 2532 454 2576 omnes
485 2514 686 2576 occidentales
717 2515 756 2576 de
784 2518 1021 2577 transmontanis
1043 2514 1178 2595 partibus
1201 2511 1237 2572 ab

64 2638 182 2682 oceano
205 2618 377 2682 Britannico
400 2626 431 2680 et
453 2638 573 2686 sursum
595 2621 787 2698 negotiantur
807 2623 838 2681 in
855 2619 971 2682 ltaliam
993 2637 1092 2698 usque
1116 2617 1152 2681 ad
1169 2635 1236 2678 oras

61 2727 153 2785 maris
177 2725 389 2789 mediterranei
411 2731 442 2787 et
462 2723 610 2796 Januam,
634 2725 777 2787 Venetias
806 2731 837 2785 et
860 2722 898 2787 ad
920 2727 978 2787 alia
999 2725 1083 2797 loca,
1121 2729 1152 2783 et
1174 2741 1237 2783 non

60 2832 139 2893 ultra
161 2831 340 2911 procedunt.
372 2831 466 2893 ltalici
483 2849 556 2892 vero
578 2830 679 2908 ipsum
701 2847 785 2891 mare
803 2828 1060 2890 mediterraneum
1083 2826 1235 2905 complec-

59 2942 166 2997 tuntur
198 2943 229 2997 et
258 2939 451 3015 negotiantur
479 2954 536 3015 per
568 2932 635 3012 ejus
663 2935 780 2995 insulas
812 2941 845 2995 et
877 2932 914 2995 ad
946 2931 1237 3010 Constantinopolim

61 3046 93 3100 et
116 3039 153 3101 ad
177 3046 313 3102 caeteras
336 3043 502 3103 maritimas
526 3038 667 3118 regiones
681 3039 833 3117 Europae,
856 3037 962 3112 Asiae,
995 3044 1026 3099 et
1043 3037 1163 3099 Airicae
1185 3053 1235 3095 us·

62 3162 123 3223 que
148 3144 185 3205 ad
208 3147 301 3207 alium
328 3149 419 3207 maris
441 3144 586 3215 limbum,
611 3161 701 3222 quem
723 3143 893 3222 transgredi
915 3142 1077 3204 mercando
1100 3159 1163 3202 non
1186 3157 1237 3199 au-

61 3247 135 3310 dent
164 3269 222 3310 nec
248 3251 328 3310 ultra
355 3248 524 3329 procedere
555 3253 698 3326 possunt,
729 3253 761 3308 et
788 3254 896 3325 portus
929 3246 1121 3309 transmarini
1143 3244 1238 3321 magis

60 3355 208 3416 nominati
237 3360 308 3415 sunt
337 3353 517 3425 Barutinus,
548 3350 752 3429 Tripolitanus
789 3357 821 3412 et
849 3349 1087 3411 Alexandrinus·
1134 3347 1240 3407 Graeci

60 3475 148 3530 vero,
172 3457 345 3537 Capadoci‚
373 3455 513 3527 Armeni,
536 3455 617 3533 Syri,
647 3454 825 3526 Palaestini,
847 3452 964 3514 Arabes
994 3459 1026 3512 et
1047 3450 1187 3529 Aegyptii
1210 3453 1242 3509 et

60 3559 148 3640 Libyi
171 3563 364 3640 negotiantur
392 3563 428 3623 ab
451 3579 516 3630 ora¹
536 3561 628 3621 maris
658 3577 712 3637 per
740 3575 812 3619 suas
842 3557 1003 3617 latissimas
1026 3557 1167 3634 regiones
1189 3571 1239 3614 us-

63 3685 124 3746 que
154 3669 186 3729 in
207 3666 348 3739 Ardech,
381 3669 445 3731 sive
468 3665 568 3737 Thor,
602 3665 656 3725 sub
684 3670 789 3726 monle
813 3663 909 3734 Sinai,
941 3666 973 3721 et
1004 3660 1045 3719 ibi
1073 3657 1184 3719 tollunt
1206 3655 1241 3716 ab

61 3769 145 3832 indis
162 3773 285 3850 species
298 3772 476 3832 aromaticas
492 3776 524 3830 et
538 3768 653 3830 ducunt
679 3786 733 3830 eos
756 3769 787 3827 in
804 3783 874 3826 suas
889 3767 1039 3844 regiones,
1056 3770 1086 3825 et
1101 3759 1244 3839 Aegyptii

63 3878 278 3940 Alexandriam
298 3875 427 3955 replent.
472 3874 537 3935 lndi
564 3880 662 3934 autem
684 3878 830 3952 quantum
851 3872 901 3932 isti
924 3869 1054 3949 spatium
1069 3875 1169 3928 terrae
1189 3864 1242 3923 ha·

64 3982 157 4043 beant
179 3979 219 4042 ad
241 3978 457 4059 negotiandum
470 3980 653 4057 ignoramus.
685 3975 751 4037 Hoc
769 3981 872 4036 tamen
886 3977 1018 4043 scimus,
1041 3966 1123 4050 quod
1138 3982 1244 4028 omnes

68 4089 160 4147 maris
181 4091 288 4166 portus
312 4086 374 4145 suis
397 4082 600 4155 mercimoniis
623 4080 738 4152 ditant,
760 4079 876 4141 iaciunt
898 4083 1003 4139 autem
1021 4075 1116 4136 finem
1129 4066 1247 4131 lndiani

72 4195 178 4255 contra
200 4187 356 4251 Orientem
377 4193 477 4251 terrae
498 4183 660 4249 habitabili.
691 4181 772 4243 Nam
793 4181 890 4253 serui,
913 4192 992 4257 quos
1015 4172 1168 4252 quondam
1188 4169 1246 4230 rni-
1363 4224 1375 4247 ,

1008 4288 1042 4340 12
