2874 4770
663 241 665 244 .
680 176 743 252 28¹

133 358 266 425 mordet
281 364 333 419 aut
354 354 504 452 unguibus
526 355 654 428 lacerat,
687 359 789 419 statim
806 318 1094 422 reuenoinlectus
1107 359 1251 434 moritur,
1275 377 1310 422 ac

134 464 161 523 si
182 477 284 522 morsu
307 463 458 540 pessimae
479 442 594 522 bestiae
618 461 726 524 luisset
736 462 868 545 laesus-
923 491 937 522 >.

220 562 266 624 Ad
288 565 366 626 banc
388 566 516 626 insulam
539 567 626 626 missi
658 565 778 627 luerunt
801 565 860 628 duo
884 570 983 646 magni
1007 568 1156 649 apostoli,
1188 573 1311 629 sanctus

136 667 271 729 Andreas
295 675 325 729 ιι
348 676 469 730 ιιιιιιιιι
493 669 612 740 Paulus
658 669 795 730 Andreas
828 670 981 748 quidem
972 682 1003 733 ui
1027 672 1170 752 Gytheo,
1168 669 1311 733 castello

137 772 288 842 Cretensi,
318 772 356 833 ad
379 780 498 852 tempus
523 773 719 852 praedicavit,
753 779 783 834 et
806 765 912 852 postea
935 775 966 833 in
988 772 1133 852 achajam
1156 776 1311 852 navigavit,

135 873 255 936 Paullus
279 884 380 937 autern
404 879 434 937 iu
450 876 605 960 Aulapoiam
632 877 828 956 principalem
854 877 961 937 Cretae
988 878 1139 939 civitatem
1160 871 1314 979 ‘processit

137 986 168 1039 ιι
190 978 293 1040 Titum
316 981 429 1042 ibidem
462 983 558 1042 civem
569 980 706 1042 divitem
730 980 767 1041 ad
789 980 880 1042 iidem
906 973 1054 1042 convertit
1078 996 1219 1059 eumque
1232 983 1312 1062 epis

137 1102 246 1163 copum
264 1084 419 1158 ordinavit,
444 1086 481 1147 ad
504 1103 596 1165 quem
612 1094 642 1146 ιι
660 1086 820 1165 epistolam
835 1087 958 1164 scripsit
973 1085 1138 1165 pulchram,
1161 1086 1313 1146 instruens

137 1206 223 1259 eum,
256 1190 409 1268 quomodo
439 1198 578 1271 oporteat
611 1193 787 1269 episcopum
820 1208 889 1251 esse
919 1190 1125 1268 perlectum
1154 1190 1313 1251 Civitatem

136 1295 217 1355 illam
241 1296 395 1358 Aulaciam
419 1299 545 1389 aestimo
568 1315 637 1358 esse
661 1296 822 1368 Candiam,
856 1314 933 1376 quae
955 1296 1045 1357 hodie
1068 1293 1244 1373 metropolis
1268 1299 1315 1355 ιιι
1398 1354 1401 1359 .

137 1398 253 1459 insulae
278 1406 309 1459 et
332 1399 443 1479 major,
466 1403 496 1462 in
521 1419 579 1479 qua
602 1401 736 1479 pluribus
761 1408 830 1461 ante
852 1400 971 1462 diebu·
981 1400 1081 1478 degui
1114 1399 1225 1461 Civitas
1240 1398 1315 1495 lJpec

139 1509 184 1562 est
215 1521 325 1582 magna
355 1511 386 1565 et
408 1505 556 1583 populosa
586 1511 616 1566 et
646 1505 883 1583 negotiatoribus
916 1503 1005 1583 plena
1038 1503 1075 1563 de
1110 1504 1192 1563 omui
1224 1510 1315 1581 genta

140 1610 329 1686 congregatis
354 1606 449 1686 (170
473 1604 527 1683 a).
573 1607 734 1685 Dependet
758 1614 859 1668 autem
890 1605 925 1666 ad
957 1607 1068 1666 clivum
1098 1615 1201 1668 contra
1233 1624 1316 1669 mare

140 1719 247 1789 estque
279 1715 392 1792 optime
425 1715 538 1774 munita
567 1715 740 1785 moenibus,
773 1714 903 1774 turribus
936 1719 966 1773 et
998 1714 1092 1772 muris
1124 1719 1155 1772 ιι
1185 1712 1315 1775 fossatis.

138 1814 273 1875 Ecclesia
298 1817 475 1877 cathedralis
500 1822 547 1876 est
570 1817 698 1878 ecclesia
721 1817 829 1888 latina,
852 1818 882 1878 in
906 1833 963 1894 qua
981 1833 1089 1893 corpus
1114 1815 1145 1876 S.
1162 1815 1231 1887 Titi,
1254 1815 1315 1877 dis·

139 1919 285 2001 cipulIS.
311 1919 411 1991 Pauli,
435 1923 570 2000 episcopi
594 1923 758 1992 civitatis,
775 1922 902 1999 quiescit
927 1938 996 1981 oum
1020 1919 1083 1980 aliis
1107 1920 1255 1997 reliquiis,
1278 1919 1315 1980 de

139 2023 247 2100 quibus
270 2022 348 2084 inira
372 2023 423 2085 iol
451 2022 512 2087 172
536 2023 634 2085 dicam
660 2025 742 2106 (nota
765 2027 864 2086 etiarn
879 2025 918 2086 de
943 2023 1032 2085 alio
1019 2043 1132 2101 Juvene
1156 2024 1224 2089 Tito
1246 2033 1317 2088 nota

140 2124 177 2186 de
201 2127 329 2198 Gaudia,
353 2130 383 2188 in
408 2131 495 2208 epist
522 2129 624 2209 CJrilli
647 2130 748 2210 Episc
772 2127 923 2209 ιιιοιοι).

225 2231 279 2292 Ειι
301 2238 401 2292 ιιιιιιιι
433 2232 562 2292 ιιιιιιίι
586 2232 817 2311 metropolitana
846 2234 1108 2313 archiepiscopum
1131 2234 1246 2294 habeus
1280 2235 1316 2295 ab

141 2336 287 2412 autiqoo‚·
301 2337 395 2395 'etiam
418 2341 555 2412 tempore
579 2336 609 2395 S.
628 2335 797 2414 ieronymi,
819 2342 853 2396 ut
868 2336 995 2396 habetur
1018 2353 1053 2396 ex
1071 2337 1198 2414 epistola
1216 2336 1319 2415 CJrilli

141 2435 183 2497 ad,
200 2437 328 2514 August.
352 2436 590 2517 Hipponensem.
636 2440 672 2498 Et
695 2443 745 2517 qui
769 2459 848 2500 nunc
880 2447 927 2502 est
950 2441 1204 2521 archiepiscopus,
1229 2443 1319 2502 etiam

142 2549 190 2602 ιιι
211 2543 377 2620 patriarcha
400 2544 756 2624 Constantinopolitanus.

229 2645 290 2706 Sub
314 2646 363 2707 illa
387 2650 517 2711 ecclesia
541 2658 609 2711 sunt
626 2638 716 2711 etiam
734 2652 882 2713 ecclesiae
898 2658 928 2713 ιι
944 2651 1119 2714 sacerdotes
1136 2650 1319 2715 Graecorum

143 2753 236 2812 totius
252 2754 384 2825 insulae;
410 2753 498 2825 unde,
524 2754 641 2833 quaudo
670 2756 773 2817 volunt
788 2757 834 2816 vel
852 2773 978 2835 puerum
995 2757 1146 2835 baptizare
1176 2755 1224 2815 vel
1240 2772 1319 2814 mor·

142 2864 228 2918 tuum
250 2858 399 2936 sepelire,
424 2867 544 2940 oportet
567 2879 620 2922 eos
644 2863 872 2924 sacramentalia
897 2864 931 2923 ab
955 2864 1004 2924 illa
1020 2863 1150 2923 ecclesia
1168 2863 1318 2938 accipere.

141 2960 174 3022 lu
210 2961 316 3024 eadem
348 2966 468 3025 civitate
499 2965 607 3026 fratres
643 2969 737 3027 nostri
762 2956 985 3046 praedicatores
1019 2966 1177 3045 pulchrum
1207 2965 1320 3025 habent

143 3074 323 3127 conventum
348 3069 384 3135 ad
406 3071 525 3154 moenia
550 3072 678 3132 civitatis
709 3090 799 3150 supra
830 3091 928 3144 mare,
962 3067 1018 3143 ita,
1053 3070 1134 3150 quod
1161 3062 1222 3131 una
1251 3087 1320 3148 pars

144 3170 287 3231 cellarum
309 3173 433 3251 respicit
457 3190 558 3246 mare,
583 3180 613 3234 et
639 3173 748 3236 fluctus
773 3177 863 3236 maris
885 3177 1035 3236 irruentes
1054 3193 1108 3254 per
1123 3173 1266 3252 scopulos
1290 3178 1321 3232 et

144 3281 247 3336 cautes
270 3276 301 3334 in
324 3292 442 3336 murum
464 3278 647 3355 impingunt,
682 3297 773 3356 quern
805 3286 906 3340 tamen
939 3279 1072 3356 dejicere
1102 3297 1161 3338 non
1185 3283 1320 3355 possunt,

145 3380 214 3457 quia
238 3396 331 3456 super
354 3385 458 3438 cautes
482 3386 529 3440 ιιι
550 3379 707 3453 fundatus,
731 3388 762 3442 et
784 3389 949 3460 antequem·
967 3376 1118 3461 procellae
1135 3398 1254 3440 murum
1276 3385 1320 3439 at·

40 3520 43 3525 -
145 3484 280 3560 tingunt,
304 3482 474 3544 contractus
498 3490 545 3543 est
569 3487 700 3563 impetus
721 3486 753 3544 in
775 3503 867 3563 rupes
883 3485 1034 3557 tremens,
1060 3502 1164 3555 verum
1188 3486 1323 3562 quinon

146 3595 193 3648 est
221 3596 362 3649 assuetus
392 3596 422 3648 et
457 3605 512 3667 per
541 3589 690 3665 fenestras
722 3588 833 3650 fretum
862 3605 1019 3656 accurrere
1043 3589 1140 3659 ridet,
1172 3585 1322 3649 horrescit

146 3691 181 3752 ab
204 3695 339 3771 impetu,
362 3694 471 3752 timens
494 3711 533 3753 ne
558 3710 666 3782 murus·
684 3693 837 3753 obruatur.

234 3799 333 3876 Saepe
367 3799 491 3858 miratus
522 3797 577 3868 lui,
613 3797 764 3876 quomodo
793 3796 900 3858 iratres
930 3799 960 3860 in
988 3797 1047 3859 illis
1080 3798 1163 3859 cellis
1197 3803 1323 3877 possent

147 3905 305 3982 quiescere
329 3909 379 3963 aut
402 3901 524 3963 studere
549 3920 603 3982 per
626 3903 836 3963 contusionem
858 3906 975 3965 sonitus
1000 3906 1090 3964 maris
1114 3910 1145 3964 et
1167 3902 1323 3975 ductuum,

148 4009 216 4086 quia
238 4014 354 4068 tantum
378 4008 449 4068 iacit
472 4026 547 4085 aqua
571 4010 721 4080 sonitum,
745 4008 826 4088 quod
842 4008 933 4071 homo
949 4010 1103 4088 proprium
1128 4012 1249 4068 cantum
1273 4012 1323 4066 aut

148 4129 254 4172 vocem
288 4131 347 4172 uon
380 4111 471 4175 audit.
518 4111 685 4189 Aliquando
718 4131 773 4211 pro
805 4117 949 4205 temporis
983 4110 1195 4175 deductione
1178 4113 1265 4188 Jacui
1293 4111 1323 4170 in

149 4232 235 4276 muro
259 4218 379 4278 mirans
413 4216 565 4279 mirabiles
595 4199 779 4278 elevationes
802 4219 909 4289 maris,
944 4212 975 4278 'et
997 4223 1067 4296 post
1095 4213 1324 4276 admirationem
