<?xml version="1.0" encoding="UTF-8"?>
<!DOCTYPE html PUBLIC "-//W3C//DTD XHTML 1.0 Transitional//EN"
    "http://www.w3.org/TR/xhtml1/DTD/xhtml1-transitional.dtd">
<html xmlns="http://www.w3.org/1999/xhtml" xml:lang="en" lang="en">
 <head>
  <title>
</title>
<meta http-equiv="Content-Type" content="text/html;charset=utf-8" />
  <meta name='ocr-system' content='tesseract 3.04.00' />
  <meta name='ocr-capabilities' content='ocr_page ocr_carea ocr_par ocr_line ocrx_word'/>
</head>
<body>
  <div class='ocr_page' id='page_1' title='image "./fratrisfelicisf00fabrgoog_0136.png"; bbox 0 0 2874 4770; ppageno 0'>
   <div class='ocr_carea' id='block_1_1' title="bbox 692 155 752 225">
    <p class='ocr_par' dir='ltr' id='par_1_1' title="bbox 692 155 752 225">
     <span class='ocr_line' id='line_1_1' title="bbox 692 155 752 225; baseline 0 0"><span class='ocrx_word' id='word_1_1' title='bbox 692 155 752 225; x_wconf 83' lang='lat'><strong>133</strong></span> 
     </span>
    </p>
   </div>
   <div class='ocr_carea' id='block_1_2' title="bbox 129 331 1311 2295">
    <p class='ocr_par' dir='ltr' id='par_1_2' title="bbox 129 331 1311 1764">
     <span class='ocr_line' id='line_1_2' title="bbox 132 331 1311 415; baseline -0.004 -17"><span class='ocrx_word' id='word_1_2' title='bbox 132 333 301 410; x_wconf 73' lang='lat' dir='ltr'>Galilaeae,</span> <span class='ocrx_word' id='word_1_3' title='bbox 336 335 389 415; x_wconf 90' lang='lat' dir='ltr'><strong>qui</strong></span> <span class='ocrx_word' id='word_1_4' title='bbox 419 335 540 414; x_wconf 80' lang='lat' dir='ltr'><strong>piscem</strong></span> <span class='ocrx_word' id='word_1_5' title='bbox 554 331 739 396; x_wconf 80' lang='lat' dir='ltr'><strong>-Coratinum</strong></span> <span class='ocrx_word' id='word_1_6' title='bbox 760 334 870 414; x_wconf 82' lang='lat' dir='ltr'><strong>gignit,</strong></span> <span class='ocrx_word' id='word_1_7' title='bbox 904 334 957 413; x_wconf 92' lang='lat' dir='ltr'><strong>qui</strong></span> <span class='ocrx_word' id='word_1_8' title='bbox 979 349 1130 411; x_wconf 83' lang='lat' dir='ltr'><strong>nusquam</strong></span> <span class='ocrx_word' id='word_1_9' title='bbox 1152 334 1311 411; x_wconf 89' lang='lat' dir='ltr'><strong>reperitur,</strong></span> 
     </span>
     <span class='ocr_line' id='line_1_3' title="bbox 132 435 1308 517; baseline -0.003 -16"><span class='ocrx_word' id='word_1_10' title='bbox 132 441 192 501; x_wconf 92' lang='lat' dir='ltr'><strong>nisi</strong></span> <span class='ocrx_word' id='word_1_11' title='bbox 213 442 245 501; x_wconf 92' lang='lat' dir='ltr'><strong>in</strong></span> <span class='ocrx_word' id='word_1_12' title='bbox 268 458 305 501; x_wconf 91' lang='lat' dir='ltr'><strong>eo</strong></span> <span class='ocrx_word' id='word_1_13' title='bbox 329 444 361 501; x_wconf 88' lang='lat' dir='ltr'><strong>et</strong></span> <span class='ocrx_word' id='word_1_14' title='bbox 383 440 414 499; x_wconf 92' lang='lat' dir='ltr'><strong>in</strong></span> <span class='ocrx_word' id='word_1_15' title='bbox 436 438 519 509; x_wconf 92' lang='lat' dir='ltr'><strong>Nilo,</strong></span> <span class='ocrx_word' id='word_1_16' title='bbox 545 455 654 517; x_wconf 77' lang='lat' dir='ltr'><strong>eiquo</strong></span> <span class='ocrx_word' id='word_1_17' title='bbox 671 443 792 516; x_wconf 89' lang='lat' dir='ltr'><strong>putant,</strong></span> <span class='ocrx_word' id='word_1_18' title='bbox 817 455 888 498; x_wconf 89' lang='lat' dir='ltr'><strong>curn</strong></span> <span class='ocrx_word' id='word_1_19' title='bbox 902 435 1018 497; x_wconf 84' lang='lat' dir='ltr'><strong>iontem</strong></span> <span class='ocrx_word' id='word_1_20' title='bbox 1034 435 1072 497; x_wconf 91' lang='lat' dir='ltr'><strong>de</strong></span> <span class='ocrx_word' id='word_1_21' title='bbox 1087 436 1156 497; x_wconf 94' lang='lat' dir='ltr'><strong>Nilo</strong></span> <span class='ocrx_word' id='word_1_22' title='bbox 1171 438 1308 514; x_wconf 88' lang='lat' dir='ltr'><strong>recipere</strong></span> 
     </span>
     <span class='ocr_line' id='line_1_4' title="bbox 133 539 1310 622; baseline -0.003 -18"><span class='ocrx_word' id='word_1_23' title='bbox 133 560 236 622; x_wconf 89' lang='lat' dir='ltr'><strong>aquas.</strong></span> <span class='ocrx_word' id='word_1_24' title='bbox 281 541 334 603; x_wconf 88' lang='lat' dir='ltr'><strong>llie</strong></span> <span class='ocrx_word' id='word_1_25' title='bbox 364 545 456 604; x_wconf 86' lang='lat' dir='ltr'><strong>etiarn</strong></span> <span class='ocrx_word' id='word_1_26' title='bbox 486 541 568 612; x_wconf 87' lang='lat' dir='ltr'><strong>fons,</strong></span> <span class='ocrx_word' id='word_1_27' title='bbox 604 543 656 619; x_wconf 92' lang='lat' dir='ltr'><strong>qui</strong></span> <span class='ocrx_word' id='word_1_28' title='bbox 690 545 737 600; x_wconf 88' lang='lat' dir='ltr'><strong>est</strong></span> <span class='ocrx_word' id='word_1_29' title='bbox 771 542 801 599; x_wconf 94' lang='lat' dir='ltr'><strong>in</strong></span> <span class='ocrx_word' id='word_1_30' title='bbox 831 541 963 622; x_wconf 86' lang='lat' dir='ltr'><strong>ecclesia</strong></span> <span class='ocrx_word' id='word_1_31' title='bbox 994 540 1099 601; x_wconf 88' lang='lat' dir='ltr'><strong>beatae</strong></span> <span class='ocrx_word' id='word_1_32' title='bbox 1124 539 1254 619; x_wconf 84' lang='lat' dir='ltr'><strong>Virginis</strong></span> <span class='ocrx_word' id='word_1_33' title='bbox 1278 542 1310 600; x_wconf 93' lang='lat' dir='ltr'><strong>in</strong></span> 
     </span>
     <span class='ocr_line' id='line_1_5' title="bbox 132 643 1310 726; baseline -0.006 -16"><span class='ocrx_word' id='word_1_34' title='bbox 132 648 209 710; x_wconf 90' lang='lat' dir='ltr'><strong>valle</strong></span> <span class='ocrx_word' id='word_1_35' title='bbox 243 648 402 726; x_wconf 78' lang='lat' dir='ltr'><strong>iosaphat,</strong></span> <span class='ocrx_word' id='word_1_36' title='bbox 441 647 551 708; x_wconf 89' lang='lat' dir='ltr'><strong>dicitur</strong></span> <span class='ocrx_word' id='word_1_37' title='bbox 582 645 695 706; x_wconf 87' lang='lat' dir='ltr'><strong>habere</strong></span> <span class='ocrx_word' id='word_1_38' title='bbox 729 661 836 721; x_wconf 87' lang='lat' dir='ltr'><strong>aquarn</strong></span> <span class='ocrx_word' id='word_1_39' title='bbox 870 643 908 704; x_wconf 89' lang='lat' dir='ltr'><strong>de</strong></span> <span class='ocrx_word' id='word_1_40' title='bbox 943 643 1094 722; x_wconf 82' lang='lat' dir='ltr'><strong>paradiso,</strong></span> <span class='ocrx_word' id='word_1_41' title='bbox 1126 650 1161 704; x_wconf 91' lang='lat' dir='ltr'><strong>ut</strong></span> <span class='ocrx_word' id='word_1_42' title='bbox 1195 643 1310 704; x_wconf 90' lang='lat' dir='ltr'><strong>dictum</strong></span> 
     </span>
     <span class='ocr_line' id='line_1_6' title="bbox 131 746 1310 833; baseline -0.006 -19"><span class='ocrx_word' id='word_1_43' title='bbox 131 760 216 833; x_wconf 91' lang='lat' dir='ltr'><strong>parte</strong></span> <span class='ocrx_word' id='word_1_44' title='bbox 242 749 269 814; x_wconf 88' lang='lat'><strong>1.</strong></span> <span class='ocrx_word' id='word_1_45' title='bbox 293 752 344 812; x_wconf 87' lang='lat' dir='ltr'><strong>iol.</strong></span> <span class='ocrx_word' id='word_1_46' title='bbox 372 746 443 813; x_wconf 84' lang='grc'><strong>144.</strong></span> <span class='ocrx_word' id='word_1_47' title='bbox 489 751 569 811; x_wconf 85' lang='lat' dir='ltr'><strong>Fons</strong></span> <span class='ocrx_word' id='word_1_48' title='bbox 592 751 717 828; x_wconf 91' lang='lat' dir='ltr'><strong>insuper</strong></span> <span class='ocrx_word' id='word_1_49' title='bbox 738 749 845 810; x_wconf 90' lang='lat' dir='ltr'><strong>beatae</strong></span> <span class='ocrx_word' id='word_1_50' title='bbox 867 748 998 827; x_wconf 86' lang='lat' dir='ltr'><strong>Virginis</strong></span> <span class='ocrx_word' id='word_1_51' title='bbox 1021 751 1052 808; x_wconf 94' lang='lat' dir='ltr'><strong>in</strong></span> <span class='ocrx_word' id='word_1_52' title='bbox 1075 748 1163 808; x_wconf 87' lang='lat' dir='ltr'><strong>horto</strong></span> <span class='ocrx_word' id='word_1_53' title='bbox 1183 747 1310 808; x_wconf 87' lang='lat' dir='ltr'><strong>balsami</strong></span> 
     </span>
     <span class='ocr_line' id='line_1_7' title="bbox 129 849 1310 934; baseline -0.005 -16"><span class='ocrx_word' id='word_1_54' title='bbox 129 857 200 918; x_wconf 93' lang='lat' dir='ltr'><strong>inde</strong></span> <span class='ocrx_word' id='word_1_55' title='bbox 224 873 333 934; x_wconf 90' lang='lat' dir='ltr'><strong>aquam</strong></span> <span class='ocrx_word' id='word_1_56' title='bbox 356 857 422 916; x_wconf 92' lang='lat' dir='ltr'><strong>sine</strong></span> <span class='ocrx_word' id='word_1_57' title='bbox 446 854 535 916; x_wconf 93' lang='lat' dir='ltr'><strong>dubio</strong></span> <span class='ocrx_word' id='word_1_58' title='bbox 558 853 658 914; x_wconf 91' lang='lat' dir='ltr'><strong>habet.</strong></span> <span class='ocrx_word' id='word_1_59' title='bbox 705 852 755 912; x_wconf 87' lang='lat' dir='ltr'><strong>Sic</strong></span> <span class='ocrx_word' id='word_1_60' title='bbox 779 854 870 913; x_wconf 88' lang='lat' dir='ltr'><strong>etiarn</strong></span> <span class='ocrx_word' id='word_1_61' title='bbox 892 860 954 912; x_wconf 86' lang='lat' dir='ltr'><strong>tres</strong></span> <span class='ocrx_word' id='word_1_62' title='bbox 985 853 1035 912; x_wconf 90' lang='lat' dir='ltr'><strong>alii</strong></span> <span class='ocrx_word' id='word_1_63' title='bbox 1066 850 1196 930; x_wconf 90' lang='lat' dir='ltr'><strong>paradisi</strong></span> <span class='ocrx_word' id='word_1_64' title='bbox 1226 849 1310 912; x_wconf 88' lang='lat' dir='ltr'><strong>iluvii</strong></span> 
     </span>
     <span class='ocr_line' id='line_1_8' title="bbox 129 939 1309 1042; baseline -0.003 -20"><span class='ocrx_word' id='word_1_65' title='bbox 129 979 164 1022; x_wconf 89' lang='lat' dir='ltr'><strong>se</strong></span> <span class='ocrx_word' id='word_1_66' title='bbox 198 961 453 1042; x_wconf 60' lang='lat' dir='ltr'><strong>communicant„</strong></span> <span class='ocrx_word' id='word_1_67' title='bbox 473 939 550 1017; x_wconf 84' lang='lat' dir='ltr'><strong>sicut</strong></span> <span class='ocrx_word' id='word_1_68' title='bbox 574 955 712 1018; x_wconf 89' lang='lat' dir='ltr'><strong>Jordanis</strong></span> <span class='ocrx_word' id='word_1_69' title='bbox 748 955 881 1016; x_wconf 89' lang='lat' dir='ltr'><strong>creditur</strong></span> <span class='ocrx_word' id='word_1_70' title='bbox 902 975 972 1017; x_wconf 88' lang='lat' dir='ltr'><strong>suas</strong></span> <span class='ocrx_word' id='word_1_71' title='bbox 998 975 1091 1039; x_wconf 89' lang='lat' dir='ltr'><strong>aquas</strong></span> <span class='ocrx_word' id='word_1_72' title='bbox 1126 957 1237 1017; x_wconf 89' lang='lat' dir='ltr'><strong>habere</strong></span> <span class='ocrx_word' id='word_1_73' title='bbox 1272 974 1309 1018; x_wconf 83' lang='lat' dir='ltr'><strong>ex</strong></span> 
     </span>
     <span class='ocr_line' id='line_1_9' title="bbox 130 1057 1308 1143; baseline -0.004 -18"><span class='ocrx_word' id='word_1_74' title='bbox 130 1062 252 1143; x_wconf 82' lang='lat' dir='ltr'><strong>Tigride</strong></span> <span class='ocrx_word' id='word_1_75' title='bbox 276 1070 306 1124; x_wconf 91' lang='lat' dir='ltr'><strong>et</strong></span> <span class='ocrx_word' id='word_1_76' title='bbox 321 1062 483 1142; x_wconf 81' lang='lat' dir='ltr'><strong>Euphrate,</strong></span> <span class='ocrx_word' id='word_1_77' title='bbox 505 1066 539 1121; x_wconf 89' lang='lat' dir='ltr'><strong>ut</strong></span> <span class='ocrx_word' id='word_1_78' title='bbox 562 1058 672 1120; x_wconf 90' lang='lat' dir='ltr'><strong>dieitur</strong></span> <span class='ocrx_word' id='word_1_79' title='bbox 694 1057 782 1119; x_wconf 88' lang='lat' dir='ltr'><strong>Parte</strong></span> <span class='ocrx_word' id='word_1_80' title='bbox 801 1057 829 1120; x_wconf 83' lang='lat'><strong>1.</strong></span> <span class='ocrx_word' id='word_1_81' title='bbox 852 1058 903 1120; x_wconf 90' lang='lat' dir='ltr'><strong>iol.</strong></span> <span class='ocrx_word' id='word_1_82' title='bbox 931 1057 1018 1133; x_wconf 66' lang='lat'>199„</span> <span class='ocrx_word' id='word_1_83' title='bbox 1048 1066 1079 1120; x_wconf 89' lang='lat' dir='ltr'><strong>et</strong></span> <span class='ocrx_word' id='word_1_84' title='bbox 1100 1061 1186 1121; x_wconf 87' lang='lat' dir='ltr'><strong>Nilus</strong></span> <span class='ocrx_word' id='word_1_85' title='bbox 1202 1066 1308 1121; x_wconf 89' lang='lat' dir='ltr'><strong>auctus</strong></span> 
     </span>
     <span class='ocr_line' id='line_1_10' title="bbox 131 1152 1311 1245; baseline -0.003 -16"><span class='ocrx_word' id='word_1_86' title='bbox 131 1186 199 1229; x_wconf 89' lang='lat' dir='ltr'><strong>esse</strong></span> <span class='ocrx_word' id='word_1_87' title='bbox 222 1185 259 1229; x_wconf 82' lang='lat' dir='ltr'><strong>ex</strong></span> <span class='ocrx_word' id='word_1_88' title='bbox 282 1165 405 1245; x_wconf 86' lang='lat' dir='ltr'><strong>Gange,</strong></span> <span class='ocrx_word' id='word_1_89' title='bbox 440 1167 491 1244; x_wconf 93' lang='lat' dir='ltr'><strong>qui</strong></span> <span class='ocrx_word' id='word_1_90' title='bbox 520 1166 667 1224; x_wconf 84' lang='lat' dir='ltr'><strong>maximus</strong></span> <span class='ocrx_word' id='word_1_91' title='bbox 700 1152 780 1224; x_wconf 86' lang='lat' dir='ltr'><strong>inter</strong></span> <span class='ocrx_word' id='word_1_92' title='bbox 814 1171 943 1241; x_wconf 90' lang='lat' dir='ltr'><strong>quatuor</strong></span> <span class='ocrx_word' id='word_1_93' title='bbox 965 1164 1075 1225; x_wconf 91' lang='lat' dir='ltr'><strong>dicitur</strong></span> <span class='ocrx_word' id='word_1_94' title='bbox 1096 1163 1200 1224; x_wconf 87' lang='lat' dir='ltr'><strong>inisse.</strong></span> <span class='ocrx_word' id='word_1_95' title='bbox 1248 1162 1311 1225; x_wconf 87' lang='lat' dir='ltr'><strong>Sed</strong></span> 
     </span>
     <span class='ocr_line' id='line_1_11' title="bbox 132 1267 1308 1352; baseline -0.005 -19"><span class='ocrx_word' id='word_1_96' title='bbox 132 1273 240 1352; x_wconf 82' lang='lat' dir='ltr'><strong>Cyrus,</strong></span> <span class='ocrx_word' id='word_1_97' title='bbox 265 1290 318 1332; x_wconf 87' lang='lat' dir='ltr'><strong>rer</strong></span> <span class='ocrx_word' id='word_1_98' title='bbox 339 1270 509 1341; x_wconf 87' lang='lat' dir='ltr'><strong>Persarum,</strong></span> <span class='ocrx_word' id='word_1_99' title='bbox 531 1268 656 1329; x_wconf 81' lang='lat' dir='ltr'><strong>fluvium</strong></span> <span class='ocrx_word' id='word_1_100' title='bbox 677 1270 770 1328; x_wconf 84' lang='lat' dir='ltr'><strong>iratus</strong></span> <span class='ocrx_word' id='word_1_101' title='bbox 793 1276 919 1347; x_wconf 89' lang='lat' dir='ltr'><strong>propter</strong></span> <span class='ocrx_word' id='word_1_102' title='bbox 941 1270 1183 1331; x_wconf 87' lang='lat' dir='ltr'><strong>submersionem</strong></span> <span class='ocrx_word' id='word_1_103' title='bbox 1206 1267 1308 1344; x_wconf 79' lang='lat' dir='ltr'><strong>eujus·</strong></span> 
     </span>
     <span class='ocr_line' id='line_1_12' title="bbox 131 1370 1310 1456; baseline -0.004 -19"><span class='ocrx_word' id='word_1_104' title='bbox 131 1376 199 1456; x_wconf 88' lang='lat' dir='ltr'><strong>dam</strong></span> <span class='ocrx_word' id='word_1_105' title='bbox 221 1376 324 1436; x_wconf 89' lang='lat' dir='ltr'><strong>militis</strong></span> <span class='ocrx_word' id='word_1_106' title='bbox 347 1375 412 1446; x_wconf 91' lang='lat' dir='ltr'><strong>sui,</strong></span> <span class='ocrx_word' id='word_1_107' title='bbox 447 1391 518 1435; x_wconf 90' lang='lat' dir='ltr'><strong>eum</strong></span> <span class='ocrx_word' id='word_1_108' title='bbox 541 1370 664 1433; x_wconf 79' lang='lat' dir='ltr'><strong>deduxit</strong></span> <span class='ocrx_word' id='word_1_109' title='bbox 686 1373 717 1430; x_wconf 92' lang='lat' dir='ltr'><strong>in</strong></span> <span class='ocrx_word' id='word_1_110' title='bbox 740 1370 893 1432; x_wconf 82' lang='lat' dir='ltr'>CCCCXL</span> <span class='ocrx_word' id='word_1_111' title='bbox 917 1374 1035 1444; x_wconf 91' lang='lat' dir='ltr'><strong>alveos,</strong></span> <span class='ocrx_word' id='word_1_112' title='bbox 1050 1428 1052 1433; x_wconf 83' lang='lat'><em>.</em></span> <span class='ocrx_word' id='word_1_113' title='bbox 1066 1389 1195 1451; x_wconf 90' lang='lat' dir='ltr'><strong>quorum</strong></span> <span class='ocrx_word' id='word_1_114' title='bbox 1217 1372 1310 1450; x_wconf 86' lang='lat' dir='ltr'><strong>aliqui</strong></span> 
     </span>
     <span class='ocr_line' id='line_1_13' title="bbox 129 1472 1309 1554; baseline -0.005 -13"><span class='ocrx_word' id='word_1_115' title='bbox 129 1480 198 1541; x_wconf 93' lang='lat' dir='ltr'><strong>Nilo</strong></span> <span class='ocrx_word' id='word_1_116' title='bbox 213 1482 397 1541; x_wconf 83' lang='lat' dir='ltr'><strong>miscentur.</strong></span> <span class='ocrx_word' id='word_1_117' title='bbox 443 1477 485 1538; x_wconf 83' lang='lat' dir='ltr'><strong>Ex</strong></span> <span class='ocrx_word' id='word_1_118' title='bbox 508 1494 568 1554; x_wconf 94' lang='lat' dir='ltr'><strong>quo</strong></span> <span class='ocrx_word' id='word_1_119' title='bbox 591 1481 690 1554; x_wconf 90' lang='lat' dir='ltr'><strong>patet,</strong></span> <span class='ocrx_word' id='word_1_120' title='bbox 723 1472 805 1553; x_wconf 91' lang='lat' dir='ltr'><strong>quod</strong></span> <span class='ocrx_word' id='word_1_121' title='bbox 827 1476 997 1553; x_wconf 86' lang='lat' dir='ltr'><strong>peregrini,</strong></span> <span class='ocrx_word' id='word_1_122' title='bbox 1032 1478 1084 1553; x_wconf 92' lang='lat' dir='ltr'><strong>qui</strong></span> <span class='ocrx_word' id='word_1_123' title='bbox 1118 1475 1155 1536; x_wconf 90' lang='lat' dir='ltr'><strong>de</strong></span> <span class='ocrx_word' id='word_1_124' title='bbox 1179 1475 1309 1538; x_wconf 88' lang='lat' dir='ltr'><strong>Jordane</strong></span> 
     </span>
     <span class='ocr_line' id='line_1_14' title="bbox 129 1576 1307 1658; baseline -0.006 -14"><span class='ocrx_word' id='word_1_125' title='bbox 129 1583 268 1644; x_wconf 89' lang='lat' dir='ltr'><strong>biberunt</strong></span> <span class='ocrx_word' id='word_1_126' title='bbox 291 1588 323 1642; x_wconf 89' lang='lat' dir='ltr'><strong>ct</strong></span> <span class='ocrx_word' id='word_1_127' title='bbox 345 1580 388 1641; x_wconf 87' lang='lat' dir='ltr'><strong>de</strong></span> <span class='ocrx_word' id='word_1_128' title='bbox 400 1579 480 1650; x_wconf 90' lang='lat' dir='ltr'><strong>Nilo,</strong></span> <span class='ocrx_word' id='word_1_129' title='bbox 503 1579 541 1640; x_wconf 89' lang='lat' dir='ltr'><strong>de</strong></span> <span class='ocrx_word' id='word_1_130' title='bbox 564 1596 641 1657; x_wconf 91' lang='lat' dir='ltr'><strong>aqua</strong></span> <span class='ocrx_word' id='word_1_131' title='bbox 656 1585 789 1657; x_wconf 70' lang='lat' dir='ltr'><strong>quatuor¹</strong></span> <span class='ocrx_word' id='word_1_132' title='bbox 798 1576 929 1656; x_wconf 88' lang='lat' dir='ltr'><strong>paradisi</strong></span> <span class='ocrx_word' id='word_1_133' title='bbox 944 1577 1102 1640; x_wconf 89' lang='lat' dir='ltr'><strong>fluminum</strong></span> <span class='ocrx_word' id='word_1_134' title='bbox 1117 1583 1307 1658; x_wconf 86' lang='lat' dir='ltr'><strong>potaverunt,</strong></span> 
     </span>
     <span class='ocr_line' id='line_1_15' title="bbox 131 1683 822 1764; baseline -0.004 -19"><span class='ocrx_word' id='word_1_135' title='bbox 131 1687 164 1745; x_wconf 94' lang='lat' dir='ltr'><strong>in</strong></span> <span class='ocrx_word' id='word_1_136' title='bbox 187 1704 247 1764; x_wconf 92' lang='lat' dir='ltr'><strong>quo</strong></span> <span class='ocrx_word' id='word_1_137' title='bbox 271 1685 382 1763; x_wconf 91' lang='lat' dir='ltr'><strong>ubique</strong></span> <span class='ocrx_word' id='word_1_138' title='bbox 405 1683 526 1762; x_wconf 89' lang='lat' dir='ltr'><strong>gloriari</strong></span> <span class='ocrx_word' id='word_1_139' title='bbox 546 1700 658 1744; x_wconf 87' lang='lat' dir='ltr'><strong>vanum</strong></span> <span class='ocrx_word' id='word_1_140' title='bbox 680 1700 741 1743; x_wconf 92' lang='lat' dir='ltr'><strong>uon</strong></span> <span class='ocrx_word' id='word_1_141' title='bbox 766 1688 822 1743; x_wconf 87' lang='lat' dir='ltr'><strong>est.</strong></span> 
     </span>
    </p>

    <p class='ocr_par' dir='ltr' id='par_1_3' title="bbox 129 1786 1308 2295">
     <span class='ocr_line' id='line_1_16' title="bbox 154 1786 1308 1866; baseline -0.003 -14"><span class='ocrx_word' id='word_1_142' title='bbox 154 1843 156 1852; x_wconf 92' lang='lat'>.</span> <span class='ocrx_word' id='word_1_143' title='bbox 217 1787 265 1849; x_wconf 78' lang='lat' dir='ltr'><strong>Ad</strong></span> <span class='ocrx_word' id='word_1_144' title='bbox 289 1786 583 1858; x_wconf 83' lang='lat' dir='ltr'><strong>commendationem</strong></span> <span class='ocrx_word' id='word_1_145' title='bbox 607 1789 698 1848; x_wconf 89' lang='lat' dir='ltr'><strong>etiam</strong></span> <span class='ocrx_word' id='word_1_146' title='bbox 719 1787 781 1847; x_wconf 93' lang='lat' dir='ltr'><strong>Nili</strong></span> <span class='ocrx_word' id='word_1_147' title='bbox 804 1787 964 1848; x_wconf 79' lang='lat' dir='ltr'><strong>maximam</strong></span> <span class='ocrx_word' id='word_1_148' title='bbox 987 1787 1076 1860; x_wconf 85' lang='lat' dir='ltr'><strong>facit,</strong></span> <span class='ocrx_word' id='word_1_149' title='bbox 1100 1787 1182 1866; x_wconf 93' lang='lat' dir='ltr'><strong>quod</strong></span> <span class='ocrx_word' id='word_1_150' title='bbox 1204 1788 1308 1849; x_wconf 88' lang='lat' dir='ltr'><strong>orbem</strong></span> 
     </span>
     <span class='ocr_line' id='line_1_17' title="bbox 131 1890 1306 1971; baseline -0.003 -17"><span class='ocrx_word' id='word_1_151' title='bbox 131 1891 236 1955; x_wconf 86' lang='lat' dir='ltr'><strong>dividit</strong></span> <span class='ocrx_word' id='word_1_152' title='bbox 268 1897 300 1953; x_wconf 91' lang='lat' dir='ltr'><strong>et</strong></span> <span class='ocrx_word' id='word_1_153' title='bbox 334 1891 408 1953; x_wconf 91' lang='lat' dir='ltr'><strong>duas</strong></span> <span class='ocrx_word' id='word_1_154' title='bbox 440 1890 506 1968; x_wconf 87' lang='lat' dir='ltr'><strong>ejus</strong></span> <span class='ocrx_word' id='word_1_155' title='bbox 538 1891 719 1971; x_wconf 79' lang='lat' dir='ltr'><strong>principales</strong></span> <span class='ocrx_word' id='word_1_156' title='bbox 741 1897 843 1970; x_wconf 84' lang='lat' dir='ltr'><strong>partes</strong></span> <span class='ocrx_word' id='word_1_157' title='bbox 865 1890 951 1964; x_wconf 87' lang='lat' dir='ltr'><strong>facit,</strong></span> <span class='ocrx_word' id='word_1_158' title='bbox 984 1890 1119 1952; x_wconf 77' lang='lat' dir='ltr'><strong>Africam</strong></span> <span class='ocrx_word' id='word_1_159' title='bbox 1142 1892 1223 1951; x_wconf 87' lang='lat' dir='ltr'><strong>eninr</strong></span> <span class='ocrx_word' id='word_1_160' title='bbox 1246 1890 1306 1951; x_wconf 87' lang='lat' dir='ltr'><strong>dis-</strong></span> 
     </span>
     <span class='ocr_line' id='line_1_18' title="bbox 129 1993 1307 2077; baseline -0.003 -19"><span class='ocrx_word' id='word_1_161' title='bbox 129 1999 271 2059; x_wconf 89' lang='lat' dir='ltr'><strong>terminat</strong></span> <span class='ocrx_word' id='word_1_162' title='bbox 292 1997 328 2057; x_wconf 89' lang='lat' dir='ltr'><strong>ab</strong></span> <span class='ocrx_word' id='word_1_163' title='bbox 351 1994 423 2077; x_wconf 79' lang='lat' dir='ltr'><strong>Asia</strong></span> <span class='ocrx_word' id='word_1_164' title='bbox 453 1995 573 2074; x_wconf 87' lang='lat' dir='ltr'><strong>majori,</strong></span> <span class='ocrx_word' id='word_1_165' title='bbox 602 1997 638 2056; x_wconf 87' lang='lat' dir='ltr'><strong>ab</strong></span> <span class='ocrx_word' id='word_1_166' title='bbox 662 2002 763 2056; x_wconf 91' lang='lat' dir='ltr'><strong>austro</strong></span> <span class='ocrx_word' id='word_1_167' title='bbox 786 1995 900 2056; x_wconf 87' lang='lat' dir='ltr'><strong>habens</strong></span> <span class='ocrx_word' id='word_1_168' title='bbox 914 1993 1071 2067; x_wconf 77' lang='lat' dir='ltr'><strong>¹Africam,</strong></span> <span class='ocrx_word' id='word_1_169' title='bbox 1108 1995 1142 2056; x_wconf 89' lang='lat' dir='ltr'><strong>ab</strong></span> <span class='ocrx_word' id='word_1_170' title='bbox 1166 1994 1307 2073; x_wconf 88' lang='lat' dir='ltr'><strong>aquilone</strong></span> 
     </span>
     <span class='ocr_line' id='line_1_19' title="bbox 129 2090 1308 2180; baseline -0.005 -16"><span class='ocrx_word' id='word_1_171' title='bbox 129 2101 242 2164; x_wconf 83' lang='lat' dir='ltr'><strong>Asiam.</strong></span> <span class='ocrx_word' id='word_1_172' title='bbox 287 2101 387 2164; x_wconf 84' lang='lat' dir='ltr'><strong>Habet</strong></span> <span class='ocrx_word' id='word_1_173' title='bbox 409 2107 440 2161; x_wconf 89' lang='lat' dir='ltr'><strong>et</strong></span> <span class='ocrx_word' id='word_1_174' title='bbox 460 2090 710 2180; x_wconf 86' lang='lat' dir='ltr'><strong>hoc-singulare,</strong></span> <span class='ocrx_word' id='word_1_175' title='bbox 734 2099 814 2178; x_wconf 92' lang='lat' dir='ltr'><strong>quod</strong></span> <span class='ocrx_word' id='word_1_176' title='bbox 835 2099 934 2160; x_wconf 90' lang='lat' dir='ltr'><strong>nullos</strong></span> <span class='ocrx_word' id='word_1_177' title='bbox 957 2102 1079 2178; x_wconf 89' lang='lat' dir='ltr'><strong>penitus</strong></span> <span class='ocrx_word' id='word_1_178' title='bbox 1103 2117 1138 2160; x_wconf 85' lang='lat' dir='ltr'><strong>ex</strong></span> <span class='ocrx_word' id='word_1_179' title='bbox 1161 2117 1195 2160; x_wconf 91' lang='lat' dir='ltr'><strong>se</strong></span> <span class='ocrx_word' id='word_1_180' title='bbox 1213 2102 1308 2177; x_wconf 89' lang='lat' dir='ltr'><strong>spirat</strong></span> 
     </span>
     <span class='ocr_line' id='line_1_20' title="bbox 130 2205 591 2295; baseline -0.002 -28"><span class='ocrx_word' id='word_1_181' title='bbox 130 2223 233 2280; x_wconf 89' lang='lat' dir='ltr'><strong>auras,</strong></span> <span class='ocrx_word' id='word_1_182' title='bbox 256 2207 337 2268; x_wconf 87' lang='lat' dir='ltr'><strong>siout</strong></span> <span class='ocrx_word' id='word_1_183' title='bbox 359 2205 435 2268; x_wconf 89' lang='lat' dir='ltr'><strong>aliae</strong></span> <span class='ocrx_word' id='word_1_184' title='bbox 458 2223 564 2286; x_wconf 91' lang='lat' dir='ltr'><strong>aquae.</strong></span> <span class='ocrx_word' id='word_1_185' title='bbox 588 2290 591 2295; x_wconf 24' lang='grc'>-</span> 
     </span>
    </p>
   </div>
   <div class='ocr_carea' id='block_1_3' title="bbox 320 2510 1115 2627">
    <p class='ocr_par' dir='ltr' id='par_1_4' title="bbox 320 2510 1115 2627">
     <span class='ocr_line' id='line_1_21' title="bbox 320 2510 1115 2627; baseline 0.001 -36"><span class='ocrx_word' id='word_1_186' title='bbox 320 2521 373 2592; x_wconf 89' lang='lat' dir='ltr'><strong>Da</strong></span> <span class='ocrx_word' id='word_1_187' title='bbox 399 2520 543 2627; x_wconf 84' lang='lat' dir='ltr'><strong>belluis,</strong></span> <span class='ocrx_word' id='word_1_188' title='bbox 571 2510 663 2612; x_wconf 86' lang='lat' dir='ltr'><strong>quae</strong></span> <span class='ocrx_word' id='word_1_189' title='bbox 690 2521 727 2593; x_wconf 90' lang='lat' dir='ltr'><strong>iu</strong></span> <span class='ocrx_word' id='word_1_190' title='bbox 752 2521 830 2593; x_wconf 90' lang='lat' dir='ltr'><strong>Nilo</strong></span> <span class='ocrx_word' id='word_1_191' title='bbox 857 2521 999 2593; x_wconf 87' lang='lat' dir='ltr'><strong>flumina</strong></span> <span class='ocrx_word' id='word_1_192' title='bbox 1026 2525 1115 2592; x_wconf 91' lang='lat' dir='ltr'><strong>suut.</strong></span> 
     </span>
    </p>
   </div>
   <div class='ocr_carea' id='block_1_4' title="bbox 126 2722 1305 4263">
    <p class='ocr_par' dir='ltr' id='par_1_5' title="bbox 128 2722 1305 3222">
     <span class='ocr_line' id='line_1_22' title="bbox 218 2722 1305 2810; baseline 0 -24"><span class='ocrx_word' id='word_1_193' title='bbox 218 2722 272 2808; x_wconf 73' lang='lat' dir='ltr'><strong>(b)</strong></span> <span class='ocrx_word' id='word_1_194' title='bbox 287 2724 417 2810; x_wconf 11' lang='lat' dir='ltr'><strong>uFluvius</strong></span> <span class='ocrx_word' id='word_1_195' title='bbox 438 2723 500 2784; x_wconf 92' lang='lat' dir='ltr'><strong>Nili</strong></span> <span class='ocrx_word' id='word_1_196' title='bbox 530 2730 651 2803; x_wconf 88' lang='lat' dir='ltr'><strong>praeter</strong></span> <span class='ocrx_word' id='word_1_197' title='bbox 673 2724 748 2797; x_wconf 90' lang='lat' dir='ltr'><strong>hoc,</strong></span> <span class='ocrx_word' id='word_1_198' title='bbox 784 2725 865 2803; x_wconf 92' lang='lat' dir='ltr'><strong>quod</strong></span> <span class='ocrx_word' id='word_1_199' title='bbox 888 2732 1000 2786; x_wconf 88' lang='lat' dir='ltr'><strong>terram</strong></span> <span class='ocrx_word' id='word_1_200' title='bbox 1020 2723 1198 2795; x_wconf 87' lang='lat' dir='ltr'><strong>foecundat,</strong></span> <span class='ocrx_word' id='word_1_201' title='bbox 1214 2727 1251 2794; x_wconf 56' lang='lat' dir='ltr'><strong>⁴iu</strong></span> <span class='ocrx_word' id='word_1_202' title='bbox 1270 2743 1305 2786; x_wconf 88' lang='lat' dir='ltr'><strong>se</strong></span> 
     </span>
     <span class='ocr_line' id='line_1_23' title="bbox 129 2828 1304 2909; baseline 0 -19"><span class='ocrx_word' id='word_1_203' title='bbox 129 2832 196 2909; x_wconf 93' lang='lat' dir='ltr'><strong>ipso</strong></span> <span class='ocrx_word' id='word_1_204' title='bbox 219 2828 387 2891; x_wconf 80' lang='lat' dir='ltr'><strong>foecundus</strong></span> <span class='ocrx_word' id='word_1_205' title='bbox 412 2830 537 2890; x_wconf 82' lang='lat' dir='ltr'><strong>exsistit.</strong></span> <span class='ocrx_word' id='word_1_206' title='bbox 583 2828 659 2888; x_wconf 87' lang='lat' dir='ltr'><strong>Nam</strong></span> <span class='ocrx_word' id='word_1_207' title='bbox 689 2829 823 2907; x_wconf 90' lang='lat' dir='ltr'><strong>piscibus</strong></span> <span class='ocrx_word' id='word_1_208' title='bbox 852 2832 975 2908; x_wconf 85' lang='lat' dir='ltr'><strong>optimis</strong></span> <span class='ocrx_word' id='word_1_209' title='bbox 999 2828 1130 2890; x_wconf 90' lang='lat' dir='ltr'><strong>abundat</strong></span> <span class='ocrx_word' id='word_1_210' title='bbox 1149 2829 1180 2890; x_wconf 91' lang='lat' dir='ltr'><strong>in</strong></span> <span class='ocrx_word' id='word_1_211' title='bbox 1203 2829 1304 2890; x_wconf 88' lang='lat' dir='ltr'><strong>multi-</strong></span> 
     </span>
     <span class='ocr_line' id='line_1_24' title="bbox 128 2918 1304 3013; baseline 0.003 -20"><span class='ocrx_word' id='word_1_212' title='bbox 128 2933 199 3013; x_wconf 86' lang='lat' dir='ltr'><strong>plici</strong></span> <span class='ocrx_word' id='word_1_213' title='bbox 220 2934 338 3012; x_wconf 90' lang='lat' dir='ltr'><strong>speeie,</strong></span> <span class='ocrx_word' id='word_1_214' title='bbox 370 2934 486 3011; x_wconf 89' lang='lat' dir='ltr'><strong>magnis</strong></span> <span class='ocrx_word' id='word_1_215' title='bbox 511 2938 541 2992; x_wconf 94' lang='lat' dir='ltr'><strong>et</strong></span> <span class='ocrx_word' id='word_1_216' title='bbox 561 2934 679 3011; x_wconf 86' lang='lat' dir='ltr'><strong>parvis,</strong></span> <span class='ocrx_word' id='word_1_217' title='bbox 712 2933 840 2994; x_wconf 85' lang='lat' dir='ltr'><strong>belluas·</strong></span> <span class='ocrx_word' id='word_1_218' title='bbox 861 2937 952 2995; x_wconf 91' lang='lat' dir='ltr'><strong>etiam</strong></span> <span class='ocrx_word' id='word_1_219' title='bbox 984 2937 1132 2998; x_wconf 87' lang='lat' dir='ltr'><strong>immanes</strong></span> <span class='ocrx_word' id='word_1_220' title='bbox 1155 2918 1304 3012; x_wconf 77' lang='lat' dir='ltr'><strong>producit,</strong></span> 
     </span>
     <span class='ocr_line' id='line_1_25' title="bbox 128 3028 1305 3120; baseline 0.002 -21"><span class='ocrx_word' id='word_1_221' title='bbox 128 3046 162 3101; x_wconf 89' lang='lat' dir='ltr'><strong>ut</strong></span> <span class='ocrx_word' id='word_1_222' title='bbox 184 3037 362 3099; x_wconf 88' lang='lat' dir='ltr'><strong>cocodrillos</strong></span> <span class='ocrx_word' id='word_1_223' title='bbox 391 3028 426 3099; x_wconf 73' lang='lat' dir='ltr'><strong>&#39;et</strong></span> <span class='ocrx_word' id='word_1_224' title='bbox 448 3037 653 3117; x_wconf 87' lang='lat' dir='ltr'><strong>hippotamos,</strong></span> <span class='ocrx_word' id='word_1_225' title='bbox 687 3055 781 3117; x_wconf 89' lang='lat' dir='ltr'><strong>equos</strong></span> <span class='ocrx_word' id='word_1_226' title='bbox 816 3038 951 3102; x_wconf 78' lang='lat' dir='ltr'><strong>fluviales</strong></span> <span class='ocrx_word' id='word_1_227' title='bbox 986 3048 1016 3103; x_wconf 90' lang='lat' dir='ltr'><strong>ct</strong></span> <span class='ocrx_word' id='word_1_228' title='bbox 1050 3042 1107 3103; x_wconf 91' lang='lat' dir='ltr'><strong>alia</strong></span> <span class='ocrx_word' id='word_1_229' title='bbox 1129 3039 1305 3120; x_wconf 92' lang='lat' dir='ltr'><strong>hujusmodi</strong></span> 
     </span>
     <span class='ocr_line' id='line_1_26' title="bbox 128 3140 1110 3222; baseline 0.002 -18"><span class='ocrx_word' id='word_1_230' title='bbox 128 3160 217 3204; x_wconf 89' lang='lat' dir='ltr'><strong>saeva</strong></span> <span class='ocrx_word' id='word_1_231' title='bbox 238 3142 343 3204; x_wconf 91' lang='lat' dir='ltr'><strong>multa.</strong></span> <span class='ocrx_word' id='word_1_232' title='bbox 388 3141 435 3203; x_wconf 89' lang='lat' dir='ltr'><strong>De</strong></span> <span class='ocrx_word' id='word_1_233' title='bbox 453 3140 516 3218; x_wconf 89' lang='lat' dir='ltr'><strong>jam</strong></span> <span class='ocrx_word' id='word_1_234' title='bbox 539 3148 642 3202; x_wconf 91' lang='lat' dir='ltr'><strong>tamen</strong></span> <span class='ocrx_word' id='word_1_235' title='bbox 663 3143 824 3202; x_wconf 91' lang='lat' dir='ltr'><strong>nominatis</strong></span> <span class='ocrx_word' id='word_1_236' title='bbox 846 3160 953 3222; x_wconf 90' lang='lat' dir='ltr'><strong>parum</strong></span> <span class='ocrx_word' id='word_1_237' title='bbox 975 3144 1110 3206; x_wconf 87' lang='lat' dir='ltr'><strong>inieram.</strong></span> 
     </span>
    </p>

    <p class='ocr_par' dir='ltr' id='par_1_6' title="bbox 126 3245 1303 4263">
     <span class='ocr_line' id='line_1_27' title="bbox 216 3245 1303 3326; baseline 0.002 -19"><span class='ocrx_word' id='word_1_238' title='bbox 216 3245 402 3308; x_wconf 87' lang='lat' dir='ltr'><strong>Cooodrillos</strong></span> <span class='ocrx_word' id='word_1_239' title='bbox 435 3246 539 3325; x_wconf 89' lang='lat' dir='ltr'><strong>plures</strong></span> <span class='ocrx_word' id='word_1_240' title='bbox 562 3245 694 3308; x_wconf 89' lang='lat' dir='ltr'><strong>vidimus</strong></span> <span class='ocrx_word' id='word_1_241' title='bbox 716 3248 747 3306; x_wconf 93' lang='lat' dir='ltr'><strong>in</strong></span> <span class='ocrx_word' id='word_1_242' title='bbox 770 3249 961 3326; x_wconf 83' lang='lat' dir='ltr'><strong>navigatione</strong></span> <span class='ocrx_word' id='word_1_243' title='bbox 984 3246 1059 3319; x_wconf 94' lang='lat' dir='ltr'><strong>Nili,</strong></span> <span class='ocrx_word' id='word_1_244' title='bbox 1091 3253 1125 3307; x_wconf 90' lang='lat' dir='ltr'><strong>ut</strong></span> <span class='ocrx_word' id='word_1_245' title='bbox 1156 3254 1240 3326; x_wconf 90' lang='lat' dir='ltr'><strong>patet</strong></span> <span class='ocrx_word' id='word_1_246' title='bbox 1271 3250 1303 3309; x_wconf 90' lang='lat' dir='ltr'><strong>in</strong></span> 
     </span>
     <span class='ocr_line' id='line_1_28' title="bbox 126 3348 1302 3430; baseline 0.001 -19"><span class='ocrx_word' id='word_1_247' title='bbox 126 3350 389 3430; x_wconf 85' lang='lat' dir='ltr'><strong>praecedentibus.</strong></span> <span class='ocrx_word' id='word_1_248' title='bbox 435 3349 488 3410; x_wconf 84' lang='lat' dir='ltr'><strong>Est</strong></span> <span class='ocrx_word' id='word_1_249' title='bbox 511 3357 611 3411; x_wconf 90' lang='lat' dir='ltr'><strong>autem</strong></span> <span class='ocrx_word' id='word_1_250' title='bbox 635 3348 816 3425; x_wconf 88' lang='lat' dir='ltr'><strong>cocodrillus</strong></span> <span class='ocrx_word' id='word_1_251' title='bbox 839 3353 926 3429; x_wconf 92' lang='lat' dir='ltr'><strong>quasi</strong></span> <span class='ocrx_word' id='word_1_252' title='bbox 946 3351 1043 3412; x_wconf 90' lang='lat' dir='ltr'><strong>bestia</strong></span> <span class='ocrx_word' id='word_1_253' title='bbox 1066 3367 1156 3414; x_wconf 86' lang='lat' dir='ltr'><strong>saeva</strong></span> <span class='ocrx_word' id='word_1_254' title='bbox 1179 3358 1209 3411; x_wconf 84' lang='lat' dir='ltr'><strong>et</strong></span> <span class='ocrx_word' id='word_1_255' title='bbox 1232 3352 1302 3412; x_wconf 93' lang='lat' dir='ltr'><strong>bor-</strong></span> 
     </span>
     <span class='ocr_line' id='line_1_29' title="bbox 126 3453 1302 3533; baseline -0.003 -16"><span class='ocrx_word' id='word_1_256' title='bbox 126 3456 236 3527; x_wconf 91' lang='lat' dir='ltr'><strong>ribilis‚</strong></span> <span class='ocrx_word' id='word_1_257' title='bbox 267 3454 381 3515; x_wconf 83' lang='lat' dir='ltr'><strong>formae</strong></span> <span class='ocrx_word' id='word_1_258' title='bbox 413 3453 546 3530; x_wconf 88' lang='lat' dir='ltr'><strong>aequalis</strong></span> <span class='ocrx_word' id='word_1_259' title='bbox 569 3455 717 3524; x_wconf 88' lang='lat' dir='ltr'><strong>lacertae,</strong></span> <span class='ocrx_word' id='word_1_260' title='bbox 751 3457 916 3533; x_wconf 85' lang='lat' dir='ltr'><strong>quantitate</strong></span> <span class='ocrx_word' id='word_1_261' title='bbox 939 3461 1039 3515; x_wconf 90' lang='lat' dir='ltr'><strong>tamen</strong></span> <span class='ocrx_word' id='word_1_262' title='bbox 1064 3455 1192 3516; x_wconf 86' lang='lat' dir='ltr'><strong>multum</strong></span> <span class='ocrx_word' id='word_1_263' title='bbox 1215 3454 1302 3515; x_wconf 90' lang='lat' dir='ltr'><strong>dissi-</strong></span> 
     </span>
     <span class='ocr_line' id='line_1_30' title="bbox 126 3559 1303 3636; baseline -0.003 -13"><span class='ocrx_word' id='word_1_264' title='bbox 126 3562 223 3633; x_wconf 90' lang='lat' dir='ltr'><strong>milis,</strong></span> <span class='ocrx_word' id='word_1_265' title='bbox 247 3578 284 3620; x_wconf 83' lang='lat' dir='ltr'><strong>cx</strong></span> <span class='ocrx_word' id='word_1_266' title='bbox 306 3577 363 3620; x_wconf 91' lang='lat' dir='ltr'><strong>ovo</strong></span> <span class='ocrx_word' id='word_1_267' title='bbox 387 3563 565 3636; x_wconf 89' lang='lat' dir='ltr'><strong>generatus;</strong></span> <span class='ocrx_word' id='word_1_268' title='bbox 591 3576 647 3620; x_wconf 86' lang='lat' dir='ltr'><strong>ova</strong></span> <span class='ocrx_word' id='word_1_269' title='bbox 671 3561 751 3620; x_wconf 90' lang='lat' dir='ltr'><strong>enim</strong></span> <span class='ocrx_word' id='word_1_270' title='bbox 774 3563 907 3621; x_wconf 90' lang='lat' dir='ltr'><strong>interra</strong></span> <span class='ocrx_word' id='word_1_271' title='bbox 928 3559 1028 3629; x_wconf 84' lang='lat' dir='ltr'><strong>fovet,</strong></span> <span class='ocrx_word' id='word_1_272' title='bbox 1052 3576 1129 3636; x_wconf 89' lang='lat' dir='ltr'><strong>quac</strong></span> <span class='ocrx_word' id='word_1_273' title='bbox 1151 3563 1223 3619; x_wconf 91' lang='lat' dir='ltr'><strong>sunt</strong></span> <span class='ocrx_word' id='word_1_274' title='bbox 1237 3559 1303 3619; x_wconf 89' lang='lat' dir='ltr'><strong>ovis</strong></span> 
     </span>
     <span class='ocr_line' id='line_1_31' title="bbox 126 3660 1302 3747; baseline -0.003 -21"><span class='ocrx_word' id='word_1_275' title='bbox 126 3681 269 3726; x_wconf 88' lang='lat' dir='ltr'><strong>anserum</strong></span> <span class='ocrx_word' id='word_1_276' title='bbox 292 3662 394 3743; x_wconf 89' lang='lat' dir='ltr'><strong>paullo</strong></span> <span class='ocrx_word' id='word_1_277' title='bbox 417 3660 546 3737; x_wconf 86' lang='lat' dir='ltr'><strong>majora,</strong></span> <span class='ocrx_word' id='word_1_278' title='bbox 578 3679 614 3722; x_wconf 83' lang='lat' dir='ltr'><strong>en</strong></span> <span class='ocrx_word' id='word_1_279' title='bbox 637 3663 744 3747; x_wconf 88' lang='lat' dir='ltr'><strong>quibus</strong></span> <span class='ocrx_word' id='word_1_280' title='bbox 765 3663 967 3742; x_wconf 83' lang='lat' dir='ltr'><strong>procedentes</strong></span> <span class='ocrx_word' id='word_1_281' title='bbox 989 3666 1037 3726; x_wconf 85' lang='lat' dir='ltr'><strong>vir</strong></span> <span class='ocrx_word' id='word_1_282' title='bbox 1058 3663 1169 3724; x_wconf 90' lang='lat' dir='ltr'><strong>babent</strong></span> <span class='ocrx_word' id='word_1_283' title='bbox 1184 3662 1302 3740; x_wconf 87' lang='lat' dir='ltr'><strong>palmae</strong></span> 
     </span>
     <span class='ocr_line' id='line_1_32' title="bbox 126 3762 1303 3847; baseline -0.003 -18"><span class='ocrx_word' id='word_1_284' title='bbox 126 3765 365 3847; x_wconf 89' lang='lat' dir='ltr'><strong>longitudinem,</strong></span> <span class='ocrx_word' id='word_1_285' title='bbox 390 3762 445 3825; x_wconf 91' lang='lat' dir='ltr'><strong>sed</strong></span> <span class='ocrx_word' id='word_1_286' title='bbox 468 3763 504 3824; x_wconf 90' lang='lat' dir='ltr'><strong>ab</strong></span> <span class='ocrx_word' id='word_1_287' title='bbox 527 3781 562 3825; x_wconf 88' lang='lat' dir='ltr'><strong>ea</strong></span> <span class='ocrx_word' id='word_1_288' title='bbox 584 3765 675 3837; x_wconf 87' lang='lat' dir='ltr'><strong>hora,</strong></span> <span class='ocrx_word' id='word_1_289' title='bbox 698 3783 757 3845; x_wconf 91' lang='lat' dir='ltr'><strong>qua</strong></span> <span class='ocrx_word' id='word_1_290' title='bbox 773 3769 872 3830; x_wconf 85' lang='lat' dir='ltr'><strong>virere</strong></span> <span class='ocrx_word' id='word_1_291' title='bbox 887 3770 1009 3846; x_wconf 87' lang='lat' dir='ltr'><strong>incipit,</strong></span> <span class='ocrx_word' id='word_1_292' title='bbox 1033 3768 1157 3838; x_wconf 85' lang='lat' dir='ltr'><strong>crescit,</strong></span> <span class='ocrx_word' id='word_1_293' title='bbox 1182 3784 1303 3846; x_wconf 91' lang='lat' dir='ltr'><strong>semper</strong></span> 
     </span>
     <span class='ocr_line' id='line_1_33' title="bbox 126 3869 1302 3951; baseline -0.001 -18"><span class='ocrx_word' id='word_1_294' title='bbox 126 3871 288 3951; x_wconf 84' lang='lat' dir='ltr'><strong>proficiens</strong></span> <span class='ocrx_word' id='word_1_295' title='bbox 311 3870 342 3929; x_wconf 94' lang='lat' dir='ltr'><strong>in</strong></span> <span class='ocrx_word' id='word_1_296' title='bbox 364 3869 489 3947; x_wconf 90' lang='lat' dir='ltr'><strong>longum</strong></span> <span class='ocrx_word' id='word_1_297' title='bbox 512 3875 543 3930; x_wconf 89' lang='lat' dir='ltr'><strong>et</strong></span> <span class='ocrx_word' id='word_1_298' title='bbox 563 3869 658 3930; x_wconf 83' lang='lat' dir='ltr'><strong>laium</strong></span> <span class='ocrx_word' id='word_1_299' title='bbox 681 3870 823 3948; x_wconf 87' lang='lat' dir='ltr'><strong>quamdiu</strong></span> <span class='ocrx_word' id='word_1_300' title='bbox 844 3875 918 3935; x_wconf 86' lang='lat' dir='ltr'><strong>vivit</strong></span> <span class='ocrx_word' id='word_1_301' title='bbox 940 3879 980 3943; x_wconf 86' lang='lat' dir='ltr'><strong>et,</strong></span> <span class='ocrx_word' id='word_1_302' title='bbox 1002 3874 1029 3933; x_wconf 90' lang='lat' dir='ltr'><strong>si</strong></span> <span class='ocrx_word' id='word_1_303' title='bbox 1050 3873 1165 3933; x_wconf 83' lang='lat' dir='ltr'><strong>vireret</strong></span> <span class='ocrx_word' id='word_1_304' title='bbox 1180 3878 1302 3932; x_wconf 90' lang='lat' dir='ltr'><strong>eentum</strong></span> 
     </span>
     <span class='ocr_line' id='line_1_34' title="bbox 127 3973 1302 4056; baseline -0.002 -19"><span class='ocrx_word' id='word_1_305' title='bbox 127 3977 224 4047; x_wconf 88' lang='lat' dir='ltr'><strong>annis,</strong></span> <span class='ocrx_word' id='word_1_306' title='bbox 241 3991 363 4052; x_wconf 87' lang='lat' dir='ltr'><strong>semper</strong></span> <span class='ocrx_word' id='word_1_307' title='bbox 378 3980 540 4045; x_wconf 86' lang='lat' dir='ltr'><strong>cresceret,</strong></span> <span class='ocrx_word' id='word_1_308' title='bbox 560 3975 759 4053; x_wconf 89' lang='lat' dir='ltr'><strong>pervenitque</strong></span> <span class='ocrx_word' id='word_1_309' title='bbox 775 3975 813 4037; x_wconf 93' lang='lat' dir='ltr'><strong>ad</strong></span> <span class='ocrx_word' id='word_1_310' title='bbox 827 3975 1049 4056; x_wconf 90' lang='lat' dir='ltr'><strong>longitudinem</strong></span> <span class='ocrx_word' id='word_1_311' title='bbox 1058 3973 1115 4035; x_wconf 85' lang='lat' dir='ltr'><strong>xx</strong></span> <span class='ocrx_word' id='word_1_312' title='bbox 1131 3977 1302 4036; x_wconf 88' lang='lat' dir='ltr'><strong>cubitorum</strong></span> 
     </span>
     <span class='ocr_line' id='line_1_35' title="bbox 128 4077 1299 4157; baseline 0.002 -17"><span class='ocrx_word' id='word_1_313' title='bbox 128 4078 321 4157; x_wconf 91' lang='lat' dir='ltr'><strong>quaudoque,</strong></span> <span class='ocrx_word' id='word_1_314' title='bbox 344 4095 403 4138; x_wconf 92' lang='lat' dir='ltr'><strong>nec</strong></span> <span class='ocrx_word' id='word_1_315' title='bbox 423 4083 473 4138; x_wconf 88' lang='lat' dir='ltr'><strong>est</strong></span> <span class='ocrx_word' id='word_1_316' title='bbox 496 4077 615 4156; x_wconf 34' lang='lat' dir='ltr'><strong>aliquid,</strong></span> <span class='ocrx_word' id='word_1_317' title='bbox 632 4078 721 4150; x_wconf 89' lang='lat' dir='ltr'><strong>aliud,</strong></span> <span class='ocrx_word' id='word_1_318' title='bbox 744 4086 778 4141; x_wconf 92' lang='lat' dir='ltr'><strong>ut</strong></span> <span class='ocrx_word' id='word_1_319' title='bbox 801 4080 873 4141; x_wconf 86' lang='lat' dir='ltr'><strong>dicit</strong></span> <span class='ocrx_word' id='word_1_320' title='bbox 887 4077 1028 4141; x_wconf 79' lang='lat' dir='ltr'><strong>Albertus</strong></span> <span class='ocrx_word' id='word_1_321' title='bbox 1052 4078 1090 4139; x_wconf 91' lang='lat' dir='ltr'><strong>de</strong></span> <span class='ocrx_word' id='word_1_322' title='bbox 1113 4079 1299 4154; x_wconf 90' lang='lat' dir='ltr'><strong>animalibus,</strong></span> 
     </span>
     <span class='ocr_line' id='line_1_36' title="bbox 130 4183 1300 4263; baseline 0 -17"><span class='ocrx_word' id='word_1_323' title='bbox 130 4183 211 4263; x_wconf 89' lang='lat' dir='ltr'><strong>quod</strong></span> <span class='ocrx_word' id='word_1_324' title='bbox 241 4202 280 4246; x_wconf 85' lang='lat' dir='ltr'><strong>ex</strong></span> <span class='ocrx_word' id='word_1_325' title='bbox 299 4191 364 4245; x_wconf 84' lang='lat' dir='ltr'><strong>tam</strong></span> <span class='ocrx_word' id='word_1_326' title='bbox 385 4199 476 4261; x_wconf 87' lang='lat' dir='ltr'><strong>parva</strong></span> <span class='ocrx_word' id='word_1_327' title='bbox 506 4184 620 4262; x_wconf 88' lang='lat' dir='ltr'><strong>origine</strong></span> <span class='ocrx_word' id='word_1_328' title='bbox 643 4184 682 4242; x_wconf 42' lang='lat' dir='ltr'><strong>&#39;in</strong></span> <span class='ocrx_word' id='word_1_329' title='bbox 709 4188 771 4244; x_wconf 82' lang='lat' dir='ltr'><strong>tam</strong></span> <span class='ocrx_word' id='word_1_330' title='bbox 802 4185 969 4245; x_wconf 90' lang='lat' dir='ltr'><strong>immanem</strong></span> <span class='ocrx_word' id='word_1_331' title='bbox 994 4183 1122 4244; x_wconf 89' lang='lat' dir='ltr'><strong>bestiam</strong></span> <span class='ocrx_word' id='word_1_332' title='bbox 1153 4183 1300 4261; x_wconf 75' lang='lat' dir='ltr'><strong>proficiat.</strong></span> 
     </span>
    </p>
   </div>
   <div class='ocr_carea' id='block_1_5' title="bbox 0 0 1442 4770">
    <p class='ocr_par' dir='ltr' id='par_1_7' title="bbox 0 0 1442 4770">
     <span class='ocr_line' id='line_1_37' title="bbox 0 0 1442 4770; baseline 0 0"><span class='ocrx_word' id='word_1_333' title='bbox 0 0 1442 4770; x_wconf 95' lang='lat' dir='ltr'><strong> </strong></span> 
     </span>
    </p>
   </div>
  </div>
 </body>
</html>
