2902 4710
657 156 721 228 175

101 333 140 396 tis
164 338 196 395 et
209 333 315 412 viginti
331 334 415 395 annis
432 337 604 395 constructa
627 335 663 396 ab
677 331 848 398 Alexandro
866 331 1035 421 Macedone
1049 331 1177 415 Magno,
1196 336 1277 435 Q

102 438 236 523 spatium
258 434 339 498 XVll
365 436 497 507 dierum,
529 455 599 498 oum
630 456 684 499 sex
706 438 836 500 millibus
859 455 1014 501 murorum
1041 440 1179 518 passibus
1202 456 1274 501 con·

101 539 163 602 dita
185 540 256 613 luit,
281 539 367 618 cujus
391 541 466 601 situs
491 540 657 621 chlamydis
672 541 801 601 formam
815 528 936 614 habuit,
959 548 990 604 et
1012 543 1119 617 latera,
1144 545 1273 622 quaein

100 642 224 722 longum
256 642 422 704 tendebant
451 643 751 707 circumvallabantur
781 645 947 708 stadiorum
987 647 1083 708 ferme
1114 647 1211 721 XXX,
1243 653 1275 711 et

100 748 241 811 universa
258 748 320 808 viis
345 745 486 808 distincta
509 754 590 820 erat,
622 748 730 826 quibus
755 751 824 827 equi
854 755 885 810 et
908 768 1012 812 currus
1036 750 1165 813 conduci
1186 757 1272 832 pote·

102 858 186 924 raut,
210 851 264 913 sed
288 851 403 912 duabus
426 851 597 922 latissimis,
629 861 707 928 quae
729 853 797 930 plus
816 850 926 930 jugero
950 853 1209 934 expandebantur,
1242 861 1274 917 et

99 972 169 1019 sese
192 954 310 1017 medias
330 954 367 1016 ad
387 961 492 1036 rectos
510 955 636 1035 angulos
659 956 812 1018 secabant.
841 952 977 1020 Munitur
1005 964 1108 1019 autem
1129 958 1272 1041 undique,

97 1066 132 1120 ut
153 1054 251 1137 inquit
273 1057 440 1138 Iosephus,
470 1060 692 1121 incommeabili
717 1059 881 1121 solitudine
905 1067 956 1122 aut
978 1063 1165 1141 importuoso
1188 1054 1273 1137 rastri,

99 1170 150 1226 aut
178 1161 366 1235 fluminibus,
398 1169 449 1223 aut
476 1162 597 1226 silvosis
627 1163 795 1244 paludibus.
841 1162 955 1225 Verum
978 1172 1047 1226 ante
1069 1165 1273 1228 Alexandrum

96 1264 139 1335 Μ,
152 1267 212 1328 ,fuit
232 1269 264 1328 in
287 1286 324 1328 eo
347 1267 415 1327 loco
438 1267 495 1329 alia
519 1269 639 1340 civitas,
664 1268 743 1329 dicta
757 1268 842 1340 Noc,
866 1273 901 1328 ut
915 1267 1004 1333 habet
1019 1268 1051 1329 S.
1067 1268 1271 1349 Hieronymus

98 1375 135 1435 de
158 1377 218 1437 vita
247 1380 278 1435 et
307 1375 389 1434 obitu
413 1374 446 1434 S.
469 1370 596 1444 Paulae,
620 1388 710 1450 quam
731 1369 902 1432 Alexander
924 1369 1079 1450 deposuit,
1110 1379 1142 1435 et
1163 1391 1272 1436 novam

96 1478 258 1558 gloriosam
274 1480 426 1550 exstruxit,
444 1492 521 1554 quae
537 1475 646 1536 multas
658 1475 760 1536 habuit
774 1476 872 1553 regias
884 1471 935 1556 (l),
950 1493 1089 1555 magnam
1105 1477 1186 1538 urbis
1202 1497 1270 1558 par-

96 1590 159 1645 tem
182 1601 334 1663 occupans
358 1584 555 1658 (occupantes
565 1574 594 1656 i)
618 1577 748 1651 Quilibet
772 1582 854 1641 enim
875 1596 982 1657 regum
1004 1577 1098 1659 (135
1122 1577 1166 1659 a)
1188 1582 1271 1644 illam

98 1705 153 1768 pro
176 1689 261 1750 libitu
289 1665 451 1750 voluntatis
480 1700 554 1744 suae
576 1683 676 1761 aliquo
709 1688 889 1744 ornamento
914 1682 1070 1760 spectabili
1099 1681 1271 1759 decorabat,

95 1793 197 1855 etalii
219 1799 360 1884 potentes
393 1791 458 1852 aliis
491 1805 559 1851 eam
588 1788 788 1849 venustabant
810 1787 993 1875 insignibam
1025 1793 1056 1847 et
1084 1789 1116 1849 in
1139 1780 1271 1867 qlrodam

95 1895 161 1975 ejus
190 1895 364 1976 prodigioso
396 1893 532 1956 aedificio
560 1910 670 1971 corpus
699 1891 860 1955 Alexandri
889 1890 992 1970 Magni
1028 1892 1145 1968 alveolo
1176 1911 1269 1956 aureo

93 1988 283 2062 reconditum
306 2001 377 2073 luit,
413 1996 503 2077 quod.
517 2002 587 2075 post
610 1996 732 2075 quidam
755 1997 858 2076 Syriae
882 2013 935 2056 rex
957 1996 1065 2075 rapuit.
1110 1992 1156 2058 De
1179 1999 1269 2061 mira·

92 2104 201 2166 bilibus
230 2103 355 2185 templis
384 2101 535 2163 idolorum
564 2103 601 2184 in¹
629 2084 877 2174 eaconstructis
910 2101 992 2162 veuit
1015 2106 1122 2178 postea
1149 2104 1182 2163 in
1214 2102 1269 2165 de·

94 2210 258 2288 scriptione
272 2207 404 2287 Aegypti
421 2205 600 2295 dicepdum,
623 2204 738 2284 dequo
761 2212 864 2267 tamen
878 2204 981 2266 videre
1004 2211 1092 2283 potes
1114 2208 1145 2266 in
1168 2206 1268 2267 eccle·

93 2313 214 2386 siastica
236 2307 417 2370 historiaL.
441 2309 477 2370 ll.
503 2308 536 2368 C.
553 2304 604 2370 31.
630 2314 662 2368 et
685 2313 917 2386 consequenter.
961 2306 1015 2367 Est
1038 2315 1140 2371 autem
1163 2311 1268 2371 civitas
1309 2338 1313 2351 ⁴

75 2415 169 2475 >haec
198 2416 290 2476 totius
307 2412 443 2492 Aegypti
470 2413 663 2491 metropolis,
697 2415 755 2473 sita
784 2414 816 2472 in
847 2428 884 2472 ea
912 2417 1013 2491 parte,
1045 2429 1121 2490 quae
1144 2411 1269 2491 Libyam

92 2519 216 2597 respicit
237 2520 268 2578 iu
285 2517 402 2588 Africa,
425 2518 457 2577 in
480 2500 610 2576 confinio
633 2514 706 2575 culti
729 2515 802 2586 soli,
825 2515 938 2587 ita,ut
954 2520 1036 2575 extra
1050 2515 1132 2576 urbis
1148 2517 1268 2581 moenia

91 2641 198 2686 versus
220 2622 294 2684 solis
316 2637 460 2683 occasum
488 2625 572 2681 vasta
594 2619 732 2698 protinus
763 2635 884 2679 eremus
908 2616 1056 2695 adjaceat,
1087 2638 1146 2681 nec
1176 2620 1267 2702 longe

92 2729 149 2789 sita
173 2733 220 2789 est
242 2744 259 2787 a
281 2727 342 2787 Nili
364 2727 456 2797 ostio,
488 2725 547 2796 ita,
579 2722 660 2801 quod
684 2728 767 2783 certo
790 2729 929 2801 tempore
952 2721 1040 2783 solito
1063 2721 1196 2786 lluminls
1219 2728 1266 2788 in.

10 2907 12 2911 .
90 2837 245 2892 cremento
268 2847 337 2909 pars
360 2829 468 2891 urbem
490 2825 604 2897 intluit,
628 2843 718 2904 quam
741 2841 887 2917 aquamm
907 2823 1102 2888 influxionem
1127 2831 1266 2894 cistemio

90 2938 285 3017 amplissimis
301 2942 332 2996 et
347 2935 498 3015 specubus
514 2930 718 2993 subterraneis
734 2947 790 3008 pro
806 2933 869 2990 toto
893 2945 972 2990 anno
996 2928 1033 2991 ad
1049 2950 1154 2995 eorum
1175 2954 1266 2999 usum

89 3049 254 3104 reservant.
300 3039 377 3102 Tota
400 3041 482 3101 enim
500 3038 584 3099 urbis
606 3035 740 3098 fundatis
762 3036 794 3097 in
816 3034 882 3096 solo
899 3036 1027 3097 arcubus
1050 3043 1082 3098 et
1102 3038 1265 3102 testudini·

88 3145 144 3205 bus
168 3143 417 3224 superaedificata
440 3148 645 3214 sustentatur,
669 3147 700 3203 et
721 3142 753 3202 in
776 3141 842 3202 illas
859 3139 1062 3202 concavitates
1084 3139 1191 3205 delluit
1205 3145 1266 3207 Nili

88 3263 182 3325 aqua,
211 3265 270 3308 nec
304 3247 394 3306 aliam
423 3245 464 3305 ibi
486 3261 597 3324 aquam
626 3245 790 3324 potabilem
812 3245 937 3316 habent,
968 3263 1044 3324 quae
1067 3250 1194 3312 insuetis
1216 3252 1264 3312 iu·

88 3365 162 3411 sana
182 3356 213 3410 et
226 3349 340 3410 febrilis
356 3354 417 3420 est,
442 3365 512 3409 nam
535 3367 642 3410 omnes
666 3367 764 3430 paene
787 3349 926 3428 galeotae
949 3349 1053 3412 classis
1068 3350 1200 3413 febribus
1217 3355 1264 3416 in·

87 3451 160 3513 lecti
185 3453 305 3514 inerant
335 3459 459 3533 propter
491 3470 587 3531 aquae
620 3461 741 3535 potum,
774 3471 865 3533 quam
886 3457 917 3516 in
942 3456 1091 3518 caloribus
1113 3458 1263 3538 intempe-

87 3563 190 3620 ranter
210 3557 357 3619 biberant.

174 3661 284 3722 Civitas
308 3660 384 3721 haec
407 3665 456 3721 est
478 3659 726 3725 commodissime
758 3665 816 3724 sita
847 3661 886 3725 ad
909 3663 1089 3728 celebranda
1111 3682 1262 3730 commer-

86 3765 146 3837 cia,
179 3771 285 3844 portus
308 3764 423 3827 habeus
455 3765 740 3844 duo's'disjunctos,
771 3768 873 3847 lingna
904 3770 1035 3849 quadam
1062 3769 1283 3848 interjacente,

84 3866 174 3930 valde
197 3876 338 3948 angusta,
373 3871 404 3930 in
436 3866 523 3946 eujus
547 3873 647 3952 capite
670 3879 718 3934 est
739 3874 828 3934 turris
851 3875 944 3934 mirae
968 3873 1146 3947 altitudinis,
1171 3895 1262 3956 quam

85 3971 182 4035 Julius
206 3974 318 4035 Caesar
347 3973 457 4035 dicitnr
480 3975 673 4049 aedificasse,
701 3993 791 4055 quam
820 3979 976 4041 nominant
998 3979 1159 4062 Fareglan,
1181 3982 1263 4044 sieut

84 4082 116 4138 et
138 4082 236 4163 totum
257 4086 380 4158 portum
402 4097 471 4140 cum
494 4079 696 4158 interjacente
719 4079 822 4160 lingua
845 4088 877 4145 et
899 4081 1054 4147 aedificiis.

160 4179 280 4261 tortus
294 4185 442 4265 ¹,anterior
472 4192 520 4249 est
549 4204 608 4268 pro
627 4186 758 4252 navibus
780 4185 1020 4259 Christianorum
1048 4188 1261 4271 smdpieudtit
