2874 4770
673 207 744 285 fflss

126 387 157 449 S.
181 386 301 448 Donati.
345 384 470 447 Praeter
501 383 567 446 illas
591 389 662 446 sant
692 382 790 447 adhuc
814 382 916 462 plures
941 379 1091 444 ecclesiae
1114 387 1145 443 et
1168 384 1302 462 capellae

126 492 175 552 vel
197 489 381 560 Latiuomm‚
404 490 453 550 vel
469 489 647 560 Glaborum,
672 493 703 548 et
726 488 807 548 nulla
823 486 1016 549 Graeoomm.
1050 486 1186 549 Vidimus
1210 489 1302 548 etiam

128 595 166 655 Sa
185 593 280 655 Jodlls
303 592 468 673 prophetae
493 599 591 672 caput.

217 695 343 757 Praesul
374 695 440 773 ejus
465 700 592 760 civitatis
623 703 670 757 est
704 696 950 776 archiepiscopus
981 696 1119 757 dominus
1142 693 1304 755 ledrensis.
1420 709 1427 724 ·

127 798 264 861 Minores
287 807 317 861 et
331 799 558 863 Praedicatores
574 801 685 862 hebent
706 800 748 860 ibi
771 806 937 861 conventus
961 800 1121 879 pulchros,
1145 805 1176 858 et
1197 797 1304 876 vulgus

126 904 258 982 loquitur
278 903 380 980 lingua
403 904 583 967 sclavonica.

214 1006 287 1067 Post
309 1009 513 1070 visitationem
536 1010 735 1072 eeclesiamm
758 1009 880 1087 quidam
903 1011 935 1068 in
957 1007 1305 1084 navesremigavemnt,

126 1112 174 1173 alii
197 1113 227 1171 in
249 1111 386 1190 hospitiis
409 1120 600 1186 manserunt,
625 1131 683 1192 ego
706 1120 889 1175 conventum
911 1118 1049 1173 nostmm
1071 1112 1194 1182 intravi,
1219 1111 1305 1169 utin

126 1233 163 1276 eo
188 1232 348 1276 ooenarem
370 1222 401 1277 et
424 1224 646 1295 pernoctarem,
670 1217 726 1279 sed
749 1217 821 1278 dum
837 1216 1016 1277 sederemus
1039 1217 1069 1276 iu
1093 1230 1196 1283 coena,
1220 1210 1304 1272 audi·

124 1321 154 1381 vi
179 1319 289 1380 tubam,
304 1335 361 1378 nos
386 1320 417 1379 in
444 1337 535 1382 naves
551 1323 728 1383 invitantem
751 1327 783 1381 et
797 1320 949 1381 derelictis
972 1319 1111 1381 omnibus
1129 1316 1306 1377 intenebris

127 1426 247 1486 cucurri
270 1423 307 1484 ad
331 1425 460 1485 civitatis
484 1433 603 1504 portam
637 1442 765 1503 eamque
795 1423 858 1501 jam
882 1423 1015 1485 clausam
1036 1422 1146 1501 reperi.
1192 1418 1305 1480 Accur-

126 1533 231 1589 rerunt
253 1544 312 1587 una
336 1543 457 1586 mecum
480 1528 568 1588 multi
591 1528 655 1597 alii,
682 1535 713 1587 et
727 1535 830 1606 aperta
846 1527 901 1597 luit
923 1528 1009 1588 nobis
1026 1527 1082 1588 alia
1097 1542 1188 1606 parva
1205 1529 1300 1602 porte,

127 1648 192 1709 per·
205 1647 296 1708 quam
318 1631 464 1690 exivimus
492 1632 574 1691 etin
597 1648 689 1692 naves
711 1633 926 1711 navigavimus.

215 1715 325 1804 Quint‘a
348 1731 412 1802 die,
436 1751 512 1812 quae
535 1741 583 1795 est
606 1735 706 1813 vigilia
728 1735 926 1815 Epiphaniae,
949 1737 1067 1798 stabant
1089 1735 1305 1812 gubernatores

128 1837 315 1908 triremium,
352 1832 512 1898 ventorum
547 1837 683 1900 afflatum
716 1831 943 1919 exspectantes,
984 1840 1192 1900 conticuerant
1224 1837 1306 1897 enim

129 1943 230 2002 cuncti
252 1943 343 2012 venti,
368 1941 482 2002 stabam
506 1949 537 2004 et
560 1960 617 2022 ego
634 1962 703 2004 oum
720 1946 774 2016 eis,
798 1946 884 2023 quia,
909 1946 934 2005 si
956 1963 1016 2005 nou
1038 1943 1120 2004 illico
1137 1939 1306 2001 solveretur

127 2046 250 2114 elassis,
281 2043 418 2105 volebam
450 2047 598 2126 reingredi
631 2049 783 2109 civitatem
820 2055 851 2109 et
884 2048 1045 2110 celebrare.
1103 2046 1170 2106 Non
1202 2048 1304 2103 autem

127 2151 212 2230 potui
235 2155 359 2220 notare,
396 2167 432 2210 an
453 2151 558 2212 classis
582 2152 725 2213 solvenda
759 2160 842 2213 esset
870 2153 917 2214 vel
940 2172 1010 2214 non.
1056 2147 1207 2212 Descendi
1231 2163 1305 2224 ergo

125 2257 156 2316 in
181 2254 303 2315 beream
347 2260 379 2315 et
401 2257 545 2332 remigavi
579 2256 609 2316 in
633 2257 739 2317 urbem
771 2264 803 2318 et
835 2258 983 2319 celebravi
1009 2256 1046 2317 ad
1067 2252 1304 2317 Praedicatores.

127 2357 199 2418 Post
222 2359 348 2417 missam
371 2356 515 2418 descendi
539 2356 577 2417 ad
600 2375 703 2429 mare,
728 2364 759 2419 et
782 2377 872 2432 ecee,
905 2360 1003 2421 soluta
1025 2358 1133 2419 classis
1155 2353 1307 2414 terebatur

128 2478 145 2520 a
178 2468 267 2539 portu
301 2467 332 2520 et
362 2461 437 2521 velis
466 2459 578 2521 inflatis
607 2468 731 2522 ventum
763 2462 959 2540 sequebatur,
994 2463 1079 2524 navis
1108 2464 1208 2520 autem
1238 2470 1306 2514 mea

127 2582 232 2624 omnes
255 2562 455 2641 praecedebat
478 2571 509 2625 et
531 2582 547 2625 a
570 2565 659 2644 louge
678 2583 733 2643 per
755 2583 838 2626 mare
861 2564 963 2644 (202
981 2562 1024 2644 a)
1047 2563 1176 2626 volabat.
1216 2557 1306 2630 Qu⁰d

129 2676 164 2729 ut
195 2666 256 2729 vidi
282 2669 386 2746 expavi
422 2675 452 2728 et
485 2671 623 2747 aperiens
645 2669 767 2729 bursam
798 2668 974 2729 marcellum
1005 2671 1035 2729 in
1063 2667 1184 2727 barcam
1218 2678 1308 2723 unam

129 2771 243 2852 projeci
276 2779 307 2832 et
329 2774 361 2832 in
392 2789 459 2833 eam
487 2773 607 2845 saltari,
642 2773 813 2851 significans
848 2789 896 2833 me
931 2790 1000 2832 esse
1023 2771 1062 2832 de
1085 2771 1182 2831 classe
1216 2765 1307 2826 etde

128 2876 213 2955 galea
238 2878 385 2955 capitanei
407 2876 616 2948 Alexandrini,
650 2895 711 2937 nou
744 2879 825 2938 enim
849 2895 917 2937 eum
941 2877 1077 2937 harcario
1110 2874 1184 2934 scivi
1214 2869 1306 2948 loqui,

128 2981 198 3058 quia
220 2979 345 3040 Sclavus
376 2987 457 3052 erat,
493 2988 523 3042 et
554 2984 648 3061 signis
678 3001 747 3042 cum
777 2998 814 3042 eo
846 2982 1049 3043 conterebam.
1096 2979 1305 3056 Navigavimus

129 3101 201 3161 ergo
224 3089 293 3161 post
316 3084 444 3145 classem
467 3104 537 3146 oum
560 3087 696 3165 possibili
718 3086 891 3147 festinantia
912 3093 1047 3148 etunam
1064 3083 1178 3163 galeam
1206 3081 1304 3159 attigi·

128 3207 214 3259 mus,
238 3205 315 3266 quae
337 3188 472 3250 nondum
494 3197 584 3250 vento
607 3191 674 3252 vela
696 3189 838 3262 dederat,
868 3191 953 3269 galea
975 3207 1048 3251 vero
1072 3205 1139 3248 mea
1162 3187 1305 3246 continue

129 3295 273 3353 remotior
294 3293 399 3365 fiebat,
423 3311 481 3354 nec
503 3293 647 3373 possibile
670 3294 725 3357 luit
748 3313 816 3356 eam
840 3299 986 3373 attingere
1010 3311 1079 3354 oum
1094 3291 1193 3351 barca.
1223 3286 1307 3348 Jussi

129 3411 200 3472 ergo
222 3396 391 3456 beroarium
413 3414 463 3456 me
485 3399 516 3457 in
540 3397 656 3476 galeam
679 3400 847 3475 proximam
862 3398 989 3468 ducere,
1014 3412 1091 3475 quae
1114 3391 1201 3468 cujus
1224 3396 1308 3451 esset

129 3499 281 3579 ignoravi,
306 3501 427 3576 etquis
450 3502 481 3558 in
504 3517 540 3560 ea
556 3506 639 3561 esset
657 3502 783 3560 nescivi.
828 3497 961 3560 Ascendi
985 3514 1058 3575 ergo
1081 3496 1119 3557 de
1141 3496 1230 3555 barca
1252 3510 1308 3570 per

129 3603 234 3681 galeae
266 3599 375 3679 gradus
407 3620 528 3664 sursum
562 3610 593 3665 et
616 3603 653 3664 ad
676 3603 778 3663 locum
801 3614 986 3682 paup‘emm‚
1022 3603 1072 3680 qui
1106 3618 1167 3661 uou
1197 3599 1308 3658 babent

129 3708 266 3786 proprias
287 3706 427 3775 cumbas,
451 3709 573 3769 transivi
595 3709 626 3769 iu
653 3725 773 3786 proram
797 3712 828 3767 et
843 3705 1048 3768 diffortunium
1064 3723 1165 3769 meum
1182 3702 1306 3782 galeotis

129 3810 189 3871 illis
212 3811 349 3882 recitavi,
384 3811 535 3890 quomodo
559 3830 620 3873 non
643 3813 842 3891 negligentia,
873 3812 928 3873 sed
957 3818 1081 3892 propter
1102 3809 1229 3872 Missam
1257 3826 1306 3868 me

131 3914 248 3976 tardare
273 3917 466 3994 contigisset,
500 3934 609 3996 rogans
641 3932 694 3977 eos
724 3933 843 3993 mecum
871 3915 981 3977 habere
1004 3917 1180 3997 patientiam
1210 3930 1306 3991 usque

132 4021 161 4079 in
184 4020 350 4099 proximum
366 4027 496 4102 portum.
526 4019 684 4081 dilocutus
707 4022 799 4081 etiam
821 4020 864 4081 tui
886 4022 1028 4082 baronem
1045 4019 1148 4099 galeae
1164 4026 1196 4079 et
1210 4019 1306 4096 serip-

133 4131 247 4200 torem,
270 4135 378 4208 petens
401 4145 470 4198 eos,
494 4134 528 4188 ut
543 4127 760 4185 misererentur
775 4127 834 4185 mei
849 4128 1007 4206 pauperis,
1031 4132 1062 4185 et
1084 4139 1190 4185 omnes
1213 4122 1306 4182 hene·

133 4228 217 4290 volos
238 4232 353 4304 iuveni,
386 4248 571 4314 quamquam
593 4247 646 4291 eos
669 4246 730 4291 non
751 4234 927 4304 noscerem,
958 4247 1018 4293 nec
1042 4231 1100 4311 ipsi
1123 4245 1183 4289 me.
1228 4225 1305 4288 llato
