2874 4770
702 150 768 220 87¹1

146 332 203 393 bus
225 331 288 392 suis
312 329 433 401 diebus,
456 327 537 390 unde
557 329 590 389 in
610 327 707 389 tribus
729 325 837 389 dicbus
858 321 943 388 xxii
964 323 1058 388 millia
1083 323 1324 388 Ghdsliuuorum

148 442 219 496 sunt
242 436 342 496 occisa
364 439 488 514 propter
509 432 600 495 fidem
623 433 668 493 ab'
684 433 738 491 613.

234 536 439 599 Diocletianus
462 539 577 616 primus
600 537 722 598 violavit
744 536 960 613 imperatorum
993 533 1160 595 bumilitate
1216 540 1248 595 et
1269 552 1322 597 rc·

146 641 243 701 stibus
267 659 301 702 36
324 641 537 702 calceamentis
561 658 696 720 gemmas
719 640 858 699 inseruit.
895 634 973 696 Alibi
994 638 1071 716 legi,
1092 632 1148 716 'qut
1210 639 1322 717 nuntiis

147 743 183 804 31
207 762 240 804 66
264 745 452 806 venientibus
475 746 632 823 praecepit
650 743 791 822 jugulare
815 743 1003 820 superiorem
1036 747 1069 800 et
1088 759 1116 802 or
1212 743 1260 801 rit

146 849 257 908 riorem
280 850 400 920 ambos,
424 856 456 908 et
479 847 611 908 secunda
633 849 700 909 vice
723 849 834 907 iterum
857 845 948 916 duos,
972 849 1003 904 et
1026 850 1072 903 ter
1132 844 1188 902 aim

229 949 334 1011 Polam
368 949 450 1030 ergo‘
470 954 713 1032 postergavimus
745 959 777 1012 61
800 951 972 1011 cambono
995 955 1116 1010 ventor

140 1052 231 1131 longe
255 1052 403 1116 1131313333
426 1058 577 1117 civitatem
600 1055 747 1126 vidimus,
770 1057 801 1116 in
824 1054 912 1134 eujus
935 1058 1061 1133 aspectu
1090 1071 1169 1112 novo
1191 1051 1208 1112 la

137 1156 234 1234 jubilo
258 1156 357 1218 affecti
373 1177 493 1233 sumus,
516 1162 584 1239 quia
601 1167 665 1221 erat
679 1163 796 1240 primus
813 1165 935 1239 portus,
958 1175 1051 1236 quem
1066 1156 1220 1235 apprehen

140 1262 172 1320 in
205 1262 286 1321 exitu
320 1269 424 1324 nostro
454 1262 492 1325 de
515 1264 666 1335 Venetiis,
698 1271 733 1325 ut
763 1270 846 1342 patet
870 1280 962 1341 33333
996 1261 1028 1322 Ρ.
1052 1260 1074 1321 l.
1102 1260 1164 1320 Ful.
1188 1255 1242 1323 58.

140 1362 267 1424 meridie
290 1372 424 1426 mutatus
447 1375 494 1428 est
514 1374 639 1438 ventus,
672 1372 703 1427 et
725 1371 823 1427 rostra
853 1365 960 1426 classis
988 1367 1019 1425 13
1043 1372 1164 1444 portum
1186 1363 1320 1424 Rubiaae
1410 1386 1420 1397 ⁴

141 1467 271 1527 civitatis
295 1472 517 1540 convertimus,
551 1469 589 1530 de
619 1487 679 1548 quo
708 1470 786 1530 bene
814 1468 858 1529 iui
886 1475 1062 1540 contentus,
1095 1474 1129 1529 ut
1151 1470 1182 1528 in
1213 1485 1320 1528 navem

141 1585 242 1629 meam
265 1578 297 1630 et
319 1573 459 1633 cumbam
482 1575 635 1651 propriam
658 1574 843 1644 revenirem,
866 1591 957 1633 nemu
980 1575 1062 1634 enim
1085 1575 1116 1633 iu
1134 1578 1237 1632 nostra
1252 1573 1321 1633 navi

142 1672 272 1745 sciebat,
305 1691 354 1734 me
386 1678 509 1737 esseio
534 1675 650 1747 classe,
683 1674 738 1736 sed
760 1677 919 1754 putabant,
953 1693 1002 1736 me
1024 1674 1132 1736 Jadrae
1162 1677 1319 1747 3333331666,

140 1774 189 1834 vel
212 1775 333 1854 aliquod
348 1776 555 1842 diffortunium
578 1799 701 1859 passum
725 1781 834 1852 131666,
858 1782 906 1842 vel
922 1783 1061 1861 periisse.
1090 1781 1201 1842 Nescio
1218 1786 1319 1842 autem

139 1898 200 1959 quo
225 1900 296 1944 6363
320 1885 443 1959 3661111,
478 1888 559 1968 quod
581 1889 682 1968 galea,
715 1891 744 1949 in
769 1907 828 1968 qua
851 1906 948 1960 eram,
982 1887 1118 1965 quamvis
1146 1884 1250 1945 ultima
1279 1885 1318 1946 de

137 1992 226 2065 portu
248 1985 372 2050 Jadrino
397 1990 505 2053 educta
536 1993 640 2065 136311,
674 1995 704 2053 13
736 1999 918 2072 tempestate
949 1999 1050 2053 tamen
1080 1989 1217 2069 projecta
1246 1997 1316 2050 ante

136 2097 261 2152 cunctas
285 2094 386 2172 galeas
410 2098 506 2174 prima
538 2100 568 2158 in
591 2103 680 2176 portu
703 2098 820 2158 liubino
850 2097 917 2158 1311.
962 2095 1061 2169 Quam
1090 2095 1191 2155 statim
1214 2100 1315 2154 aulem

136 2194 167 2253 in
197 2203 320 2274 portum
349 2202 502 2272 venimus,
535 2208 603 2262 ante
633 2202 890 2263 introductionem
921 2201 1047 2261 aliarum
1075 2202 1212 2269 navium,
1245 2217 1315 2259 curn

135 2298 285 2362 nobilibus
309 2306 474 2381 peregrinis
498 2305 619 2384 scaphis
642 2305 680 2367 ad
703 2313 816 2368 terram
838 2306 922 2367 ducti
948 2308 979 2366 in
1001 2307 1154 2367 civitatem
1176 2304 1316 2366 ascendi·

136 2418 204 2461 mus
227 2402 265 2462 ad
287 2422 446 2484 vesperas,
469 2425 547 2486 quae
571 2415 639 2469 3613
662 2409 856 2488 pulsabantur
877 2412 909 2469 in
929 2409 1059 2469 66616313
1073 2409 1105 2470 S.
1120 2409 1314 2488 Euphemiam

135 2505 223 2566 nobis
246 2508 276 2567 in
301 2508 392 2570 choro
415 2512 562 2573 stantibus
585 2515 666 2574 venit
681 2521 826 2592 patronus
850 2511 954 2591 galeae
979 2530 1065 2574 meae
1089 2531 1159 2574 eum
1180 2512 1313 2574 dominis

137 2612 168 2667 et
189 2611 358 2687 peregrinis
382 2617 472 2676 sociis
496 2617 588 2688 meis,
622 2624 653 2677 et
675 2617 814 2679 videntes
837 2635 885 2678 me
909 2620 994 2696 quasi
1021 2625 1189 2680 monstrum
1210 2620 1311 2696 inspe-

135 2718 257 2783 rerunt,
282 2715 434 2790 mirantes,
459 2738 529 2780 curn
552 2739 612 2799 quo
634 2724 796 2794 venissem,
821 2729 852 2782 et
874 2720 1156 2800 congratulabantur
1177 2721 1250 2782 mibi
1273 2721 1311 2782 16

131 2812 253 2875 1331333
269 2833 344 2877 mea.
383 2819 454 2883 l'cst
473 2841 616 2902 vesperas
643 2824 748 2887 videns
764 2827 913 2887 ecclesiae
937 2829 1127 2906 praepositus
1150 2827 1311 2888 ecclesiam

133 2934 201 2977 esse
225 2919 372 2997 repletam
395 2924 584 3001 hominibus,
608 2932 755 2991 reseravit
776 2931 911 2992 tumbam
925 2931 1030 2992 beatae
1052 2932 1176 3009 virginis
1190 2931 1309 3010 Euphe-

131 3022 227 3093 33136,
248 3024 281 3082 13
305 3042 363 3102 qua
386 3047 496 3108 corpus
520 3030 587 3108 ejus
613 3034 758 3111 quiescit,
781 3033 1308 3097 6111116366313113333363336133

132 3118 187 3203 (13)
211 3130 349 3205 martyris
379 3133 530 3211 reliquias.
578 3132 653 3214 Legi
682 3139 774 3197 etiarn
803 3137 845 3197 ibi
876 3138 907 3197 in
934 3138 1009 3199 libro
1037 3139 1122 3199 chori
1152 3138 1307 3218 pulchram

129 3226 301 3301 historiam,
326 3235 478 3310 quomodo
501 3239 683 3301 miraculose
705 3240 743 3301 de
770 3240 987 3315 chalcedonia,
1018 3244 1069 3304 nbi
1091 3243 1148 3304 1311
1171 3246 1307 3322 martyri·

131 3337 213 3402 3313,
237 3331 293 3393 1311
317 3334 377 3394 buc
400 3341 553 3403 translata.
599 3342 800 3406 chalcedonia
823 3353 870 3407 cst
892 3347 963 3407 urbs
985 3350 1017 3408 in
1040 3347 1111 3409 alsia
1134 3352 1253 3421 minori,
1276 3353 1307 3411 in

127 3434 228 3495 littore
252 3433 373 3498 Bassori
396 3441 496 3520 pelagi
518 3446 591 3518 3113,
616 3465 652 3508 er
675 3450 817 3527 opposito
834 3449 1127 3527 Constantinopolis,
1151 3455 1229 3513 sicut
1252 3470 1303 3514 33-

127 3540 230 3616 363136
253 3539 315 3600 Fol.
343 3538 403 3606 176
427 3544 541 3608 dictum
564 3557 629 3623 est,
660 3554 691 3613 iu
714 3571 773 3631 qua
795 3552 962 3631 Euphemia
990 3554 1049 3615 11113
1072 3554 1228 3617 Senatorio
1251 3558 1306 3618 sub

126 3641 315 3706 Diocletiana
338 3652 551 3725 persecutione
574 3672 591 3715 a
608 3653 711 3718 Prisco
734 3659 860 3718 consule
877 3659 1052 3737 martyrium
1068 3660 1194 3721 mirabili
1209 3678 1305 3741 agone

126 3751 347 3810 consummavit
363 3758 513 3831 superatis
538 3758 679 3821 inauditis
694 3765 820 3840 poenis,
837 3769 870 3824 31
885 3763 1011 3824 13316133
1026 3765 1057 3823 13
1072 3761 1139 3840 ejus
1153 3763 1303 3844 Legenda.

124 3849 197 3910 Earn
220 3853 322 3930 itaque
344 3864 495 3920 mortuam
511 3862 672 3925 Christiani
687 3884 757 3927 cum
771 3867 886 3928 honore
901 3868 1101 3946 sepelierunt,
1126 3877 1304 3931 construen-

125 3957 172 4012 tes
204 3956 233 4015 ei
267 3957 443 4021 ecclesiam'
463 3980 555 4042 supra
589 3973 724 4044 petram,
759 3987 838 4048 quae
860 3970 907 4043 ,de
941 3971 1041 4032 littore
1074 3974 1105 4032 in
1128 3989 1211 4032 mare
1234 3992 1303 4052 pro·

127 4057 272 4130 minebat‚
297 4067 328 4122 et
350 4080 428 4144 aqua
452 4068 508 4128 sub
531 4069 598 4146 ipsa
621 4077 707 4148 petra
729 4074 761 4133 in
782 4082 881 4137 terrae
896 4078 1012 4138 viscera
1027 4077 1165 4148 intrabat,
1189 4079 1303 4138 meritis

127 4159 209 4219 enim
228 4161 334 4226 beatae
356 4171 496 4248 martyris
519 4171 552 4231 in
572 4171 658 4235 brevi
679 4181 744 4238 tcta
757 4175 958 4241 chalcedonia
980 4179 1017 4242 ad
1038 4179 1130 4243 fidem
1152 4180 1209 4242 1311
1230 4199 1302 4246 eon·
