2874 4770
723 209 789 278 45⁷

167 388 229 453 vidi
250 404 344 452 uuum
366 388 405 452 de
427 388 568 452 (lentibus
590 388 621 450 S.
648 387 871 467 christophori,
895 403 929 447 os
952 387 1057 465 utique
1080 403 1222 465 magnum
1246 391 1277 447 et
1298 387 1344 448 in·

169 511 260 573 gens,
283 501 407 572 argento
422 495 589 565 inclusum,
614 499 644 554 et
660 509 750 553 unam
765 492 903 553 draconis
919 491 1050 569 linguam
1072 487 1163 552 trium
1177 491 1346 569 palmarum

167 597 386 677 longitudinem
408 599 588 666 habentem,
613 614 704 674 quam
728 595 787 656 dur
810 597 891 656 inter
912 595 1054 672 reliquias
1069 597 1205 673 reposuit
1227 597 1257 655 in
1281 613 1345 655 me·

169 701 293 762 mariale
315 719 450 781 perenne
505 701 623 761 Dicitur
645 703 745 771 enim,
780 698 863 778 quod
893 701 1079 778 temporibus
1103 701 1257 777 gigantum
1280 703 1345 778 qui·
1426 747 1427 753 κ

171 788 240 866 dum
261 806 344 883 gigas
367 806 480 884 patriae
503 803 584 865 illius
606 806 749 883 princeps
771 806 926 882 ingentem
949 803 1079 882 peremit
1094 800 1266 875 draconem,
1288 805 1345 865 liu·

170 923 260 985 gnam
282 906 357 985 ejus·
371 925 546 979 reservans,
569 907 772 969 haereditario
785 906 853 985 jure
878 906 1005 967 ducibus
1021 905 1256 968 Pontinensibus
1280 925 1346 968 eam

170 1010 352 1090 rellpquens.
397 1013 430 1074 Si
453 1013 559 1083 liceret
580 1013 667 1074 nobis
691 1030 760 1073 cum
784 1013 882 1091 poetis
905 1011 1028 1089 lingere,
1052 1008 1154 1070 dicere
1177 1020 1347 1088 possemus,

100 1112 147 1191 θ’,
169 1113 250 1176 hunc
273 1116 424 1195 gigantem
457 1116 495 1178 de
518 1116 622 1178 sobole
645 1115 784 1178 Herculis
813 1122 929 1187 ortum,
964 1132 1041 1193 quae
1077 1131 1200 1192 semper
1227 1116 1348 1176 inimica

169 1218 350 1280 draconibus
373 1221 625 1300 serpentibusque
649 1237 684 1280 ac
706 1221 905 1280 monstruosis
931 1218 1003 1279 ieris
1028 1219 1155 1290 exstitit,
1185 1236 1256 1295 nam
1279 1220 1347 1296 ipse

168 1322 316 1385 Hercules
345 1327 377 1384 in
401 1325 490 1394 cunis,
509 1325 608 1385 iulans
632 1325 763 1386 existens
795 1331 953 1404 serpentes
976 1343 993 1385 a
1015 1322 1133 1384 lunone
1156 1322 1194 1383 ad
1217 1341 1251 1383 se
1275 1325 1347 1382 mis·

169 1424 369 1497 nosocomii,
403 1443 497 1488 manu·
518 1426 616 1506 e'apita
639 1444 745 1487 eorum
772 1445 850 1506 puer
880 1427 1005 1488 viriliter
1035 1424 1282 1504 apprehendens,
1317 1433 1348 1487 et

172 1527 326 1607 perlectae
350 1531 457 1590 aetatis
487 1530 664 1609 pervigilem
697 1531 861 1592 draconem
891 1531 971 1592 horti
994 1534 1154 1592 aureorum
1188 1547 1347 1609 pomorum

171 1632 326 1692 interemit
356 1638 387 1692 et
410 1650 502 1694 aurea
533 1632 611 1694 mala
637 1635 736 1712 rapuit
757 1633 867 1713 puellis
891 1632 1064 1722 Hesperiis.¹
1095 1633 1202 1714 Gigas,
1226 1634 1264 1695 de
1288 1652 1348 1713 quo

172 1752 274 1795 sermo
303 1741 367 1806 est,
402 1734 527 1798 audiens
560 1739 590 1797 in
613 1738 738 1817 Alpibus
762 1738 884 1799 Carneis
915 1745 946 1799 et
968 1738 1120 1800 Rhaeticis
1152 1740 1216 1801 fore
1239 1738 1348 1801 vallem

171 1856 261 1899 aurea
283 1838 360 1900 mala
384 1841 575 1918 gignentem,
596 1841 651 1903 sed
675 1843 710 1903 ab
734 1842 974 1904 insidiosissimis
995 1841 1069 1902 feris
1092 1844 1276 1921 possessam,
1299 1860 1347 1903 as·

171 1942 369 2020 sumtisergo
385 1944 477 2003 sociis
491 1944 583 2021 Alpes
598 1946 753 2023 ingressus
778 1952 809 2006 et
834 1946 980 2025 peremtis
996 1944 1224 2024 possessoribus
1241 1961 1346 2006 earum

137 2090 143 2101 .
169 2044 200 2105 in
224 2043 301 2105 hanc
325 2047 463 2123 pervenit
485 2045 594 2108 vallem
627 2056 658 2109 et
680 2049 844 2111 draconem
869 2056 1025 2129 repertum
1056 2050 1209 2109 interemit
1231 2049 1347 2109 locum·

169 2165 229 2227 que
252 2155 377 2227 argento
400 2154 520 2228 septum
543 2151 694 2230 possedit,
717 2155 748 2213 in
773 2170 948 2233 quofaurea
970 2153 1048 2214 mala
1070 2152 1192 2224 habuit;
1224 2159 1347 2231 argento

171 2253 251 2312 enim
275 2258 393 2312 montes
416 2269 514 2330 paene
537 2271 643 2315 omnes
665 2257 698 2334 in
721 2273 829 2334 gyrum
851 2257 967 2327 virent,
992 2274 1052 2335 quo
1076 2253 1114 2316 de
1136 2256 1272 2315 miseriis
1297 2273 1347 2316 ex-

171 2361 266 2416 tracto
290 2373 380 2416 aurea
404 2355 497 2428 mala,
531 2354 657 2418 ducatos
680 2356 873 2436 llorenosque
896 2357 984 2419 facile
1009 2363 1056 2418 est
1080 2359 1226 2436 reperire.
1271 2358 1351 2419 Nam

170 2460 268 2519 omnis
290 2457 340 2519 illa
361 2466 442 2519 terra
463 2465 586 2536 argento
610 2458 720 2520 relerta
744 2467 808 2532 est,
844 2460 1013 2521 nodesola
1047 2459 1227 2540 splendente
1259 2476 1349 2520 arena

170 2567 201 2621 et
221 2561 338 2640 lapides
362 2562 526 2623 scintillant
556 2565 715 2642 visumque
747 2564 936 2641 inspicientis
961 2565 1184 2643 repercutiunt,
1214 2569 1245 2623 et
1269 2562 1349 2640 quod

171 2662 281 2725 dicitur
303 2665 341 2726 de
364 2665 498 2745 Pyrenae
522 2666 674 2727 montibus
697 2664 882 2738 mirandum,
906 2684 1012 2729 revera
1035 2666 1073 2728 de
1096 2667 1207 2727 nostris
1222 2664 1348 2726 lulianis

170 2765 383 2846 Rhaetieisque
404 2768 530 2848 Alpibus
560 2787 596 2831 ac
625 2769 751 2831 Ferieiis
784 2770 937 2830 montibus
970 2771 1107 2831 similiter
1139 2770 1210 2849 fingi
1233 2775 1346 2848 posset.

170 2869 300 2932 Praelati
322 2875 403 2933 enim
426 2878 544 2936 montes
567 2874 670 2935 silvosi
693 2881 780 2945 sunt,
805 2881 836 2935 et
858 2876 965 2954 priscis
988 2875 1176 2954 temporibus
1199 2893 1272 2937 casu
1293 2892 1349 2954 per

171 2981 307 3054 pastores
329 2978 431 3055 ignem
455 2979 511 3039 sibi
534 2978 682 3040 iacientes
705 2981 829 3039 incensa
861 2986 933 3039 sunt
963 2981 1063 3040 omnia
1093 2979 1174 3059 ligna
1197 2981 1280 3058 igne,
1317 2984 1349 3040 et

172 3081 268 3139 omnis
303 3083 387 3161 regio
423 3082 595 3155 combusta,
629 3081 698 3144 ideo
731 3085 823 3144 etiam
855 3101 989 3163 pyrenae
1021 3083 1169 3145 dicuntur.
1215 3082 1348 3145 Ardenle

171 3189 272 3250 autem
295 3186 443 3245 continuis
466 3184 571 3247 diebus
594 3189 664 3265 igne
687 3186 790 3267 plures
814 3205 850 3248 ex
873 3188 1025 3249 montibus
1048 3189 1162 3266 argenti
1179 3189 1246 3267 puri
1261 3187 1348 3248 rivuli

170 3283 359 3348 flammarum
391 3290 419 3348 vi
443 3287 631 3350 effluxerunt.
678 3291 743 3360 Sic,
776 3291 835 3361 sic,
871 3292 896 3350 si
919 3297 1091 3351 nostrarum
1113 3289 1235 3370 Alpium
1269 3291 1349 3367 ligna

172 3387 313 3449 arderent
334 3395 365 3450 et
379 3391 494 3451 viscera
520 3392 599 3452 illius
615 3393 724 3453 nobilis
745 3399 844 3454 terrae
859 3394 1097 3463 incalescerent,
1119 3392 1198 3454 haud
1216 3392 1347 3463 dubium,

172 3492 244 3568 quin
268 3507 285 3549 e
308 3491 473 3552 visceribus
496 3496 652 3573 copiosum
675 3501 834 3572 argentum
857 3512 912 3573 per
927 3496 1049 3556 modum
1066 3494 1229 3556 rivulorum
1251 3510 1347 3573 usque

171 3595 203 3653 in
226 3592 321 3654 valles
343 3592 514 3655 desudaret.
1064 3601 1072 3612 '

258 3696 350 3776 lgitur
374 3715 390 3756 a
414 3700 562 3759 montanis
584 3700 751 3780 perplana
773 3702 974 3779 equitavimus
1005 3699 1043 3761 ad
1064 3699 1223 3761 Ponticam
1246 3703 1347 3762 civita-

171 3807 235 3861 tem
258 3808 289 3860 et
311 3802 440 3880 ingressi
462 3802 566 3863 urbem
590 3820 657 3864 eam
681 3805 829 3884 repletam
850 3805 999 3866 nobilibus
1029 3812 1060 3866 et
1082 3806 1238 3884 armigeris
1264 3807 1348 3866 inva-

172 3904 288 3975 nimus,
312 3908 381 3983 quia
405 3906 496 3985 aliqui
521 3908 673 3986 principes
697 3914 726 3967 at
749 3909 940 3970 marchiones
963 3914 994 3969 et
1008 3909 1137 3970 barones
1161 3928 1229 3970 eum
1252 3909 1349 3970 archi·

175 4008 250 4070 duce
280 4018 382 4082 erant,
416 4011 567 4090 siquidem
591 4013 656 4089 ipse
688 4012 746 4073 dux
773 4020 872 4073 terrae
900 4029 1023 4074 uxorem
1053 4020 1228 4091 acceperat,
1263 4012 1348 4072 ducis

175 4109 319 4175 Saroniae'
342 4113 449 4186 liliam,
485 4124 515 4177 et
538 4114 574 4176 nd
597 4116 715 4192 nuptias
748 4115 942 4177 celebrandas
972 4119 1131 4178 universae
1153 4115 1348 4178 Alamanniae

175 4213 290 4278 nobiles
313 4218 512 4292 confluebant,
536 4220 630 4282 etita
653 4224 716 4281 tota
738 4220 842 4281 civitas
857 4219 914 4281 luit
929 4225 1149 4300 praeoccupata
1170 4221 1201 4280 in
1224 4227 1349 4292 tantum,
