2902 4710
700 151 764 224 372

229 329 274 390 Da
297 328 347 390 illa
370 345 442 406 ergo
464 329 561 388 veteri
584 326 671 389 Jadra
696 325 733 388 ad
756 343 865 388 novam
887 327 1113 406 navigavimus,
1146 334 1177 390 et
1198 334 1324 408 portum

141 431 206 510 cjus
229 432 358 510 ingressi
372 448 464 492 naves
488 432 695 492 stabilivimus.
726 429 821 491 Educi
844 449 916 510 ergo
938 449 994 492 nos
1018 431 1146 493 fecimus
1168 435 1199 494 in
1222 433 1322 493 barcis

141 544 223 598 extra
246 535 284 596 ad
304 536 389 597 littus
412 542 443 595 et
465 537 593 614 ingressi
618 535 724 595 urbem
748 535 810 596 ibat
825 536 1033 613 unusquisque
1050 553 1110 614 quo
1125 531 1321 616 volebat(b),

141 645 190 708 vel
214 642 250 704 ad
273 641 426 713 tabernas,
451 641 498 703 vel
522 640 560 701 ad
583 625 748 712 ecclesias,
781 657 838 718 ego
861 657 933 701 vero
956 642 1113 720 ingressus
1137 647 1322 702 conventum

139 748 267 809 fratrum
289 752 461 807 nostrorum
484 745 714 823 praesentabam
737 761 786 803 me
802 742 915 815 Priori,
939 750 1063 831 petens,
1086 744 1113 803 si
1136 743 1249 804 diutius
1264 761 1322 805 nos

85 864 93 871 ·
139 852 181 912 ibi
204 867 325 912 manera
350 851 554 926 contingeret,
590 846 671 926 quod
704 849 877 924 ingressum
900 853 932 907 et
954 864 1112 925 egressum
1135 865 1237 909 meum
1260 865 1324 908 non

141 973 231 1034 aegre
255 955 334 1015 forre
356 953 458 1014 vellet.
503 949 546 1011 lbi
569 953 667 1030 primo
692 952 816 1029 percepi
840 968 856 1010 a
879 950 1018 1012 fratribus
1047 952 1161 1013 obitum
1185 952 1324 1030 magistri

140 1059 271 1130 ordinis,
305 1056 404 1116 fratris
436 1055 517 1116 Salvi
548 1055 585 1116 de
608 1054 767 1116 Panormo.
812 1055 869 1116 Die
892 1053 1164 1136 advesperascente
1188 1057 1323 1136 regressi

141 1181 245 1224 sumus
268 1164 298 1221 in
322 1162 433 1239 galeas.

228 1265 340 1337 Quarta
365 1262 431 1335 die,
455 1280 531 1341 quae
555 1269 602 1324 est
625 1262 776 1325 dominica
798 1265 828 1326 in
851 1270 956 1327 octava
979 1265 1175 1332 innocentum
1197 1283 1225 1347 s.
1245 1270 1318 1326 ante

138 1370 350 1451 Epiphaniam,
374 1384 433 1428 non
458 1365 515 1427 fuit
537 1373 658 1446 tempus
674 1369 855 1446 navigationi
872 1375 990 1447 aptum,
1015 1375 1046 1429 et
1067 1371 1197 1449 ingressi
1213 1386 1321 1429 surnus

139 1477 169 1535 in
186 1475 343 1535 civitatem
367 1469 405 1530 ad
427 1469 526 1530 divina
549 1468 665 1541 officia3
690 1470 758 1531 ideo
781 1473 888 1533 intravi
911 1490 968 1550 ego
992 1479 1174 1534 conventum
1195 1470 1321 1535 Praedi-

137 1586 274 1642 catorum
301 1582 332 1635 et
354 1575 395 1635 ibi
418 1573 525 1636 divinis
549 1573 650 1636 adstiti
680 1583 711 1635 et
733 1577 963 1637 cumfratribus
992 1594 1119 1656 pransus
1148 1577 1200 1638 fui.
1246 1574 1324 1643 Post

138 1680 298 1762 prandium
320 1684 422 1739 autern
446 1679 644 1739 convenimus
678 1697 734 1747 nos
765 1681 917 1758 peregrini
948 1686 979 1741 et
1001 1670 1155 1742 civitatem
1178 1681 1321 1742 circumi·

137 1789 253 1856 vimus,
283 1787 381 1862 ipsam
403 1780 558 1854 videntes,
591 1789 622 1842 et
645 1800 751 1843 omnes
779 1784 924 1844 ecclesias
957 1785 1143 1846 visitavimus
1174 1783 1322 1863 reliquias

139 1897 169 1951 et
192 1887 395 1966 indulgentias
419 1891 608 1946 venerantes.

223 1994 277 2053 Est
296 1993 379 2065 ,enim
404 1990 492 2053 Jadra
514 1989 681 2051 Dalmatiae
705 1992 808 2052 civitas
842 1991 879 2052 ad
902 2009 1030 2070 regnum
1052 1993 1207 2070 pertinens
1231 1991 1319 2055 ilun-

138 2098 251 2177 gariae,
277 2112 353 2173 quae
377 2094 533 2156 aVenetis
558 2100 644 2171 capta
667 2100 698 2154 et
712 2111 855 2172 possessa
871 2095 972 2156 multis
988 2098 1104 2173 vicibus
1126 2099 1170 2159 eis
1186 2097 1318 2160 rebella·

135 2203 193 2272 vit,
217 2205 247 2259 et
270 2197 392 2259 tandem
415 2216 452 2258 ex
472 2199 589 2276 integro
612 2199 644 2258 in
667 2214 773 2258 eorum
788 2205 972 2277 potestatem
995 2208 1042 2262 est
1065 2199 1195 2261 redacta.
1229 2199 1263 2260 ln
1280 2219 1320 2263 ea

136 2305 255 2371 civitate
280 2309 349 2363 sunt
372 2303 484 2363 multae
508 2302 732 2379 antiquissimae
749 2303 906 2364 columnae
922 2321 1108 2366 marmoreae
1135 2321 1262 2382 magnae
1285 2306 1319 2365 in

135 2409 269 2469 virorum
293 2406 462 2485 aliquorum
484 2406 645 2483 insignium
669 2409 863 2479 memoriam,
886 2408 1000 2468 multae
1024 2410 1115 2469 etiarn
1130 2408 1261 2468 fornices
1287 2414 1321 2470 et

138 2525 225 2571 arces
251 2509 446 2588 triumphales
462 2509 665 2570 Romanorum
681 2513 829 2572 victorum
854 2513 938 2589 signa
967 2512 1008 2572 ibi
1023 2520 1108 2584 sunt,
1132 2529 1202 2590 quo.
1215 2508 1320 2590 potui-

135 2632 203 2675 mus
226 2615 408 2694 intelligere,
439 2620 538 2674 terrae
561 2616 713 2693 principes
736 2616 776 2676 ibi
800 2616 961 2676 habitasse.
1007 2612 1194 2676 Marmoreas
1223 2615 1320 2675 etiam

135 2719 250 2779 tabulas
274 2735 343 2778 cum
366 2716 492 2794 sculptis
516 2719 610 2777 scutis
634 2725 666 2777 et
688 2719 865 2796 imaginibus
900 2725 931 2779 et
963 2719 1065 2779 latinis
1095 2719 1252 2797 scripturis
1272 2719 1319 2779 ibi

135 2838 189 2898 per
211 2820 278 2880 loca
301 2821 332 2879 in
356 2811 488 2896 antiquis
511 2821 606 2879 muris
629 2819 768 2881 vidimus.
814 2819 856 2881 lbi
881 2827 928 2880 est
952 2821 1081 2904 ecclesia
1106 2821 1137 2881 S.
1162 2820 1317 2884 Simeonis

135 2925 231 2991 senis,
265 2922 317 2999 qui
346 2922 376 2980 in
405 2919 514 2980 faciem
536 2921 676 2983 Domini:
721 2924 809 2984 Nunc
834 2924 976 2996 dimittis,
1012 2926 1123 2985 cecinit
1155 2932 1187 2986 et
1217 2942 1316 3004 puero

135 3024 208 3086 lesu
231 3026 379 3101 matrique
404 3022 469 3099 ejus
492 3024 659 3097 benedixit,
685 3024 786 3087 Lucae
809 3025 843 3086 ll.
890 3028 943 3088 Est
966 3034 1067 3089 autam
1091 3027 1220 3089 ecclesia
1243 3046 1316 3107 pre-

133 3132 210 3190 tiosa
234 3128 271 3189 de
295 3134 442 3206 perpetua
464 3126 590 3199 fabrica,
614 3131 684 3205 quia
705 3127 794 3189 valde
818 3130 979 3191 artificiose
1000 3131 1037 3192 de
1054 3132 1180 3210 sculptis
1204 3137 1235 3205 et
1257 3149 1315 3209 po-

133 3231 193 3293 litis
217 3232 365 3312 lapidibus
388 3232 557 3292 fabricatur.
602 3229 649 3291 Ad
672 3235 827 3294 sinistrum
848 3235 926 3295 latus
950 3234 1033 3295 ohori
1057 3233 1258 3312 estcapella,
1281 3234 1316 3292 in

134 3354 192 3415 qua
216 3344 263 3397 est
285 3335 419 3398 tumulus
442 3337 592 3414 pretiosus
610 3354 677 3396 curn
695 3337 798 3399 tumba
815 3342 949 3418 corporis
965 3339 996 3400 S.
1014 3340 1181 3412 Simeonis,
1204 3337 1315 3399 ferreis

133 3442 273 3503 cancellis
296 3443 479 3503 obfirmatus.
525 3439 609 3502 Hanc
633 3443 766 3502 tumbam
790 3443 877 3503 nobis
904 3444 1042 3504 canonici
1065 3446 1257 3521 aperuerunt,
1271 3447 1317 3502 'et

133 3564 242 3624 corpus
267 3563 387 3607 sacrum
402 3545 553 3619 vidimus,
577 3546 724 3609 foramina
751 3548 923 3618 oculorum,
947 3550 1065 3610 aurium
1088 3555 1118 3610 et
1141 3550 1202 3608 oris
1224 3547 1314 3607 bom·

132 3649 207 3726 byce
231 3657 315 3711 erant
338 3652 499 3712 obstructa.
545 3651 657 3712 Dicunt
680 3659 799 3722 autem,
834 3652 967 3730 linguam
995 3653 1025 3711 in
1056 3669 1108 3711 ore
1141 3649 1240 3712 adhuc
1262 3666 1313 3710 re-

132 3758 252 3811 centem
288 3770 355 3812 esse
388 3771 445 3812 nec
476 3752 655 3815 tabefactam
688 3762 739 3817 aut
773 3763 955 3834 corruptam.
1013 3752 1087 3832 Lagi
1118 3755 1148 3814 in
1179 3751 1314 3831 quodam

131 3854 327 3932 peregrinali,
352 3854 432 3932 quod
455 3857 632 3933 peregrinus
657 3844 799 3927 affirmat,
824 3875 857 3917 se
880 3857 1012 3936 linguam
1034 3858 1147 3919 vidisse
1171 3872 1315 3917 carneam

132 3963 162 4016 et
184 3962 356 4027 recentem3
381 3955 434 4015 sed
457 3974 513 4016 nos
537 3974 597 4016 non
619 3976 724 4020 sumus
747 3967 809 4021 tam
825 3978 918 4039 prope
941 3961 1067 4022 admissi
1090 3961 1127 4027 ad
1151 3961 1313 4038 experien-

130 4059 203 4121 dum
226 4058 293 4119 hoc.
338 4059 391 4119 Est
414 4061 504 4120 etiarn
531 4061 571 4129 ibi
595 4060 724 4122 ecclesia
747 4070 868 4124 sanctae
893 4064 1071 4127 Anastasiae
1092 4065 1246 4143 ‚martyria
1271 4071 1314 4127 et

129 4148 174 4227 in⁴
194 4181 230 4226 ea
262 4180 371 4243 corpus
407 4161 490 4240 ejus,
524 4163 606 4243 quod
640 4168 732 4229 etiam
764 4166 904 4232 vidimus.
927 4240 930 4244 .
957 4169 1105 4231 Similiter
1137 4174 1169 4230 et
1198 4185 1311 4249 corpus
