2874 4770
737 163 804 232 288

182 341 387 418 imprimatur,
428 339 560 401 marinas
603 347 781 418 compescat
811 343 990 419 mitigetque
1028 346 1237 419 tempestates.
1284 342 1366 403 Sunt

184 448 276 508 etiarn
298 444 376 505 duae
398 445 505 522 spinae
528 443 566 504 de
590 461 701 505 corona
724 444 845 506 Domini
867 446 963 505 nostri
987 443 1060 504 Jesn
1085 442 1211 515 Christi,
1236 462 1367 523 quarum

183 551 277 612 altera
299 548 422 635 quidem
444 549 474 609 iu
499 556 613 617 castro,
637 549 731 610 altera
752 567 825 609 vero
848 550 880 608 in
903 549 1034 609 ecclesia
1050 547 1082 607 S.
1097 545 1250 628 iohannis*
1268 548 1367 608 hono·

183 653 266 717 rilice
289 636 505 722 conservatur,
530 659 749 730 miratumque
782 654 868 714 nohis
892 671 948 731 pro
984 651 1162 721 redoluit,
1196 651 1279 728 quod
1304 669 1368 712 una

184 773 305 829 earum,
329 756 446 818 scilicet
470 773 548 834 qnae
571 762 620 818 est
641 759 672 817 in
695 764 811 828 castro,
826 741 890 836 ¹per
912 756 1049 835 singulos
1073 772 1167 815 annos
1190 753 1286 814 indie
1311 772 1367 833 pa·

184 878 326 924 rasceves
347 859 455 923 florem
477 861 646 942 producere
670 868 774 942 aperte
798 868 829 922 et
851 861 1012 924 manifeste
1027 859 1174 922 videatur.
1203 856 1249 918 lbi
1272 860 1369 918 etiam

184 965 306 1029 illorum
327 964 415 1028 XXX
436 972 650 1042 argenteorum
673 947 750 1027 uuus
775 983 845 1027 esse
867 965 1058 1061 perhibetur,
1090 966 1152 1023 imo
1183 969 1214 1022 et
1236 961 1367 1022 demon·

187 1078 311 1142 stratur,
335 1091 389 1151 pro
413 1072 521 1151 quibps
545 1071 698 1132 Christum
720 1071 856 1147 uendidit
877 1069 969 1131 ludas
984 1068 1117 1139 ludaeis,
1141 1064 1232 1126 etde
1256 1066 1367 1144 quibus

180 1182 327 1236 emerunt
350 1173 456 1236 ludaei
481 1192 585 1254 agrum
605 1173 772 1236 Aleldama
800 1177 831 1235 in
853 1174 1040 1253 sepulturam
1064 1171 1301 1251 peregrinorum,
1328 1169 1367 1230 de

188 1297 247 1359 quo
270 1279 396 1339 habetur
418 1275 565 1338 Matthaei
587 1275 694 1338 XXVI.
741 1277 844 1350 Qualis
879 1276 993 1338 lormae
1016 1279 1057 1337 sit
1079 1280 1238 1355 argenteus
1260 1273 1311 1333 ille
1336 1276 1368 1334 iu

187 1382 310 1454 Rhodo,
333 1379 402 1461 vide
423 1379 511 1442 Parte
532 1379 555 1441 1.
579 1380 630 1441 iol.
650 1378 721 1445 163.
760 1381 804 1442 lbi
828 1383 920 1442 etiam
944 1388 993 1442 est
1016 1387 1106 1459 caput
1129 1379 1161 1441 S.
1177 1377 1367 1439 Philomelae

187 1491 309 1569 virginis
338 1494 368 1549 ct
391 1488 488 1566 portio
512 1504 573 1546 nou
595 1503 686 1565 parva
710 1486 747 1547 de
771 1487 853 1565 ligno
880 1493 1003 1547 sauctae
1033 1488 1131 1547 crucis
1155 1490 1185 1545 et
1211 1484 1368 1545 brachium

187 1593 220 1653 S.
245 1591 366 1670 Georgii
387 1591 526 1669 martyris
557 1595 589 1649 et
621 1590 775 1651 brachium
805 1589 914 1661 Blasii;
948 1589 1103 1651 brachium
1127 1592 1217 1650 etiam
1241 1589 1273 1648 S.
1298 1588 1367 1648 Ste-

188 1697 279 1778 phani
302 1697 545 1777 protomartyris;
578 1696 734 1756 brachium
757 1696 787 1756 S.
813 1694 947 1756 Thomae
973 1697 1118 1774 apostoli;
1153 1693 1311 1754 brachium
1333 1691 1365 1752 S.

188 1800 365 1878 Leodegarii
395 1799 550 1879 episeopi;
590 1807 680 1877 eaput
710 1799 740 1860 S.
773 1799 957 1878 Euphemiae
992 1800 1113 1878 virginis
1148 1803 1179 1858 et
1210 1799 1366 1875 martyris;

189 1911 279 1983 caput
302 1901 332 1963 S.
357 1899 513 1983 Polycarpi
536 1904 688 1982 episcopi;
713 1910 803 1982 caput
825 1905 913 1964 unius
937 1921 973 1964 ei
989 1903 1130 1964 undecim
1152 1902 1283 1963 millibus
1308 1903 1366 1963 vir·

189 2011 309 2089 ginum;
333 2025 439 2068 manns
463 2007 493 2066 S.
518 2006 624 2069 Clarae
647 2009 769 2086 virginis
794 2012 825 2069 et
848 2025 953 2068 manus
977 1996 1008 2068 S.
1024 2005 1146 2077 Annae,
1179 2008 1283 2066 matris
1307 2008 1366 2067 vir·

190 2113 268 2192 ginis
290 2105 418 2183 Mariae3
455 2113 608 2173 sinistrum
638 2113 792 2173 brachium
816 2130 885 2173 cum
909 2131 997 2173 manu
1022 2108 1077 2192 (b)
1101 2113 1220 2172 inclitae
1244 2113 1368 2190 virginis

191 2217 222 2277 S.
248 2216 440 2287 Catharinae‚
472 2215 552 2295 qnod
575 2218 696 2277 nonnisi
718 2219 747 2278 in
772 2216 837 2294 ejus
860 2217 937 2279 festo
962 2217 1185 2278 demonstratur
1215 2217 1247 2276 iu
1270 2222 1368 2275 castro

189 2323 220 2384 iu
245 2319 358 2401 capella
381 2320 495 2380 domini
518 2319 716 2383 colossensis.
763 2320 824 2382 Sed
848 2328 879 2382 et
901 2321 1039 2381 monachi
1063 2321 1093 2382 S.
1116 2320 1297 2382 Catharinae
1320 2337 1367 2380 re-

192 2427 509 2509 conditampiuistram
520 2444 642 2487 manum
654 2428 684 2487 in
700 2417 818 2495 tumulo,
830 2427 954 2505 virginis
963 2428 1130 2505 peregrinis
1143 2425 1317 2495 ostendunt,
1337 2432 1370 2485 ut

192 2551 281 2613 snpra
315 2537 397 2612 patet
429 2530 480 2591 iol.
504 2527 556 2592 40.
604 2531 658 2592 Cui
690 2530 874 2592 credendum
907 2533 946 2591 sit
978 2528 1121 2608 dijudicet
1150 2531 1196 2590 vir
1224 2527 1368 2607 prudens.

193 2639 331 2708 Osteusis
355 2643 456 2697 autem
479 2636 615 2697 omnibus
630 2636 772 2714 praelatis
794 2637 927 2715 reliquiis
944 2634 1050 2696 ultimo
1067 2636 1133 2695 loco
1156 2636 1370 2712 pretiosiorem

192 2744 368 2805 thesaurum
392 2739 560 2818 producunt
583 2758 651 2800 cum
679 2739 773 2800 multo
794 2739 907 2799 honore
932 2746 963 2799 et
978 2740 1164 2809 reverentia,
1188 2740 1371 2799 sanctissimi

193 2845 399 2929 praecursoris
432 2846 571 2916 Domini,
595 2843 738 2908 iohannis
771 2845 917 2924 baptistae
951 2845 1106 2906 brachium
1137 2843 1274 2904 dextrum
1303 2862 1372 2903 cnm

194 2969 285 3012 manu
310 2955 430 3010 extento
454 2948 561 3028 digito,
585 2967 645 3028 quo
669 2949 927 3011 demonstraverat
949 2946 1061 3025 mundo
1081 2947 1118 3008 ad
1134 2947 1256 3009 oculum
1279 2949 1371 3024 lilium

194 3053 251 3116 Dei
281 3054 401 3129 diceus:
427 3072 499 3114 ecce
523 3071 616 3132 agnus
639 3054 712 3127 Dei,
736 3071 809 3115 ecce
833 3055 884 3131 qui
901 3052 978 3114 tollit
993 3059 1116 3131 peccata
1144 3052 1264 3123 muudi,
1289 3071 1371 3119 ecce,

196 3159 233 3221 de
257 3172 316 3237 quo
340 3156 477 3218 dicebam
510 3157 611 3217 vobis:
643 3159 693 3235 qui
718 3166 786 3236 post
809 3174 858 3216 me
881 3157 980 3226 veuit,
1012 3162 1081 3216 ante
1111 3174 1160 3216 me
1189 3155 1287 3217 iactus
1318 3161 1373 3224 est,

194 3262 280 3340 cujus
304 3281 365 3324 non
389 3280 456 3322 sum
474 3260 581 3338 dignus
599 3263 756 3336 corrigiam
777 3261 973 3321 calceamenti
989 3259 1124 3332 solvere;
1149 3277 1231 3327 ecce,
1254 3259 1303 3318 hic
1327 3265 1374 3317 est

197 3367 276 3427 filius
299 3365 370 3435 Dei,
393 3364 537 3426 iohannis
560 3367 668 3445 primo.

281 3468 314 3530 ln
338 3469 395 3529 hoc
418 3470 609 3530 beatissimus
624 3468 776 3548 lohannes
800 3469 929 3547 baptista
953 3469 1092 3528 omnibus
1109 3468 1263 3547 prophetis
1286 3474 1371 3527 ante-

195 3573 304 3643 fertur,
328 3572 407 3632 unde
431 3573 468 3634 de
485 3576 550 3652 ipso
568 3575 698 3635 canitur:
725 3573 973 3645 Caele-ritantum
998 3574 1137 3633 cecinere
1161 3579 1258 3633 vatem
1282 3570 1373 3630 corde

196 3695 357 3759 praesagu;
388 3674 477 3754 jubar
505 3677 668 3740 affuturum
701 3686 733 3740 tu
765 3676 887 3756 quidem
917 3675 1020 3737 mundi
1050 3677 1152 3736 scelus
1186 3675 1373 3736 auferentem

197 3781 297 3843 indice
321 3780 433 3858 prodis.
1122 3838 1125 3845 ,

286 3885 447 3959 Quomodo
470 3892 573 3946 autem
595 3884 653 3945 hoc
676 3886 901 3946 sanctissimum
914 3883 1070 3944 brachium
1086 3884 1225 3946 Rhodum
1240 3883 1373 3945 delatum

196 3992 247 4062 sit,
270 3992 402 4052 breviter
418 3989 525 4050 dicam.
561 3987 681 4049 Scimus
705 4009 740 4052 ex
757 3991 887 4051 lectione
910 3987 1090 4068 evangeliea,
1113 3989 1279 4050 iohannem
1300 3987 1373 4067 hap-

196 4095 301 4154 tistam
317 4095 352 4155 ab
369 4091 491 4156 llerode
504 4089 615 4168 Autipa
639 4091 704 4153 lore
728 4095 909 4156 decollatum
925 4102 1047 4174 propter
1062 4092 1273 4164 llerodiadem,
1296 4110 1374 4172 quae

196 4199 352 4280 accipiens
375 4203 466 4276 caput
497 4195 593 4258 saccis
616 4195 746 4260 cilicinis
774 4198 899 4261 involvit
920 4206 953 4261 et
971 4197 1056 4278 juxta
1079 4197 1208 4260 llerodis
1231 4197 1374 4277 palatium
