2874 4770
667 156 739 227 did

123 336 269 409 Vineam,
301 348 444 414 magnos,
478 353 548 398 oum
578 335 689 416 tripiici
720 336 847 409 ambitu,
882 340 913 396 et
940 336 1132 398 relormatus.
1179 331 1302 397 Tertius

123 446 172 502 est
193 445 358 503 eonventus
381 459 476 502 norus
505 439 542 502 ad
565 447 703 501 sanetum
725 440 797 512 Job,
831 457 924 519 quem
951 440 1020 500 suis
1049 439 1199 519 impensis
1230 454 1302 498 oon-

122 547 229 607 struxit
256 543 489 624 Christophorus
521 543 660 616 Maurus,
695 541 746 607 70.
777 539 963 605 Venetorum
997 541 1071 613 dux,
1102 559 1183 602 anno
1219 537 1301 605 1461

123 648 226 727 ibique
247 648 386 727 sepultus
409 655 465 709 est.
512 647 574 709 Sed
598 653 629 708 et
650 647 759 708 iratres
781 646 1008 709 Praedicatores
1037 651 1101 707 tres
1124 646 1168 706 ibi
1190 645 1304 706 habent

120 756 299 814 eonventus.
344 749 518 829 Principalis
544 755 576 810 et
598 748 696 826 major
724 756 772 810 est
794 749 832 811 ad
854 749 886 811 S.
911 748 1080 811 iohannem
1109 754 1143 809 et
1165 748 1302 820 l’aulnm,

124 861 291 918 conventus
315 854 478 917 multorum
493 853 636 925 fratrum,
659 858 721 914 tres
743 853 833 914 habet
855 854 984 914 ambitus
1009 857 1040 913 et
1054 851 1161 912 homos
1175 851 1303 931 amplos,

124 958 298 1021 dormitoria
320 964 352 1020 et
374 958 535 1019 reieetoria
558 963 589 1018 et
612 957 684 1017 alias
707 956 844 1018 olliainas
864 957 1018 1018 solennes.
1061 941 1201 1016 Eoelesia
1224 955 1303 1015 illius

124 1066 290 1124 eonventus
314 1067 362 1123 est
385 1061 461 1123 adeo
484 1078 592 1139 magna
615 1067 646 1122 et
669 1061 741 1133 alta,
766 1066 799 1122 ut
821 1078 838 1122 a
860 1061 950 1139 longe
971 1061 1132 1122 venientes
1149 1057 1303 1130 Venetiae,

96 1162 99 1167 ’
124 1169 266 1246 simper
294 1182 377 1228 mare
405 1167 470 1227 sire
503 1183 560 1244 per
580 1170 711 1235 terram,
743 1164 841 1243 primo
864 1164 984 1225 eulmen
1006 1168 1131 1224 nostrae
1153 1163 1304 1235 ecelesiae

124 1275 283 1350 appareat,
307 1275 339 1331 et
360 1269 754 1349 appropinquantibus-urbi
776 1269 858 1330 nulla
880 1274 1030 1330 stmoture
1051 1267 1194 1330 rideatur
1210 1266 1305 1345 major

123 1374 215 1434 totius
229 1374 366 1444 civitatis,
382 1373 516 1452 quamvis
532 1373 645 1434 multae
661 1368 791 1450 majores
806 1374 875 1444 sint,
891 1378 993 1434 tamen
1007 1388 1067 1432 non
1078 1368 1233 1431 videntur.
1261 1368 1304 1432 tt

58 1544 66 1555 ,
124 1477 246 1554 antiquo
268 1474 325 1536 iuit
345 1475 386 1535 ini
408 1476 625 1535 monasterium
654 1481 686 1536 et
714 1476 923 1554 praepositura
952 1473 1067 1535 ordinis
1089 1473 1122 1533 S.
1146 1472 1304 1535 Benedioti

125 1595 194 1639 eum
217 1577 321 1640 humili
345 1577 492 1647 ecelesia,
525 1576 611 1654 eujus
635 1579 784 1639 eeclesiae
808 1577 966 1643 columnae
989 1562 1180 1638 marmoreae
1209 1576 1303 1638 adhue

125 1680 216 1743 hodie
242 1680 348 1759 jacent
374 1681 541 1768 inambitu
572 1679 689 1757 majori.
735 1679 827 1766 Porro
851 1697 928 1741 anno
951 1681 1073 1742 Domini
1100 1677 1214 1753 1225..
1238 1697 1304 1741 enm

121 1767 186 1848 jam
207 1783 281 1846 ordo
296 1782 545 1847 Praedicatorum-
564 1787 596 1845 in
618 1783 733 1845 mundo
755 1785 870 1845 clarere
896 1785 1063 1864 incepisset
1085 1792 1118 1845 et
1140 1791 1215 1846 oete
1237 1786 1303 1847 anni

18 1872 21 1877 ¹
125 1907 144 1952 a
166 1891 395 1952 oonseoratione
418 1888 539 1951 ordinis¹
554 1889 735 1948 transissent
765 1892 796 1947 et
819 1884 878 1947 duo
902 1878 919 1947 a
942 1889 1069 1949 transitu
1091 1889 1175 1950 beati
1202 1889 1303 1948 Domi·

8 2002 14 2013 '
124 1993 208 2063 nial,
224 1988 283 2052 dur
305 1991 492 2052 Venetorum
515 1989 615 2054 XLVI.
646 1988 979 2070 Jaooltns-Teupullus‚
1003 1994 1143 2070 patritius
1159 1991 1303 2062 Venetus,

124 2096 171 2159 sir
192 2111 265 2155 sane
288 2094 355 2156 Deo
379 2101 410 2155 et
431 2073 608 2167 houu'nibns¹
626 2112 731 2165 carus,
752 2093 888 2172 justitiae
915 2101 1045 2168 amator,
1068 2097 1153 2174 panis
1180 2112 1303 2156 eonser·

124 2204 210 2262 rator
239 2205 270 2261 et
291 2199 423 2265 virorum
446 2200 658 2278 religiosorum
680 2204 850 2277 protector,
881 2198 1005 2262 audiens
1029 2199 1068 2261 de
1090 2217 1172 2262 noro
1196 2197 1301 2260 ordine

125 2301 383 2374 Praedicatorum,
415 2302 568 2383 quomodo
597 2321 633 2365 ex
655 2302 791 2364 Bononia
818 2308 971 2382 tamquam
1004 2302 1146 2365 exiente
1176 2301 1305 2382 paradisi

125 2412 281 2469 emanaret
311 2412 343 2468 et
370 2407 519 2469 ecelesiae
551 2425 638 2487 agros
672 2409 824 2486 irrigaret,
857 2409 924 2469 toea
954 2408 1068 2469 sterilia
1096 2407 1304 2478 foecundaret,

124 2511 286 2572 tenebrosa
307 2503 507 2584 illuminaret,
531 2514 617 2573 misit
635 2513 823 2589 magnificam
846 2512 1029 2592 legationem
1055 2511 1093 2573 ad
1119 2510 1305 2573 Potestatem

125 2612 349 2675 Bononiensem
382 2621 414 2694 et
436 2615 472 2675 ad
503 2614 729 2691 Praesidentem
761 2616 791 2676 S.
814 2614 947 2687 Nicolai,
982 2615 1031 2676 ulti
1061 2615 1093 2675 S.
1128 2615 1305 2677 Dominious

128 2724 308 2779 conventum
329 2719 501 2780 instituerat
522 2721 553 2779 in
574 2718 709 2799 praelata
736 2718 827 2788 urlte,
860 2725 969 2797 petens
1001 2719 1056 2779 sibi
1087 2719 1169 2778 mitti
1200 2718 1305 2779 iratres

128 2823 198 2882 novi
219 2819 332 2881 ordinis
355 2840 409 2899 pro
432 2839 505 2883 suae
529 2825 657 2883 civitatis
688 2828 720 2883 et
742 2822 854 2882 domini
877 2821 983 2882 salute.
1028 2819 1116 2907 Missi
1140 2829 1212 2883 sunt
1235 2839 1304 2900 ergo

128 2922 235 2983 iratres
258 2922 482 2986 Praedicatores
509 2926 651 2988 Venetias
683 2931 714 2986 et
737 2944 806 2986 oum
829 2927 947 2987 solenni
970 2931 1113 3004 apparatu
1137 2932 1170 2985 et
1192 2926 1304 3004 ingenti

130 3028 221 3087 totius
244 3025 347 3104 populi
370 3020 530 3091 devotione
553 3031 686 3108 recepti,
722 3036 753 3089 et
776 3031 845 3108 quia
867 3031 968 3090 locum
992 3028 1125 3089 noudum
1150 3029 1304 3097 habebant,

131 3130 332 3191 commendati
354 3139 423 3191 sunt
446 3152 500 3211 per
523 3134 631 3194 ducem
663 3139 694 3193 et
718 3140 857 3194 senatum
880 3133 1000 3195 domino
1030 3133 1195 3195 venerabili
1227 3134 1303 3212 epis·

130 3253 207 3313 oopo
230 3234 415 3307 castellano,
451 3236 528 3315 apud
557 3255 647 3317 quem
678 3243 870 3309 manserunt,
906 3254 1064 3316 quousque
1097 3235 1135 3297 de
1169 3236 1239 3297 loeo
1262 3237 1302 3296 eis

130 3339 348 3418 provideretur.
394 3338 576 3419 inceperunt
598 3348 698 3403 autem
722 3340 945 3403 ferventissimo
968 3340 1034 3402 zelo
1067 3339 1246 3419 praedicare
1275 3344 1304 3398 et

27 3476 36 3491 ·
130 3444 235 3505 urbem
269 3445 424 3523 replebant
454 3445 553 3507 divino
592 3463 732 3507 sermone
764 3447 959 3522 omniumque
991 3451 1053 3505 tam
1085 3443 1302 3523 religiosorum,

131 3566 221 3626 quam
244 3549 444 3609 saecularium
469 3549 683 3610 convertebant
705 3547 742 3608 ad
765 3564 799 3607 se
824 3546 976 3608 affectum.
1021 3545 1108 3608 Unde
1131 3554 1235 3626 patres
1257 3563 1302 3606 or·

131 3649 210 3709 dinis
233 3651 265 3710 S.
281 3649 438 3713 Benedicti
463 3669 479 3712 a
502 3654 650 3730 principio
674 3653 770 3712 nostri
792 3650 908 3712 ordinis
931 3669 1028 3731 usque
1050 3668 1132 3710 nune
1155 3649 1254 3711 ordini
1275 3655 1304 3709 et

130 3752 272 3814 iratribus
306 3753 406 3815 allecti
437 3757 628 3832 singulariter
660 3756 765 3816 leliees
790 3771 829 3815 se
864 3755 1076 3824 aestimabant,
1110 3754 1137 3813 si
1166 3752 1303 3813 iratribus

131 3857 198 3915 istis
221 3858 410 3918 mansionem
434 3856 549 3919 darent.
594 3859 709 3938 Sponte
733 3877 805 3938 ergo
828 3857 976 3919 dederunt
998 3860 1044 3918 eis
1067 3863 1252 3918 conventum
1275 3861 1305 3917 et

132 3960 296 4020 ecelesiam
328 3959 367 4020 ad
399 3960 431 4020 S.
454 3959 623 4022 iohannem
655 3971 685 4023 et
715 3962 854 4034 Paulum,
889 3965 1076 4040 resignantes
1107 3961 1212 4020 omnia
1238 3959 1306 4037 jura

133 4079 188 4123 sua
210 4062 480 4124 Praedicatoribus.
512 4063 579 4136 Quo
602 4064 681 4126 laeto
703 4065 856 4144 praelatus
879 4064 938 4126 dur
961 4067 1022 4127 suis
1039 4066 1179 4142 expensis
1195 4063 1306 4124 resolvi

29 4142 40 4163 ⁵
132 4164 207 4229 feeit
234 4168 335 4232 omnia
366 4167 502 4230 aedilicia
531 4168 654 4231 claustri
683 4176 714 4230 et
742 4170 891 4231 ecelesiae
923 4175 956 4230 et
977 4173 1160 4229 conventum
1193 4182 1306 4228 norum
