2902 4710
714 163 776 237 261

159 338 371 405 scinderentur
398 349 428 402 et
457 343 551 402 multa
582 341 714 403 aedificia
747 349 879 404 ruerent.
926 344 1010 405 llaec
1037 345 1066 404 in
1102 345 1235 407 secunda
1268 364 1337 409 mea

156 447 399 526 peregrinatione
424 447 485 508 vidi
509 451 539 505 et
562 446 597 506 ab
622 448 761 507 omnibus
786 447 920 508 Rhodiae
944 448 1089 530 militibus
1113 449 1229 522 audivi,
1254 448 1336 529 quod

157 549 430 637 majorangustia,
454 553 559 622 timor,
582 556 696 611 tremor
720 557 750 612 et
778 552 1007 630 pusillanimitas
1032 558 1156 613 cunctos
1182 556 1336 634 acceperit

156 655 186 715 in
209 653 268 715 illis
291 635 390 716 terrae
414 657 546 718 motibus
570 663 599 716 et
624 655 722 734 majus
744 664 962 738 nocumentum
981 657 1094 719 iactum
1116 657 1223 730 fuerit,
1243 677 1334 737 quam

155 759 186 818 in
209 760 291 818 omni
314 757 482 820 Turonium
508 762 632 839 impetu.
764 767 767 772 '

240 862 308 922 Non
332 861 420 938 longe
445 880 461 922 a
484 863 590 923 llhodo
614 863 726 924 habent
749 862 861 927 domini
890 854 1000 924 milites
1024 866 1258 927 munitissimum
1282 883 1332 927 ca-

153 966 275 1026 stellum
298 966 506 1028 inTurcorum
531 968 818 1046 confinibus,‘quod
840 971 994 1030 nominant
1010 967 1041 1027 S.
1059 967 1140 1030 Petri
1165 969 1331 1042 castellum,

154 1068 233 1148 quod
257 1088 365 1148 magno
389 1078 489 1133 sumtu
513 1074 541 1132 in
565 1072 666 1131 insula
689 1071 879 1148 custodiunt,
903 1071 984 1151 quod
1006 1090 1064 1132 non
1089 1089 1180 1151 parvo
1205 1073 1248 1131 eis
1263 1073 1346 1134 usui-

153 1164 186 1234 et
207 1174 389 1235 Christianis·
405 1183 468 1247 est,
493 1177 542 1253 qui
557 1193 664 1239 manus
680 1173 849 1236 Turcorum
866 1175 999 1236 incidunt
1014 1193 1106 1254 saepe
1123 1193 1159 1235 eo
1177 1174 1330 1252 fugientes

152 1276 315 1350 salvantur,
351 1280 381 1339 in
405 1298 465 1358 quo
488 1281 627 1357 ingentes
658 1296 748 1339 canes
773 1286 878 1340 tenent
901 1288 932 1340 et
954 1282 1088 1341 nutriunt
1114 1279 1328 1349 ferocissimos,

151 1398 233 1460 quos'
250 1399 304 1460 per
320 1384 478 1444 circuitum
495 1383 611 1443 castelli
628 1396 749 1444 currere
773 1386 967 1463 permittunt,
993 1383 1030 1444 de
1054 1377 1162 1461 quibus
1186 1400 1240 1461 pro
1257 1399 1328 1443 vero

150 1483 274 1555 dicitur,
302 1486 382 1564 quod
408 1487 593 1548 Christianos
629 1487 723 1560 odore
750 1494 922 1567 'cognosunt
957 1491 1063 1568 eisque
1096 1487 1326 1569 adventantibus

149 1587 350 1662 blandiuntur,
374 1590 489 1652 Turcos
513 1611 585 1654 vero
609 1591 718 1652 latratu
741 1592 874 1652 horribili
897 1592 1030 1671 produnt
1054 1598 1084 1652 et
1108 1590 1257 1651 morsibus
1280 1594 1326 1652 in·

149 1695 420 1770 sequuntur,sicut
437 1697 527 1756 etiam
544 1698 684 1775 superius
702 1695 761 1756 diri
778 1696 828 1757 fol.
848 1691 920 1759 120.
937 1695 975 1757 de
991 1715 1083 1775 porco
1099 1697 1129 1756 in
1140 1693 1327 1774 Alexandria,

148 1803 179 1858 et
201 1796 233 1858 P.
257 1797 314 1859 l...
348 1800 385 1860 de
418 1818 492 1861 cane
520 1802 551 1861 in
580 1801 712 1880 hospitio
735 1801 787 1862 iol.
811 1799 863 1864 32.
909 1802 1028 1863 Habent
1059 1801 1140 1860 enim
1169 1816 1203 1858 se
1234 1816 1326 1860 canes

146 1903 197 1962 isti
223 1900 259 1962 ad
283 1901 488 1975 Christianos,
512 1906 590 1965 sicut
615 1922 706 1966 canes
723 1905 922 1984 Capitolii‘ad
947 1906 1138 1985 Scipionem,
1163 1904 1212 1964 cui
1235 1920 1326 1963 canes

147 2013 341 2079 occurrentes
364 2025 526 2086 numquam
555 2009 663 2070 latratu
687 2009 901 2088 prodiderunt,
936 2028 1028 2088 quare
1061 2023 1216 2073 murmure
1245 2007 1326 2085 vulgi

147 2110 312 2180 dicebatur,
336 2110 416 2188 quod
441 2128 457 2169 a
479 2109 651 2171 Joveesset
675 2115 704 2172 in
722 2120 1053 2192 serpentemmutatus.
1084 2112 1149 2173 Non
1174 2113 1218 2171 sic
1235 2126 1325 2170 canes

144 2211 307 2276 Actaeonis
330 2216 496 2284 venatoris;
521 2214 559 2274 de
583 2232 642 2292 quo
666 2216 848 2288 fabulantur,
873 2217 954 2295 quod
974 2217 1044 2277 dum
1061 2220 1230 2285 venaretur,
1255 2233 1323 2273 cum

144 2319 267 2378 canibus
290 2318 388 2378 lassus
411 2318 532 2376 intravit
553 2316 662 2377 vallem
687 2318 894 2399 Gargaphiae‚
930 2328 963 2381 ut
986 2338 1020 2380 se
1042 2322 1072 2380 in
1096 2319 1179 2379 fonte
1202 2317 1322 2378 refocil-

142 2421 236 2492 laret;
260 2421 332 2481 dum
349 2425 448 2480 autem
465 2420 632 2493 accederet,
656 2421 729 2483 vidit
744 2423 870 2483 Dianam
893 2424 1004 2484 nudam
1026 2423 1240 2492 selavantem;
1264 2420 1323 2480 hoc

144 2525 215 2585 dum
238 2521 333 2584 Diana
356 2541 446 2601 aegre
469 2522 551 2595 tulit,
587 2533 749 2586 assumtam
773 2529 910 2589 manibus
936 2545 1043 2606 aquam
1066 2529 1097 2587 in
1121 2526 1229 2612 faciem
1253 2523 1320 2601 ejus

142 2629 267 2705 sparsit,
291 2630 342 2707 qni
364 2634 490 2706 repente
513 2629 543 2688 in
567 2646 690 2691 cervum
712 2648 877 2692 conversus
901 2638 964 2704 est,
989 2650 1048 2710 quo
1071 2631 1150 2692 iacto
1167 2647 1257 2690 canes
1273 2631 1320 2690 sui

143 2748 212 2791 eum
236 2730 440 2794 comederunt.

228 2837 294 2899 Hoc
318 2838 474 2898 castellum
490 2837 521 2899 S.
538 2837 619 2898 Petri
643 2841 806 2918 aquodam
816 2838 994 2912 Teutonico,
1011 2839 1111 2901 Suevo
1133 2838 1319 2903 industrioso

141 2947 188 3002 est
210 2944 306 3020 primo
330 2941 522 3016 inchoatum,
556 2944 614 3004 hoc
638 2943 742 3005 modo:
774 2964 843 3006 oum
867 2945 980 3006 domini
1003 2947 1114 3007 milites
1138 2942 1318 3004 Rhodenses

140 3045 214 3105 nihil
237 3047 356 3125 penitus
381 3045 526 3108 haberent
548 3049 577 3108 io
602 3051 776 3110 continente
800 3048 865 3127 ejus
899 3051 1067 3129 propinquo
1100 3053 1130 3108 et
1153 3045 1248 3108 solam
1271 3048 1317 3106 in·

138 3148 235 3209 sulam
258 3148 462 3227 possiderent,
486 3152 590 3212 incidit
607 3153 862 3227 Commentatori,
884 3155 1006 3217 domino
1016 3153 1146 3215 iohanni
1160 3150 1316 3230 Schlegel·

138 3253 220 3325 holz,
254 3256 306 3332 qui
325 3253 372 3331 ,de
396 3254 495 3315 insula
527 3256 610 3315 lacus
633 3255 787 3337 l'odamioi
815 3241 909 3338 prope
934 3258 1139 3318 Constantiam
1160 3255 1201 3332 ¹de
1226 3255 1316 3315 domo

112 3341 366 3417 -Johannitarum
388 3355 520 3419 Meinaw
544 3359 684 3419 lihodum
717 3362 894 3433 advenerat,
930 3362 1100 3423 aedilicium
1134 3357 1256 3436 aliquod
1285 3359 1315 3416 io

139 3462 303 3520 continenti
326 3461 457 3537 erigere;
482 3464 625 3521 assumtis
651 3470 751 3524 autem
775 3466 918 3525 militibus·
942 3473 975 3527 et
996 3466 1090 3525 servis
1113 3462 1262 3541 navigavit
1283 3461 1315 3520 in

133 3564 344 3623 continentem
368 3570 477 3624 terram
491 3563 668 3639 Turcorum
687 3585 783 3645 ,quam
799 3571 952 3629 nominant
967 3569 1141 3639 Tharaiam,
1165 3574 1196 3626 et
1218 3581 1313 3643 prope

137 3667 219 3728 littus
242 3670 333 3746 maris
357 3670 537 3729 invenerunt
561 3688 701 3750 campum
725 3671 952 3744 delectabilem,
986 3674 1016 3733 in
1040 3690 1099 3751 quo
1130 3671 1221 3731 certis
1245 3667 1314 3727 anni

136 3773 322 3857 temporibus
345 3773 496 3834 nundinae
510 3773 680 3836 Turcorum
711 3784 783 3837 sunt
809 3784 840 3838 et
862 3778 956 3839 multa
978 3780 1134 3839 hominum
1158 3774 1250 3836 millia
1272 3773 1313 3832 ibi

137 3874 302 3936 confluunt.
348 3877 511 3956 Designata
534 3883 620 3957 pecta
644 3884 741 3962 campi
764 3881 865 3943 locum
888 3902 942 3962 pro
966 3879 1101 3946 aedificio
1124 3878 1312 3960 optaverunt,

136 3979 218 4060 quod
240 3971 377 4042 videntes
396 3982 492 4045 ‚Turci
522 4003 628 4046 eorum
660 3990 748 4048 vicini
779 3996 809 4050 et
831 3989 964 4051 lautores
996 4009 1071 4072 opus
1100 3982 1311 4052 dimittendum

134 4086 318 4164 persuadere
342 4090 441 4150 conati
465 4097 535 4150 sunt
559 4091 712 4166 dicentes,
736 4101 831 4157 totam
853 4095 994 4157 Turoiam
1017 4115 1072 4189 per
1093 4098 1151 4157 hoc
1174 4110 1309 4159 commo-

134 4191 199 4252 veri
214 4206 322 4287 posse,
345 4209 403 4254 neo
425 4205 494 4254 ease
511 4193 592 4256 aliud
607 4202 777 4281 venturum,
799 4201 858 4269 nisi
872 4206 914 4262 nt
930 4206 1032 4264 erecta
1047 4219 1104 4284 per
1117 4198 1233 4264 'lurcos
1247 4192 1309 4262 dis·
