2874 4770
727 106 793 218 era

174 331 210 392 ab
225 304 270 390 eis
286 333 465 404 extorquere
478 327 625 403 pecunias
640 325 833 396 conabantur,
849 322 904 385 sed
920 323 987 384 talis
1003 329 1067 385 erat
1083 321 1216 384 conditio
1231 322 1355 383 illomm

173 432 415 513 peregrinorum,
445 427 527 507 quod
548 430 662 491 nullam
685 446 791 490 secum
812 429 961 490 habebant
983 429 1151 506 pecuniam.
1200 426 1256 488 lsti
1279 445 1354 504 ergo

173 536 233 599 duo
256 534 400 614 rogabant
421 551 477 595 nos
494 552 548 613 pro
564 543 667 596 nostra
682 534 796 604 selme,
820 550 858 593 ne
875 549 1072 609 evagaremur
1085 531 1202 608 longius
1218 548 1235 591 a
1250 531 1355 591 littore

173 647 279 722 portus
307 638 419 710 nostri,
454 655 492 698 ne
524 636 658 699 deterius
688 638 774 699 nobis
803 638 1002 714 contingeret.
1048 635 1193 696 Stetimus
1225 651 1298 712 ergo
1323 636 1355 694 in

173 746 274 806 littore
298 742 396 803 adbuc
418 759 473 821 per
495 741 599 801 horam
622 760 693 803 cum
721 741 910 810 bominibus,
943 746 974 799 et
996 739 1039 799 illi
1070 724 1130 800 duo
1160 742 1299 819 percussi
1323 741 1356 799 in

174 866 259 911 suam
289 847 406 927 galeam
435 847 664 923 navigaverunt,
699 847 847 907 stantibus
865 850 980 904 »autern
1008 845 1053 903 sio
1082 843 1187 915 nobis,
1221 843 1355 905 vidimus

173 952 335 1014 tumultum
364 968 506 1029 magnum
532 952 612 1010 inter
645 957 748 1031 portas
789 949 919 1011 civitatis
955 953 986 1008 et
1013 946 1161 1007 furiosum
1196 947 1356 1007 hominum

176 1074 372 1126 concursum;
403 1071 473 1114 narn
496 1053 672 1125 sarraceni,
701 1054 754 1131 qui
781 1052 940 1112 nobiscnm
964 1051 995 1110 in
1024 1050 1123 1110 littore
1146 1051 1281 1120 stabant,
1318 1049 1358 1109 ad

152 1167 297 1241 'portam‘
315 1176 436 1219 sursum
458 1163 704 1228 concurremnt„
717 1163 749 1216 et
771 1155 821 1216 alii
851 1160 943 1215 extra·
964 1155 1163 1223 saltaverunt,
1197 1160 1228 1213 et
1252 1158 1355 1212 custo-

176 1265 230 1326 des
271 1263 398 1324 exemtis
423 1259 535 1338 -gladiis
565 1260 684 1320 stabant
720 1259 929 1328 observantes,
968 1275 1006 1317 ne
1047 1259 1114 1336 quis
1144 1259 1272 1316 intraret
1306 1256 1355 1320 vel

137 1444 141 1452 1
177 1370 281 1429 exir'et.
335 1363 402 1424 Duo
433 1364 514 1423 enim
545 1362 715 1434 xentilomi,
752 1362 869 1440 patroni
908 1360 1035 1422 duarum
1073 1361 1243 1439 galearum,
1282 1379 1354 1420 con-

176 1472 343 1532 tentionem
374 1467 544 1528 habuerunt
576 1485 645 1526 cum
686 1463 864 1544 quibusdam
896 1454 1069 1525 Sarrace'nis
1104 1472 1229 1551 propter
1259 1481 1354 1541 nego-

176 1576 314 1636 tiantium
336 1572 516 1648 vertigines,
542 1576 573 1631 et
594 1572 635 1631 in·
650 1570 845 1630 contentione
867 1586 946 1629 unus
970 1568 1172 1628 Sarracenum
1203 1571 1357 1646 percussit

176 1684 207 1737 et
229 1676 307 1736 iacta
330 1673 525 1752 percussione
542 1672 580 1734 de
594 1673 708 1733 sontico
724 1690 779 1750 per
802 1674 954 1732 civitatem
981 1673 1112 1732 cucurrit
1134 1671 1239 1733 voleus
1256 1680 1355 1732 trans-

175 1779 281 1859 iugere
304 1780 336 1838 in
359 1776 503 1848 classem,
537 1773 593 1836 sed
615 1775 665 1864 alii
688 1776 848 1836 Sarraceni
881 1776 1117 1865 insequebantur
1139 1794 1209 1836 eum
1244 1781 1274 1837 et
1298 1778 1356 1837 sub

175 1885 270 1963 portis
293 1878 592 1958 comprehenderunt
619 1887 650 1940 et
673 1881 804 1959 graviter
824 1879 1059 1942 vulneraverunt
1080 1898 1160 1941 eum.
1206 1881 1356 1959 Compre-

176 1985 306 2048 hensum
329 1991 431 2044 autem
455 2001 525 2043 eum
549 2001 619 2044 cum
642 1986 726 2045 socio
749 1986 809 2046 alio
823 1992 950 2064 patrono
975 1986 1080 2047 ambos
1102 1989 1133 2046 in
1147 1986 1267 2048 vincula
1283 2005 1357 2046 eou-

172 2086 313 2164 J‘ecerunt
344 2093 376 2146 et
399 2094 536 2147 caeteros
560 2087 743 2150 Christianos
774 2090 884 2171 latinos
915 2098 1053 2169 repertos
1085 2092 1260 2152 incivitate
1286 2108 1356 2150 cum

177 2192 424 2271 percussionibus
440 2197 471 2251 et
486 2192 679 2252 contumeliis
695 2191 852 2269 ejecemnt
867 2193 904 2254 de
922 2195 1041 2256 civitate
1062 2195 1193 2255 etmulti
1218 2193 1357 2273 galeotae

178 2315 248 2358 cum
272 2297 393 2376 planctu
418 2302 449 2356 et
474 2291 588 2356 ululatu
609 2295 688 2357 bene
704 2298 841 2374 castigati
864 2295 902 2357 ad
921 2315 977 2357 nos
992 2316 1085 2377 super
1099 2299 1183 2359 littus
1207 2303 1359 2358 venerunt

179 2400 361 2471 relerentes,
397 2398 522 2459 multam
545 2400 746 2483 turbationem
769 2417 838 2460 esse
861 2401 891 2459 in
916 2401 1037 2462 civitate
1067 2407 1097 2461 et
1119 2400 1359 2478 indignationem

179 2522 317 2583 magnam
341 2509 445 2564 contra
475 2502 671 2565 Christianos.
717 2504 840 2565 Fuimus
871 2511 973 2565 autem
1006 2506 1076 2565 laeti
1107 2522 1164 2582 ego
1192 2510 1224 2564 et
1255 2507 1357 2564 socius

179 2626 283 2680 meus,
307 2607 388 2686 quod
411 2614 479 2667 ante
496 2614 631 2667 exortam
649 2609 871 2670 tribulationem
887 2612 1036 2670 evasimus
1053 2609 1091 2670 de
1107 2609 1237 2668 civitate.
1267 2606 1358 2683 Pejus

180 2715 261 2775 enim
285 2714 442 2772 stetissent
464 2712 615 2788 peregrini
637 2713 768 2789 reperti,
793 2731 884 2792 quarn
910 2717 1092 2796 quicumque
1116 2712 1181 2783 alii,
1205 2713 1274 2789 quia
1299 2710 1358 2770 sal·

178 2835 233 2878 vus
257 2815 422 2876 conductus
445 2821 549 2874 noster
572 2816 791 2892 exspiraverat,
824 2837 883 2879 nou
908 2829 1008 2881 autem
1030 2818 1164 2887 illorum,
1197 2817 1248 2893 qui
1272 2821 1359 2875 erant

181 2918 218 2979 de
234 2919 350 2991 classe;
375 2936 497 2996 semper
513 2920 593 2978 enim
607 2921 740 2979 instante
757 2939 880 2982 recessu
899 2923 1137 2998 Christianorum
1153 2937 1169 2979 a
1184 2919 1360 2979 Sarracenis

179 3024 325 3100 incipiunt
347 3024 463 3082 saevire
485 3023 516 3081 in
539 3039 613 3095 eos,
643 3029 673 3082 et
695 3023 829 3086 furorem
852 3043 887 3086 ac
916 3026 1121 3094 inimicitiam,
1145 3040 1236 3100 quam
1258 3025 1359 3082 animo

181 3123 299 3186 occulte
322 3116 445 3200 gerunt,
469 3131 501 3184 et
524 3126 769 3200 amaritudinem,
785 3168 789 3179 ·
805 3146 895 3206 quam
920 3130 1035 3199 celant,
1058 3131 1090 3188 in
1112 3128 1170 3188 fine
1194 3125 1361 3186 ostendunt

181 3234 212 3288 et
235 3211 400 3286 eliundunt.
427 3225 567 3287 interim
579 3231 672 3289 enim
702 3231 783 3309 quod
806 3239 943 3311 sperant,
978 3251 1011 3292 se
1035 3231 1167 3310 aliquam
1196 3231 1359 3290 utilitatem

181 3333 217 3392 ab
241 3332 284 3390 eis
307 3328 433 3401 habere,
456 3333 591 3396 serviunt
615 3341 645 3394 et
660 3336 877 3413 obsequuntur,
901 3334 954 3395 sed
971 3336 1028 3396 hac
1043 3353 1098 3414 spe
1114 3335 1205 3394 linem
1229 3333 1360 3392 habente

181 3438 334 3505 saeviunt,
358 3440 481 3506 verant,
505 3438 637 3513 rapiunt,
662 3438 813 3510 furantur,
834 3446 868 3499 et
890 3440 1072 3517 ubicumque
1096 3441 1141 3500 eis
1157 3455 1270 3498 nocere
1286 3454 1360 3514 pos·

182 3547 261 3612 sunt,
284 3538 434 3608 festinant,
459 3544 492 3598 nt
513 3540 572 3611 fiat,
597 3547 627 3601 et
649 3560 716 3603 raro
740 3542 911 3604 efficiuntur
927 3544 1086 3604 Christiani
1106 3550 1169 3602 tam
1191 3539 1261 3600 boni
1283 3541 1361 3599 socii

182 3651 213 3706 et
228 3644 394 3713 Sarraceni,
418 3642 499 3719 quod
515 3643 550 3702 ab
566 3645 696 3705 invicem
712 3647 855 3708 recedant
871 3665 1037 3726 cumpace,
1061 3648 1223 3725 praecipue
1240 3643 1360 3722 quando

182 3753 253 3809 sunt
275 3745 377 3815 multi,
406 3751 439 3804 ut
462 3751 526 3810 est.
558 3748 676 3824 quando
706 3753 859 3828 peregrlni
888 3752 935 3815 vel
967 3752 1074 3812 classis
1098 3756 1298 3810 mercatorum
1323 3748 1360 3808 ab

183 3853 228 3911 eis
252 3847 396 3909 recedere
413 3847 516 3919 debet,
541 3850 659 3926 quaudo
677 3855 756 3913 enim
774 3854 927 3916 hominem
944 3856 1139 3915 christianum
1154 3871 1213 3913 nou
1231 3854 1360 3932 amplius

183 3953 222 4015 ad
244 3968 277 4013 se
299 3969 492 4012 reversurum
513 3961 634 4031 putant,
658 3957 769 4017 malurn
785 3957 858 4020 tale
874 3960 932 4019 sibi
946 3962 1115 4037 praestant,
1139 3958 1176 4018 de
1192 3975 1251 4036 quo
1267 3973 1361 4035 saepe

184 4057 384 4134 experientias
406 4059 494 4120 habui
516 4054 586 4139 tlt).
632 4058 912 4138 Advesperascente
936 4062 985 4123 die
1013 4065 1114 4123 socius
1137 4079 1223 4122 meus
1247 4067 1279 4122 et
1302 4079 1361 4139 ego

182 4161 214 4222 iu
237 4160 366 4223 classem
388 4164 502 4244 reversi
523 4180 629 4229 sumus
660 4164 699 4228 ad
721 4182 849 4228 coenam
871 4175 1023 4240 nostram,
1056 4167 1185 4247 amplius
1216 4163 1254 4229 ad
1274 4163 1361 4227 littam
