2874 4770
679 144 745 215 dd3

124 340 219 383 nuum
240 319 401 383 domiriunr·
419 319 563 391 militem,
586 317 755 380 Iohannem
770 318 940 392 Truobses,
962 311 1304 401 mibilsingularissime,

127 430 161 485 ut
182 442 275 504 saepe
307 429 450 503 expertus
482 441 569 496 sum,
604 421 764 495 allectum,
796 420 917 499 dequo
952 420 1025 500 quid
1048 440 1102 502 pro
1125 438 1174 483 me
1196 423 1303 502 egerit,

126 529 196 591 vide
226 527 314 591 l'arte
337 525 360 589 Ι.
391 526 453 588 Ful.
477 522 529 591 24.
574 525 689 605 Rogavi
721 543 792 604 ergo
815 526 915 586 socios
938 541 1041 597 meos,
1075 530 1109 587 ut
1134 525 1183 588 vel
1213 510 1303 588 bodie

128 650 251 694 mecum
275 634 306 693 in
328 631 534 710 Memmingen
557 634 729 701 manerent,
764 628 812 691 'vel
836 630 902 690 sine
933 645 982 689 me
1006 626 1200 702 recederent,
1233 631 1304 709 quia

127 737 292 798 abscedere
316 735 485 797 nullatenus
509 751 651 815 possem,
675 734 735 793 nisi
758 732 823 794 viso
839 739 870 794 et
885 731 1015 794 salutato
1031 730 1153 793 domino
1167 730 1303 795 lobanne

81 868 84 873 ·
127 838 281 900 Truebses
296 837 334 901 de
350 837 512 916 Waldburg
521 832 530 909 ,
552 836 665 909 milite,
689 853 780 914 quem
796 833 1004 921 desideranter
1019 837 1177 915 concupivi
1192 835 1303 909 ridere,

126 945 197 1022 quia
219 942 347 1004 multum
371 943 473 1013 timui,
496 939 579 1020 quod
601 939 679 1000 forte
702 958 759 1019 per
781 957 864 1000 mare
887 940 1066 1024 molestatus
1088 939 1304 1020 inquietudini·

98 1047 182 1108 ,bus
208 1054 260 1108 aut
288 1046 456 1108 defecisset
488 1051 539 1106 aut
568 1042 727 1106 invalidior
756 1044 853 1106 iactus
883 1049 1062 1124 perpetuam
1086 1044 1305 1124 aegritudinem

128 1154 341 1224 contraxisset,
375 1151 455 1211 sicut
483 1149 618 1228 pluribus
642 1149 798 1228 contingit.
843 1148 914 1210 Erat
937 1149 1017 1209 enirn
1045 1150 1091 1212 uir
1112 1150 1303 1221 tenerrimus,

127 1258 213 1335 quasi
234 1256 307 1335 ligni
328 1253 520 1326 vermiculus,
543 1255 622 1315 sieut
645 1251 755 1316 dicitur
776 1253 815 1314 de
831 1251 927 1315 David
950 1249 979 1315 2.
993 1244 1135 1332 Reg..23.
1179 1244 1305 1315 Accessi

128 1380 200 1441 ergo
224 1361 262 1423 ad
284 1361 431 1432 nobilem,
455 1365 486 1419 et
508 1356 739 1437 gaudiosissime
763 1376 819 1420 nos
841 1360 972 1420 invicem
994 1357 1202 1431 salutavimus,
1235 1374 1305 1421 eum

129 1464 294 1543 quodiam
317 1462 400 1524 illam
423 1460 534 1522 deduxi
557 1480 611 1540 pro
636 1460 743 1538 majori
766 1468 862 1541 parte.

215 1565 422 1645 Memmingen
445 1563 589 1644 oppidum
611 1564 768 1644 imperiale
790 1583 879 1626 suum
894 1563 1136 1635 nomendicitur
1157 1566 1304 1628 sumsisse

130 1688 146 1732 a
169 1669 306 1748 subjecto
331 1686 413 1729 casu.
446 1668 522 1730 Cum
546 1670 627 1729 enirn
650 1688 711 1730 non
735 1675 818 1729 esset
840 1671 881 1730 ibi
904 1671 1025 1742 civitas,
1057 1669 1223 1742 neovilla,
1250 1667 1306 1732 sed

129 1781 246 1837 tantum
268 1775 423 1854 possessio
447 1779 478 1833 et
500 1771 657 1851 praedium
677 1773 824 1835 nobilium
847 1775 991 1834 comitum
1015 1772 1053 1834 de
1068 1770 1231 1848 Kelmiinz,
1253 1775 1306 1853 qui

129 1885 201 1940 tunc
224 1878 365 1939 ditissimi
390 1883 473 1939 erant
496 1884 528 1938 et
551 1886 671 1957 praeter
693 1878 851 1939 thesauros
876 1880 941 1939 auri
964 1885 995 1939 et
1025 1880 1141 1958 argenti
1173 1877 1303 1940 abunda·

128 1982 199 2044 bant
221 1984 252 2043 in
274 1982 444 2054 frumento,
468 1982 579 2060 spelta,
611 1983 729 2056 tritico,
762 1982 881 2062 siligine
904 1987 935 2042 et
959 1981 1075 2045 hordeo
1099 2001 1134 2045 ac
1158 2000 1251 2045 avena
1274 1989 1306 2045 et

129 2087 274 2148 similibus
297 2087 449 2166 stragibus,
479 2085 587 2148 accidit
610 2093 730 2159 autern,
752 2087 864 2147 samem
892 2087 1106 2149 uehementem
1128 2088 1160 2148 in
1182 2087 1305 2166 regione

124 2190 175 2252 illa
197 2191 281 2263 fleri,
316 2197 347 2251 et
369 2190 578 2252 deficientibus
602 2190 753 2252 alimentis
785 2190 958 2252 defluebant
991 2193 1091 2253 cuncti
1121 2207 1305 2271 pergyrum

127 2292 164 2354 ad
188 2296 332 2354 comitem
354 2292 501 2364 nobilem,
534 2294 585 2371 qni
609 2300 680 2353 tunc
703 2295 847 2372 temporis
878 2295 1002 2372 regebat
1028 2293 1176 2356 llelmiina
1205 2301 1236 2356 et
1264 2294 1306 2357 ibi

127 2395 296 2469 residebat,
326 2413 458 2474 eumque
481 2414 536 2474 pro
560 2396 710 2457 alimentis
733 2397 977 2475 interpellabant,
1011 2400 1153 2479 seipsos
1177 2401 1206 2461 ei
1229 2395 1304 2460 olie-

128 2508 229 2562 renles
254 2506 285 2561 et
308 2502 408 2561 omnia
430 2516 484 2560 sua
510 2518 564 2579 pro
586 2500 664 2561 vitae
680 2502 918 2572 sustentatione,
937 2502 1016 2562 sicut
1031 2501 1170 2564 fecerunt
1184 2501 1304 2584 Aegyp·

128 2607 162 2666 tii
184 2604 315 2685 loseph,
348 2604 507 2666 Geneseos
530 2598 583 2666 47.
632 2602 746 2664 Videas
779 2609 879 2664 autem
902 2605 1101 2668 multitudinis
1125 2606 1306 2680 cornilanam,

128 2713 160 2768 et
183 2707 264 2787 quod
285 2707 431 2769 vallarent
450 2705 577 2777 domum
592 2724 677 2768 suam
693 2708 887 2780 exercitibus,
910 2709 1079 2789 designavit
1098 2714 1229 2791 spatium
1251 2729 1307 2792 per

128 2829 235 2891 gyrum
257 2810 372 2891 praedii
393 2811 529 2891 praelati,
554 2818 585 2872 et
607 2811 720 2890 populo
744 2810 934 2881 denunciavit
956 2829 1025 2874 esse
1041 2832 1114 2878 suae
1130 2817 1304 2890 voluntatis,

129 2917 159 2975 in
181 2915 233 2976 illo
256 2917 353 2994 spatio
377 2917 528 2978 civitatem
552 2934 637 2989 esse,
670 2923 700 2977 et
730 2918 914 2995 quicumque
946 2922 1065 2982 veniret
1097 2927 1130 2982 et
1156 2923 1188 2982 in
1217 2940 1305 2984 muro

130 3020 268 3082 circulari
296 3022 461 3095 laboraret,
496 3022 579 3083 bunc
608 3021 689 3082 alere
721 3039 799 3100 pane
829 3023 922 3085 vellet
955 3029 986 3085 et
1013 3023 1116 3086 loeurn
1143 3026 1199 3086 sibi
1227 3028 1306 3088 intra

129 3142 249 3186 murum
270 3125 342 3187 dare
366 3124 404 3186 ad
427 3123 643 3187 aedificandam
666 3125 722 3186 sibi
746 3125 870 3200 aedem;
895 3129 999 3205 sicque
1022 3128 1149 3202 factum,
1172 3136 1205 3192 ut
1227 3129 1305 3192 niul·

129 3228 225 3290 titudo
251 3228 433 3301 conflueret,
457 3235 489 3290 et
510 3230 596 3292 brevi
619 3231 766 3309 temporis
782 3232 881 3309 spatio
898 3249 1018 3292 murum
1042 3218 1306 3300 circumduxerunt

130 3338 161 3393 et
182 3331 289 3392 domos
313 3333 393 3393 intus
418 3340 595 3406 erexerunt;
619 3340 650 3394 et
673 3336 742 3412 quia
767 3334 803 3395 de
828 3334 955 3396 diversis
971 3339 1143 3415 regionibus
1166 3344 1197 3398 et
1219 3339 1305 3415 pagis

129 3442 332 3497 convenerant
354 3435 566 3510 aedificantes,
599 3455 712 3498 nomen
736 3437 959 3499 multitudinem
988 3437 1159 3516 significans
1192 3439 1305 3518 oppido

128 3538 292 3610 dederunt,
315 3537 346 3598 id
360 3533 553 3615 monacnum
576 3547 735 3611 vocantes,
759 3538 839 3618 quod
862 3540 968 3620 vulgus
990 3539 1195 3622 Memmingen
1218 3547 1307 3617 vocat

127 3660 225 3722 usque
248 3644 278 3702 in
301 3640 382 3702 diem
404 3641 490 3702 hanc.
531 3640 647 3702 Eadem
669 3649 850 3720 tempestate
875 3643 958 3704 idern
984 3662 1088 3705 comes
1104 3645 1141 3722 de
1157 3644 1305 3708 Kelmiina

129 3745 296 3807 aedificavit
327 3746 418 3805 etiarn
456 3751 588 3819 castrum
617 3751 648 3805 et
685 3744 836 3824 villagium
864 3744 1078 3821 Babahuusen,
1113 3757 1148 3812 ut
1177 3751 1306 3811 babetur

128 3851 159 3910 in
183 3850 324 3911 chronica
354 3852 499 3911 comitum
522 3850 560 3911 de
583 3848 705 3930 Kyburg
727 3852 931 3914 vetustissima
954 3850 1052 3933 (130
1068 3850 1128 3936 β),
1157 3861 1188 3915 et
1210 3855 1304 3915 inter·

129 3956 240 4016 seritur
270 3953 420 4034 complete
451 3952 580 4032 legenda
610 3954 641 4015 S.
665 3953 814 4030 Udalrici,
846 3957 981 4038 episcopi
1002 3955 1219 4036 augustensis,
1253 3958 1306 4037 qui

130 4063 194 4119 erat
216 4076 328 4148 genere
353 4075 456 4120 comes
478 4056 696 4137 Kyburgensis.

216 4160 344 4235 Quidam
367 4161 481 4237 dicum,
503 4165 635 4244 primum
657 4163 761 4245 oppidi
781 4164 996 4228 instructorem
1008 4163 1158 4246 Memger
1171 4164 1307 4247 appella·⁴
