2874 4770
649 161 751 229 -323

129 358 198 409 sum
230 346 263 401 et
285 339 453 401 curiositati
486 355 573 400 meae
602 336 758 408 satisfeci,
777 335 900 401 ,melius
931 338 1033 399 omnia
1055 335 1253 399 considerans
1276 342 1310 397 et

130 451 255 507 notans:
290 443 564 524 advesperascente
599 450 701 505 autem
730 442 780 503 die
801 441 881 502 redii
906 442 1024 520 navigio
1052 442 1084 501 in
1106 441 1247 502 cumBam
1269 439 1309 500 ad

132 567 270 610 coenam.

219 669 320 731 Tertia
355 670 403 730 die
437 669 515 731 lacta
552 668 608 728 tuit
639 669 669 727 in
705 667 885 746 crepusculo
918 667 1008 726 maris
1040 664 1241 745 tranquillitas
1275 673 1308 727 et

129 774 212 837 lenti
236 775 462 844 conticuerunt,
488 771 570 851 quod
593 773 688 831 nostri
713 773 930 857 gubernatores
953 777 1112 831 comentes
1135 774 1232 849 parari
1255 789 1308 832 na·

129 896 182 940 ves
207 877 243 938 ad
264 877 486 956 profectionem
504 875 677 954 jusserunt,
713 893 790 953 quae
814 875 1003 954 praeparatio
1035 872 1067 933 lit
1096 891 1166 933 cum
1192 876 1308 953 ingenti

130 983 316 1060 galeotarum
339 982 458 1053 labore,
483 987 513 1040 et
536 978 608 1040 dum
632 980 733 1041 omnia
748 984 851 1056 parata
866 983 987 1049 essent,
1009 984 1041 1038 et
1055 976 1129 1038 nihil
1143 980 1202 1039 nisi
1219 982 1310 1041 etiam

128 1092 253 1146 tenuem
274 1087 373 1146 bonae
397 1101 487 1145 aurae
511 1082 614 1144 ilatum
638 1088 864 1162 exspectarent,
889 1089 1002 1142 mutata
1018 1088 1066 1142 cst
1080 1099 1152 1142 aura
1176 1085 1207 1143 in
1222 1083 1310 1161 pejus

129 1195 160 1250 et
182 1191 311 1250 surrexit
339 1196 448 1251 ventus
477 1206 605 1267 magnus
640 1190 822 1259 contrarius,
858 1206 916 1247 nec
947 1189 1027 1248 exire
1058 1194 1248 1265 poteramus,
1279 1193 1312 1248 et

129 1296 226 1354 omnis
248 1292 332 1354 labor
354 1293 540 1372 galeotarum
570 1293 668 1352 inanis
696 1291 808 1363 luerat,
841 1299 872 1351 et
902 1293 945 1351 ita
974 1292 1142 1351 mansimus
1172 1293 1212 1351 ibi
1241 1309 1311 1352 cum

129 1398 239 1459 taedio.
285 1397 398 1459 Verum
421 1404 523 1457 tamen
546 1398 616 1473 quia
640 1397 671 1455 S.
695 1395 843 1456 Barbarae
876 1395 990 1455 festum
1020 1395 1164 1467 instabat,
1199 1398 1310 1456 iterum

130 1501 290 1583 sperabant
313 1519 367 1561 nos
398 1502 428 1560 in
438 1503 616 1585 ³crastinum
651 1518 830 1578 prosperum
854 1505 976 1565 rentum
1008 1498 1163 1560 habituros
1194 1503 1310 1561 meritis

129 1604 236 1665 beatae
259 1603 423 1676 Barbarae,
443 1588 532 1682 'quae
560 1606 652 1665 etiam
676 1606 767 1664 maris
790 1610 899 1682 potens
923 1611 1047 1682 patrona
1071 1622 1141 1664 esse
1166 1605 1308 1665 creditur.

215 1723 329 1796 Quarta
353 1724 420 1796 die,
450 1742 527 1803 quae
550 1732 597 1786 cst
619 1726 725 1786 beatae
749 1725 897 1786 Barbarae
920 1723 1002 1795 dies,
1037 1727 1219 1786 contrarium
1243 1728 1310 1805 spei

130 1826 252 1891 nostrae
276 1830 400 1900 accidit,
424 1847 494 1890 nam
517 1849 600 1901 mox,
624 1836 657 1890 ut
679 1831 777 1890 noctis
800 1829 935 1890 medium
958 1830 1127 1908 praeteriit,
1159 1829 1311 1891 obfuscari

128 1936 256 1997 nubibus
280 1933 399 1995 coelum
414 1927 516 2014 coepit
543 1940 574 1994 et
600 1934 711 1995 turbari
723 1937 832 2006 ventis,
857 1936 927 1995 aere
944 1935 1170 1996 coruscationes
1186 1935 1309 1996 crelirac

127 2037 232 2109 videri,
256 2040 387 2099 tonitrua
404 2037 498 2099 audiri
522 2045 553 2098 et
575 2038 693 2117 pluviae
712 2038 841 2110 refundi,
865 2045 896 2099 et
918 2057 974 2117 per
996 2040 1095 2099 omnia
1119 2046 1238 2117 tempus
1254 2058 1307 2099 na·

126 2144 270 2222 rigationi
287 2143 472 2203 contrarium
494 2141 566 2214 tuit,
591 2160 659 2203 cum
683 2140 742 2202 dici
765 2149 881 2214 ortum,
905 2159 1004 2222 neque
1021 2145 1112 2203 etiam
1126 2142 1227 2203 lunam
1250 2161 1309 2204 nec

128 2247 246 2307 stellam
281 2264 339 2307 uec
368 2245 465 2306 solem
497 2246 600 2306 videre
624 2253 813 2325 poteramus,
846 2264 904 2306 uec
927 2247 987 2307 ulla
1017 2245 1199 2324 apparebant
1221 2247 1308 2306 nobis

130 2350 246 2424 sidera,
270 2350 365 2411 duces
388 2340 594 2428 nauigantium
617 2368 715 2411 mare:
745 2352 776 2411 in
799 2356 915 2411 tantum
938 2355 1040 2411 autem
1062 2349 1161 2429 pluvia
1183 2349 1309 2411 inunda-

130 2455 189 2526 vit,
213 2453 294 2534 quod
317 2461 542 2532 cooperuerunt
566 2472 673 2515 omnes
697 2472 789 2516 naves
812 2456 876 2514 suis
900 2455 1077 2532 opertoriis,
1100 2455 1205 2532 sicque
1228 2454 1309 2516 sedi·

130 2575 197 2618 mus
220 2559 249 2618 in
272 2544 415 2618 taediosis
439 2560 552 2619 umbris
583 2565 614 2619 et
637 2560 756 2618 tristem
780 2557 862 2618 diem
893 2559 1021 2635 egimus.
1061 2555 1206 2618 Galeotae
1230 2559 1308 2620 male

131 2662 379 2722 contestabantur
410 2660 448 2722 de
471 2662 503 2723 S.
526 2661 656 2747 Barbara
688 2669 718 2722 et
748 2663 808 2722 iam
831 2660 1069 2741 dedignabantur
1091 2663 1120 2723 ei
1143 2663 1232 2724 solita
1255 2663 1309 2724 ob·

130 2767 236 2844 sequia
258 2764 408 2826 exhibere.

217 2887 328 2961 Quinta
351 2885 400 2947 die
424 2887 543 2947 meliori
566 2889 710 2965 qualitate
733 2890 786 2950 air
809 2887 1033 2968 disponebatur,
1056 2908 1127 2952 nam
1149 2891 1230 2952 venti
1255 2889 1308 2952 de·

127 2992 276 3052 sidierunt
307 2997 339 3050 et
362 2992 453 3051 maris
476 2989 615 3053 fremitus
638 2994 790 3073 mitigatus
823 3000 871 3054 est
904 3000 934 3053 et
956 2992 1066 3071 iugatis
1096 2996 1227 3056 tenebris
1259 3011 1308 3056 se·

128 3097 231 3157 renior
253 3095 351 3155 illuxit
373 3095 430 3155 sol.
477 3095 585 3156 Statim
610 3102 711 3156 autem
726 3096 832 3158 levatis
849 3098 997 3169 anchoris,
1020 3098 1126 3160 solutis
1149 3102 1309 3180 promcsiis

128 3206 159 3260 et
183 3204 325 3271 acatone,
359 3198 515 3277 epidromo
540 3207 571 3259 et
595 3199 663 3260 dolo
687 3202 813 3272 erectis,
852 3220 921 3263 cum
944 3199 1054 3278 gaudio
1078 3209 1159 3265 extra
1188 3212 1309 3283 portum

129 3304 228 3364 evecti
256 3320 361 3362 sumus
395 3311 553 3380 sperantes
584 3323 640 3365 nos
674 3311 779 3366 ventos
812 3305 962 3366 secundos
986 3305 1151 3368 habituros.
1196 3307 1229 3368 ln
1252 3309 1309 3369 hac

127 3424 183 3487 spe
208 3405 348 3466 dominus
372 3405 543 3479 Johannes,
567 3411 668 3470 socius
692 3428 793 3481 meus,
828 3409 1023 3470 indeliberata
1047 3427 1136 3469 orans
1159 3409 1214 3469 hos
1239 3427 1308 3488 pro·

127 3511 196 3571 tulit
220 3527 341 3582 versus,
375 3528 451 3589 quos
474 3530 544 3574 mos
575 3513 610 3575 ab
641 3512 709 3590 ejus
732 3531 784 3573 ore
808 3514 993 3592 conscripsi,
1024 3530 1084 3593 quo
1113 3513 1207 3574 labori
1237 3519 1309 3575 tuuc

126 3613 323 3675 insisteBant:

283 3750 338 3802 lam
357 3758 434 3820 pater
452 3753 623 3822 omnipotens
641 3754 725 3806 tantis
744 3753 874 3805 miserere
892 3751 1017 3823 periclis,

283 3839 371 3908 Atque
389 3839 422 3893 de
440 3841 577 3894 thesauris
595 3846 693 3895 ventes
711 3841 815 3895 dimitte
833 3843 978 3898 secundos.

215 3978 372 4061 Siquidem
401 4000 528 4062 magnus
557 3985 709 4058 metrista,
742 3986 847 4047 rhetor
877 3993 908 4047 et
931 3994 1033 4049 orator
1056 3987 1111 4050 tutt
1134 3989 1306 4069 praedictus

126 4084 173 4144 vir
203 4083 294 4146 etad
317 4087 483 4163 quemlibet
505 4094 648 4148 eventum
671 4090 772 4149 statim
795 4092 964 4153 orationem
988 4094 1145 4154 metricam
1167 4111 1308 4175 promere

128 4186 220 4250 norit
267 4187 344 4252 Cum
368 4207 442 4270 ergo
467 4198 549 4255 extra
572 4197 695 4271 portum
715 4195 926 4270 venissemus,
949 4196 1079 4257 surrexit
1101 4201 1210 4258 sentus
1232 4197 1307 4259 late·

1040 4312 1100 4365 21·
