2902 4710
725 139 791 210 aba

173 322 379 396 exposuerunt
401 315 548 377 madinos.
593 314 712 377 Deinde
735 319 933 376 accesserunt
955 313 994 375 ad
1016 331 1082 387 me,
1120 318 1154 375 ut
1175 322 1346 394 perscruta-

172 427 278 481 rentur
306 425 337 480 et
359 426 536 498 rumperent
559 421 650 480 etiam
674 426 793 498 sportas
816 425 847 480 et
869 420 1017 497 ligamina>
1035 433 1122 481 mea·
1141 425 1171 480 et
1195 417 1346 499 (ldae)

173 525 316 585 tollerent
338 524 474 601 vectigal.
510 522 624 602 Accepi
648 530 749 585 autem
772 525 906 584 animum
929 531 960 585 et
982 524 1124 585 audacter
1146 525 1258 596 restiti,
1290 541 1347 584 nec

173 629 317 698 sustinui,
349 633 382 688 ut
404 629 472 705 quis
495 629 683 705 contingeret
707 627 928 705 supellectilem
952 645 1065 701 meam,
1095 628 1138 688 illi
1159 635 1263 694 ,antem
1286 635 1347 689 sta·

172 734 244 795 hant
267 739 297 792 et
320 749 392 811 prae
404 795 407 799 ,
419 732 626 792 ammiratione
640 730 778 791 ridebant
800 733 993 793 aestimantes
1009 750 1134 793 menon
1150 735 1215 793 sani
1232 735 1347 814 capitis,

161 821 243 915 'quia
274 843 338 896 toto
367 842 475 896 conatu
506 836 550 894 cis
579 835 784 896 resistentiam
810 834 882 897 leci.
933 835 1099 897 Currehant
1130 842 1231 897 autem
1261 837 1348 897 multi
1385 821 1390 829 ¹

174 939 330 1000 Sarraccni
354 946 386 1000 et
408 938 577 1008 Christiani,
606 937 758 998 insolitam
782 940 1008 1000 contentionem
1031 941 1192 1012 mirantes;
1227 940 1349 1018 quidam

167 1050 277 1104 ,autem
299 1043 434 1104 Venetus
457 1040 577 1104 adstans
602 1040 694 1112 dixit,
719 1059 813 1119 quare
842 1045 886 1103 sic
909 1061 959 1103 me
974 1043 1112 1104 ⁴dominis
1136 1043 1348 1122 opponerem?

174 1148 229 1209 Cui
252 1148 328 1208 diri:
362 1137 597 1224 quia'sacerdos
621 1166 689 1209 sum
712 1153 743 1207 et
765 1147 939 1225 religiosus,
963 1165 1021 1207 nec
1042 1145 1120 1208 duco
1143 1165 1191 1208 res
1215 1150 1347 1222 venales,

173 1253 228 1314 sed
252 1253 366 1314 divinas
387 1258 421 1312 et
443 1252 516 1312 mihi
539 1254 744 1322 necessarias,
770 1249 808 1311 de
831 1249 939 1328 quibus
961 1248 1101 1331 Aegyptii
1124 1231 1206 1313 nulla
1227 1253 1348 1313 telonea

71 1383 73 1388 ·
174 1360 309 1436 erigunt,
333 1356 392 1416 hoc
415 1357 514 1416 sciens
538 1373 587 1415 me
611 1374 747 1434 oppono,
780 1373 837 1417 nec
860 1357 991 1435 aliquem
1014 1355 1256 1417 admittamnisi
1287 1358 1347 1418 vim

173 1461 309 1522 intulerit
330 1459 418 1532 mihi,
442 1476 536 1537 quae,
558 1459 688 1520 siillata
711 1459 783 1520 mihi
805 1459 908 1531 fuerit,
940 1460 1096 1538 regredior
1116 1462 1292 1546 inurbem,
1317 1464 1349 1519 et

174 1564 329 1644 praelecto
353 1580 403 1623 me
426 1561 586 1623 ostendam
609 1579 679 1622 esse
704 1562 894 1624 sacerdotem
919 1568 950 1624 et
969 1564 1101 1624 liberum
1124 1565 1159 1624 ab
1184 1566 1346 1626 exactioni·

172 1670 230 1730 bus
255 1668 425 1728 communis
455 1667 535 1744 vulgi
558 1667 758 1727 saecularium
787 1675 817 1728 et
840 1674 1052 1728 mercatorum.
1097 1667 1164 1729 lloe
1191 1668 1348 1729 audientes

162 1778 329 1832 ⁴erectores
353 1770 549 1843 destiterunt,
580 1773 654 1834 scivi
677 1774 774 1843 enim,
805 1773 980 1833 sacerdotes
1004 1771 1347 1850 cujuscumquegentis

172 1876 202 1934 in
224 1873 362 1954 Aegypto
396 1875 431 1934 ab
464 1876 586 1952 antiqno
616 1877 652 1936 ab
676 1875 812 1948 Osiride,
845 1877 942 1954 primo
971 1857 1187 1954 Aegyptiorum
1218 1882 1347 1954 rege-et

61 1975 72 1993 ‘
173 1977 310 2052 domino,
344 1977 472 2048 liberos,
505 1984 537 2038 ut
566 1979 657 2039 habet
685 1978 835 2039 Diodorus
866 1979 916 2039 lib.
940 1981 960 2040 l.
983 1976 1106 2057 Antiqu.
1140 1979 1245 2040 histor.
1300 1980 1346 2039 De

165 2100 236 2160 ,quo
260 2081 350 2140 etiam
372 2087 456 2159 patet
484 2099 575 2161 supra
596 2082 662 2152 FoL
688 2077 757 2145 118.
788 2084 826 2144 Et
848 2083 976 2143 habetur
999 2081 1109 2142 Genes.
1133 2079 1185 2144 47.
1219 2081 1255 2141 Et
1277 2079 1347 2140 Phi-

172 2185 318 2264 losophus
340 2167 620 2264 Metaphysicorum
643 2185 726 2259 dicit,
746 2186 830 2264 quod
853 2186 1028 2247 sacerdotes
1044 2185 1181 2265 Aegypti,
1205 2186 1274 2263 quia
1295 2201 1345 2246 va·

164 2290 280 2352 ,cabant
302 2289 400 2350 studio
423 2290 645 2370 philosophiae,
669 2292 756 2358 liberi
772 2298 857 2353 erant
873 2309 891 2352 a
905 2290 1128 2372 gravaminibus
1144 2296 1341 2350 caeterorum.

222 2406 223 2409 ’
259 2395 332 2456 Post
355 2396 414 2456 hoc
438 2394 559 2480 quidam
582 2397 631 2457 alii
653 2402 801 2480 venerunt
816 2396 989 2467 Saraceni,
1013 2400 1044 2454 et
1067 2388 1240 2473 quidam'vi
1256 2408 1346 2453 cona·

172 2506 237 2562 tum
259 2501 290 2560 in
314 2502 468 2562 cumulum
491 2510 594 2562 meum
615 2500 769 2573 lecerunt,
799 2496 905 2579 quibus
936 2498 1055 2560 ostendi
1077 2515 1213 2559 rasuram
1241 2491 1347 2574 capitis

172 2605 235 2664 mei
259 2611 296 2664 et,
313 2604 469 2683 scapulare
501 2611 533 2665 et
563 2606 760 2676 breviarium,
791 2606 823 2666 in
845 2608 965 2683 signum
987 2604 1166 2674 sacerdotii,
1200 2611 1230 2664 et
1249 2601 1348 2680 juravi

174 2707 219 2768 eis
241 2725 297 2788 per
311 2706 410 2768 Deum
433 2707 621 2778 crucifixum,
644 2725 777 2767 menon
800 2726 869 2769 esse
885 2706 1041 2768 ductorem
1064 2709 1211 2768 mercium
1234 2707 1347 2785 aliqua·

173 2828 256 2885 rum,
280 2809 336 2871 sed
358 2799 549 2899 saceidotem
567 2816 605 2871 et
626 2828 793 2889 pauperem
807 2812 1010 2889 peregrinum,
1034 2813 1086 2889 qui
1104 2811 1201 2871 etiam
1223 2810 1346 2871 dimise·

99 2955 101 2958 -
165 2919 318 2974 runtrne.
349 2911 481 2974 duvcnes
498 2919 599 2974 autem
614 2916 861 2986 circumstantes,
884 2913 1021 2976 videntes
1038 2916 1220 2993 proterviam
1238 2930 1347 2985 meam,

173 3018 354 3096 inceperunt
376 3035 426 3078 me
448 3035 572 3091 verare,
607 3026 637 3080 et
668 3025 748 3081 retro
772 3017 969 3089 accedentes,
1001 3020 1088 3098 quasi
1110 3019 1247 3080 volentes
1274 3018 1347 3078 mihi

174 3122 287 3201 aliquid
311 3121 445 3193 auterre,
470 3128 574 3183 contra
596 3140 673 3200 quos
696 3123 834 3184 simulavi
856 3125 931 3183 iram
954 3139 1109 3200 magnam,
1143 3139 1222 3202 quae
1244 3129 1347 3184 tamen

166 3224 212 3286 de
231 3225 310 3285 iacto
334 3243 395 3285 non
418 3232 482 3287 erat
504 3228 536 3288 in
558 3244 618 3300 me,
642 3227 785 3289 sedistis
808 3227 973 3306 puerilibus
997 3227 1129 3286 moribus
1152 3224 1275 3286 delendi
1297 3240 1347 3283 me

175 3334 205 3388 et
228 3333 437 3408 paupertatem
452 3347 580 3404 meam,
613 3349 652 3393 ne
683 3332 819 3411 asperior
846 3329 942 3390 tieret.
988 3328 1021 3389 Si
1051 3332 1132 3390 enim
1153 3328 1200 3390 ‘de
1222 3327 1347 3406 singulis

172 3418 327 3494 teloneum
343 3435 540 3512 accepissent,
564 3433 623 3496 duo
647 3435 747 3497 ducati
770 3437 818 3498 vix
833 3424 1036 3504 suffecissent,
1060 3432 1098 3494 de
1121 3433 1229 3512 quibus
1245 3431 1347 3491 multis

167 3535 280 3597 diebus
309 3538 410 3600 vivere
444 3542 538 3619 potui.
583 3539 702 3601 Interea
733 3540 780 3601 sol
817 3539 856 3619 ad
880 3537 1081 3600 ‘occidentem
1115 3535 1285 3607 declinabat
1317 3539 1348 3594 et

166 3640 288 3702 tardior
309 3641 382 3702 hora
403 3643 508 3715 fiebat,
534 3643 621 3705 'unde
653 3645 801 3723 expeditis
825 3645 965 3705 omnibus
988 3660 1037 3703 res
1061 3649 1179 3703 nostras
1202 3642 1233 3700 in
1256 3656 1349 3699 unam

174 3745 295 3806 barcam
317 3748 500 3824 portavimus
523 3754 554 3807 et
576 3749 608 3807 in
630 3749 890 3809 nomine'llomini
914 3764 983 3808 cum
1006 3764 1115 3826 magno
1141 3745 1249 3825 gaudio
1264 3761 1347 3804 mare

167 3851 305 3928 ingressi
327 3867 448 3921 sumus,
472 3855 503 3910 et
525 3868 595 3911 cum
618 3859 706 3913 cantu
729 3854 859 3923 marino,
884 3853 937 3929 qui
958 3852 1085 3912 habetur
1105 3851 1137 3910 in
1151 3852 1247 3929 prima
1262 3851 1348 3929 parte

167 3953 239 4014 ‚Ful
263 3949 315 4016 31.
341 3958 372 4013 et
392 3952 454 4013 Fol.
473 3949 523 4018 75.
548 3952 678 4015 classem
699 3957 883 4019 intravimus.
929 3956 1008 4017 lntra
1027 3956 1161 4017 classem
1184 3963 1288 4018 autem
1311 3955 1349 4017 ad

174 4059 293 4139 galeam
316 4059 464 4138 capitanci
487 4064 519 4119 et
540 4058 653 4120 domini
675 4059 844 4123 sebastiani
865 4061 1079 4139 navigavimus,
1104 4067 1135 4122 et
1156 4078 1207 4122 res
1229 4066 1348 4121 nostras

167 4165 207 4231 ln
227 4182 317 4246 prora
337 4164 513 4230 locavmus.
549 4163 697 4243 Dominus
712 4170 822 4230 autem.
835 4163 967 4227 decarms
980 4161 1178 4242 Mogontinus
1201 4182 1271 4227 cum
1294 4181 1349 4227 sua
