2902 4710
724 175 788 252 122

161 355 339 433 excisaeque
360 352 496 432 pluribus
520 353 595 415 loeis
611 368 702 433 rupes
717 354 844 432 insurgit
861 359 893 416 et
907 354 987 416 vires
1002 364 1074 414 suas
1091 352 1236 422 monitat:
1260 349 1339 412 iran-

162 461 242 540 gitur
265 459 347 519 enim
367 455 595 518 occurrentibus
618 458 698 518 saxis
723 464 753 517 et
775 476 830 537 per
854 464 980 535 angusta
1003 456 1153 518 eluctatus
1167 450 1354 533 ubicunque

161 562 254 625 vineit
287 581 322 624 ac
353 564 462 632 uincit,
496 558 621 620 fluctuat
653 566 684 621 et
716 558 775 620 illis
804 563 987 623 exercitatus
1020 561 1123 640 aquis,
1165 576 1240 637 quas
1274 559 1342 619 sine

161 669 294 729 tumultu
334 669 395 729 leni
436 667 521 727 alveo
565 663 708 736 duxerat,
751 665 901 726 violentus
936 663 1054 744 prosilit
1085 663 1142 724 sibi
1174 662 1339 733 dissimilis,

166 772 279 851 quippe
296 771 333 832 ad
347 769 421 833 illud
436 786 532 848 usque
555 768 674 829 lutosus
698 775 730 828 et
752 767 889 830 turbidus
912 765 996 839 fluit,
1018 773 1048 829 at
1070 767 1121 828 ubi
1142 768 1175 828 in
1198 765 1340 845 scopulos

163 877 295 937 cautium
326 875 509 944 verberavit,
533 877 654 952 spumat
684 871 807 951 illicque
837 890 899 933 non
923 889 959 932 er
976 877 1087 932 natura
1109 887 1181 940 sua,
1215 868 1272 932 sed
1303 886 1340 930 ex

161 976 270 1056 injuria
292 979 351 1040 loci
375 978 484 1040 clarior
500 983 563 1048 est,
586 975 708 1037 tandem
724 994 798 1039 vero
815 975 997 1037 obstantiam
1013 974 1162 1055 eluctatus
1176 975 1207 1033 in
1222 978 1339 1036 vastam

164 1080 355 1143 altitudinem
389 1079 487 1141 subito
518 1077 681 1140 destitutus
710 1078 791 1140 cadit
821 1097 892 1140 cum
922 1078 1036 1156 ingenti
1060 1074 1339 1153 circumjacentium

164 1187 293 1264 strepitu
315 1185 489 1262 regionum,
513 1189 637 1262 propter
661 1183 747 1261 eujus
769 1182 924 1245 fremitum
946 1199 1020 1262 gens
1042 1182 1074 1242 in
1096 1181 1142 1241 eis
1164 1178 1338 1258 regionibus

43 1309 45 1314 ·
160 1288 296 1349 babitans
327 1286 485 1365 emigravit
514 1291 547 1346 et
579 1286 669 1347 sedes
693 1303 762 1346 sues
787 1285 824 1347 ad
846 1286 1009 1347 remotiora
1032 1284 1098 1345 loca
1121 1284 1231 1362 posuit.
1277 1283 1338 1347 De·

160 1393 252 1470 nique
272 1389 337 1468 jam
359 1388 540 1450 manifestus
562 1407 706 1452 novarum
729 1390 837 1451 virium
859 1390 945 1451 Nilus
968 1384 1024 1469 (b)
1048 1389 1109 1450 alto
1133 1405 1168 1448 ae
1186 1386 1336 1469 profundo

160 1495 245 1559 alveo
269 1494 364 1555 fertur
387 1491 510 1570 objectu
531 1494 678 1553 montium
701 1506 824 1572 pressus
848 1499 880 1553 et
913 1492 1038 1554 demum
1070 1492 1150 1553 eirca
1172 1489 1339 1571 Memphim

158 1600 235 1661 liber
258 1616 293 1660 ao
316 1615 372 1677 per
394 1597 575 1675 campestria
597 1613 690 1674 vagus
713 1597 744 1655 in
768 1594 892 1657 llumina
916 1597 1004 1675 plana
1018 1593 1167 1656 scinditur
1189 1604 1220 1658 et
1243 1602 1338 1658 totam

159 1703 351 1782 amplectitur
391 1699 574 1779 Aegyptum.
629 1697 704 1770 dlii,
747 1704 780 1759 ut
814 1699 1006 1768 Ptolemaeus
1044 1702 1075 1762 in
1109 1700 1208 1779 elligie
1245 1701 1336 1770 orbis,

160 1805 279 1876 dicunt,
303 1805 334 1864 in
358 1802 483 1864 Oriente
507 1820 576 1863 esse
600 1802 748 1880 quosdam
778 1804 941 1865 altissimos
974 1810 1110 1876 montes,
1144 1822 1221 1883 quos
1249 1822 1337 1867 nume

161 1913 272 1988 eupant
294 1914 414 1968 montes
436 1907 544 1977 lunae,
569 1923 585 1966 a
608 1907 716 1985 quibus
739 1924 794 1986 per
817 1907 1036 1971 resolutionem
1051 1912 1165 1981 nivium
1181 1906 1337 1989 prolluens

160 2028 237 2091 aqua
260 2008 401 2088 paludem
423 2011 579 2087 ingentem
594 2009 666 2070 lacit
681 2027 717 2071 er
732 2027 792 2089 qua
807 2010 1092 2076 Nilum'decurrere¹
1102 2013 1185 2075 dicit.
1214 2010 1337 2092 Moyses

160 2120 262 2176 autem
294 2113 449 2191 legislator
473 2119 504 2173 et
528 2112 693 2175 Chronicae
717 2131 830 2174 sacrae
862 2118 991 2195 scriptor
1021 2116 1059 2178 de
1084 2116 1188 2188 Geon,
1219 2115 1250 2177 id
1281 2122 1337 2187 est,

158 2219 258 2281 Nilum
289 2217 327 2279 de
359 2217 497 2297 paradiso
529 2217 632 2297 egredi
663 2215 759 2297 (dicit)
792 2217 922 2279 Genesis
952 2219 988 2282 ll.
1034 2219 1121 2284 Hunc
1153 2219 1336 2301 paradisum,

159 2330 192 2385 ut
213 2323 366 2404 praefatus
388 2320 511 2401 Moyses
535 2321 696 2393 describit,
720 2339 736 2382 a
760 2324 909 2403 principio
932 2323 1072 2386 dominus
1096 2325 1283 2404 plantaverat
1305 2325 1337 2384 in

159 2425 298 2499 Oriente,
320 2429 352 2488 in
368 2427 441 2491 loco
465 2426 586 2488 celsiori
609 2427 703 2487 totius
726 2426 849 2508 mundi,
871 2425 1032 2505 interjecto
1056 2446 1170 2489 oceano
1195 2434 1226 2489 et
1248 2444 1336 2488 mon·

160 2531 240 2593 tibus
264 2532 411 2611 oppositis
434 2549 451 2591 a
473 2531 646 2608 regionibus
669 2546 744 2607 quas
766 2531 904 2592 incolunt
919 2530 1073 2603 homines,
1097 2533 1128 2592 in
1142 2533 1210 2594 loeo
1225 2530 1337 2609 ubique

159 2641 279 2696 secreto
303 2641 335 2695 et
365 2614 588 2706 remotissimo,
621 2641 655 2692 ut
685 2632 758 2693 nulli
793 2635 875 2694 carni
902 2636 1069 2712 ‘peccatrici
1098 2641 1199 2714 pateat
1230 2632 1337 2704 aditus,

159 2740 209 2817 qui
233 2744 265 2799 et
287 2739 412 2799 multam
427 2737 517 2798 habet
537 2735 743 2797 salubritatem
759 2738 1035 2817 amoenitatemque
1051 2757 1086 2802 ac
1097 2719 1337 2816 jucunditatem:

160 2841 366 2902 salubritatem
390 2839 527 2919 inquam,
559 2841 629 2918 quia
660 2841 808 2916 temperie
832 2840 957 2934 gaudet,
990 2845 1059 2921 quia
1082 2859 1140 2903 neo
1161 2840 1256 2918 trigas
1280 2855 1337 2898 nec

161 2950 281 3005 aestum
304 2943 394 3004 habet
417 2950 449 3004 et
463 2941 616 3022 ,quidquid
638 2943 679 3003 ibi
701 2944 774 3030 uiuit
796 2946 954 3006 morinen
978 2953 1095 3026 potest,
1119 2947 1199 3014 sicut
1213 2940 1339 3018 llenocb

161 3053 193 3108 et
214 3046 293 3107 Elias
317 3047 357 3108 ibi
380 3048 481 3108 vivere
505 3046 686 3107 referuntur.
731 3045 953 3109 Amoenitatem
975 3066 1062 3121 vero,
1089 3051 1158 3128 quia
1180 3047 1338 3108 universae

160 3148 395 3229 pulchritudinis
418 3152 652 3228 promtuarium,
683 3150 734 3209 ubi
765 3169 821 3211 nec
853 3153 979 3214 arborea
999 3155 1061 3214 sive
1084 3147 1339 3213 lolia.aut⁴llores

159 3271 301 3331 umquam
337 3260 538 3315 marcescunt.
557 3295 560 3298 <
585 3252 807 3314 Iucunditatem
830 3255 978 3335 denique,
1009 3257 1078 3335 quia
1100 3264 1203 3317 omne·
1222 3253 1338 3331 lignum

158 3357 317 3438 pulchrum
339 3359 404 3418 visu
434 3363 465 3417 et
487 3356 526 3418 ad
548 3357 734 3421 vescendum
757 3376 848 3421 suave
879 3367 926 3420 est
946 3362 1005 3433 ibi,
1027 3366 1061 3421 ut
1085 3372 1188 3420 sacrae
1217 3355 1338 3418 tradunt

158 3462 286 3523 litterae.
333 3462 534 3532 Serenitatem
556 3465 680 3541 insuper
703 3462 909 3523 omnimodam
934 3463 1037 3536 hebet,
1070 3466 1140 3542 quia
1168 3462 1269 3531 loeus,
1304 3464 1337 3519 ut

158 3563 240 3626 Beda
269 3567 391 3636 scribit,
424 3566 589 3627 altissimus
618 3573 686 3638 est,
728 3565 815 3642 cujus
849 3556 973 3629 altitudo
1004 3586 1101 3646 usque
1133 3566 1171 3628 ad
1200 3564 1337 3627 irruerem

162 3667 309 3729 circulum
322 3671 494 3785 pertingit.
547 3669 592 3730 De
625 3669 726 3731 medio
758 3678 859 3731 autem
888 3669 954 3747 ejus
986 3671 1054 3733 lons
1083 3669 1254 3751 egreditur,
1287 3669 1338 3785 qui

159 3874 301 3937 deorsum
325 3875 404 3936 cadit
426 3882 458 3936 et
480 3877 643 3936 maximum
666 3875 766 3937 lacum
781 3876 853 3938 iacit
867 3877 1006 3950 interius,
1029 3881 1061 3940 in
1075 3895 1132 3939 suo
1148 3882 1337 3937 autemcasu

158 3985 275 4041 tantum
308 3979 381 4041 lacit
409 3980 568 4058 strepitum
600 3985 629 4039 et
664 3979 829 4059 fragorem,
858 3980 939 4060 quod
970 3999 1076 4043 omues
1107 3979 1227 4040 incolae
1254 3976 1338 4054 juxta

159 4081 243 4144 surdi
272 4089 357 4153 sunt,
389 4101 425 4144 ex
457 4068 656 4143 immoderato
686 4086 788 4146 sonitu
810 4087 925 4145 ruentia
960 4100 1065 4161 aquae.
1110 4081 1151 4142 Eu
1180 4081 1231 4143 illc
1259 4080 1336 4152 lacu,

157 4186 242 4251 vetut
263 4205 300 4249 ex
322 4205 384 4251 uno
406 4188 506 4261 tonte,
529 4186 698 4267 procedunt
720 4187 772 4250 illa
794 4189 924 4266 quatuor
945 4187 1080 4265 iugentia
1094 4183 1236 4258 domina,
1260 4203 1336 4266 quo·
