2874 4770
122 353 296 408 avertentes
326 351 432 406 autem
458 361 569 407 narem
596 352 728 407 creato
754 345 874 424 longiru
903 344 1022 406 subacti
1044 361 1154 407 snmus
1178 347 1212 405 in
1234 346 1305 406 mari

123 451 312 530 Cypriorum

209 555 298 615 Nono
320 553 385 626 die,
408 556 460 632 qui
482 560 549 614 crat
570 553 722 615 dominica
744 550 815 623 at,
837 556 977 632 apparuit
998 553 1099 614 adbuc
1122 553 1255 632 Cyprus,
1278 559 1305 612 et

122 657 267 728 uidimus,
290 677 347 718 uos
362 657 414 718 illa
429 666 520 718 nocte
530 659 622 736 longo
635 661 734 736 spatio
749 659 981 728 retrocessisse,
1003 660 1189 718 tentavimus
1206 663 1305 718 autem

122 779 231 822 narem
253 762 401 823 reducere
417 762 456 822 ad
470 762 601 839 aliquem
624 770 804 840 portuosum
826 760 944 822 insulae
958 761 1069 832 locum,
1093 760 1148 820 sed
1173 779 1237 821 non
1258 778 1305 821 ra·

123 866 244 926 luimus.
291 867 406 927 l'erum
428 869 459 926 in
480 873 572 926 nocte
603 868 730 944 arripuit
759 884 817 926 nos
850 873 975 936 ventus,
1007 872 1040 925 et
1072 864 1304 924 circumducens

120 969 246 1046 jactarit
267 988 324 1031 nos
347 973 378 1030 in
400 989 484 1030 mare
499 969 719 1048 Pamphilicum
732 970 852 1049 longius
875 970 913 1034 ab
935 976 1039 1047 optato
1053 971 1176 1028 itinere.
1208 967 1305 1046 lpsam

122 1081 224 1134 tamen
255 1075 411 1151 regionem
440 1073 623 1151 Pampbiliac
656 1069 713 1152 (b)
746 1075 869 1133 minime
901 1072 1046 1143 uidimus,
1079 1090 1139 1132 nec
1174 1071 1305 1154 Cyprum

123 1178 251 1255 amplius
273 1176 378 1238 videre
400 1186 594 1256 poteramus,
618 1179 724 1255 sicque
740 1177 792 1236 illo
815 1176 866 1237 die
890 1177 1014 1254 longum
1034 1179 1129 1237 maris
1151 1179 1212 1239 iter
1232 1178 1302 1238 leci-

123 1299 206 1352 mus,
230 1280 284 1340 sed
307 1300 369 1342 non
392 1280 431 1340 ad
452 1282 644 1359 propositum
666 1272 812 1340 nostrumss

214 1383 341 1446 Decima
363 1383 412 1443 die
426 1386 581 1461 mitigatus
604 1390 653 1444 est
673 1392 781 1445 sentus
803 1384 918 1444 inutilis
940 1391 973 1444 et
995 1385 1051 1447 fuu
1066 1385 1147 1446 iacta
1171 1386 1303 1452 taediosa

124 1489 332 1568 tranquillitas,
356 1506 447 1566 quam
461 1489 609 1548 bonazam
624 1496 741 1558 vocant,
763 1490 875 1566 sicque
893 1491 1034 1549 stetimus
1050 1491 1129 1550 coeli
1153 1489 1301 1567 adjutorio

123 1600 273 1654 carentes.
318 1591 396 1651 Cum
418 1597 520 1653 autem
543 1610 613 1651 sero
635 1589 749 1652 lactum
771 1598 856 1652 esset
885 1599 917 1652 et
941 1593 1054 1653 lumina
1076 1611 1208 1655 aceensa
1230 1594 1301 1655 luis-

123 1705 207 1767 sent,
231 1699 411 1774 inceperunt
433 1695 583 1754 tubicines
610 1695 681 1755 tuba
706 1696 848 1774 clangere
871 1705 902 1756 et
925 1697 1061 1776 galeotae
1085 1699 1191 1758 etalii
1215 1701 1301 1758 mari·

122 1802 199 1861 narii
222 1807 360 1868 cantare,
384 1799 503 1869 saltare,
527 1799 681 1859 chorizare
704 1798 742 1859 ad
758 1799 972 1860 celebrandmn
990 1800 1105 1862 testum
1120 1801 1152 1861 S.
1170 1800 1300 1872 Martini,

122 1903 211 1980 cujus
233 1905 363 1964 instabat
385 1902 577 1975 solemnitas,
601 1920 680 1982 quae
703 1921 773 1963 cum
797 1904 898 1964 multis
912 1904 1085 1965 levitatibus
1096 1907 1131 1964 'in
1148 1905 1301 1984 plerisque

122 2006 227 2068 mundi
248 2007 381 2084 partibus
405 2009 510 2085 peragi
532 2007 620 2067 solet.
652 2004 749 2067 Credo
764 2008 926 2068 inolevisse
949 1994 1027 2068 hanc
1048 2009 1301 2069 consuetudinem

123 2128 160 2171 cx
181 2110 282 2188 aliqua
303 2117 441 2170 veterum
472 2113 678 2183 observantia,
713 2114 765 2189 qui
792 2111 921 2172 deormn
951 2129 1078 2173 suorum
1109 2111 1301 2174 celebrabant

123 2215 202 2275 testa
224 2233 295 2274 cum
316 2213 395 2275 ludis
429 2218 576 2275 scenicis:
608 2216 683 2274 nihil
713 2217 795 2274 enim
827 2215 978 2276 ludicrum
1007 2215 1135 2276 habetur
1165 2218 1196 2275 in
1223 2216 1301 2276 beati

121 2318 246 2382 Martini
275 2317 417 2396 legenda,
457 2318 513 2379 sed
549 2321 655 2398 ingens
695 2321 868 2391 maturitas,
887 2327 939 2405 *et
974 2319 1052 2397 apud
1096 2337 1169 2380 eum
1201 2322 1302 2380 vinum

123 2442 215 2485 nemo
244 2429 385 2493 noverat,
422 2425 454 2481 in
477 2440 537 2501 quo
560 2430 673 2483 tamen
691 2423 877 2484 luxuriantur
906 2421 1045 2483 homines
1073 2426 1241 2502 praecipue
1272 2425 1302 2482 in

122 2529 222 2608 vigilia
249 2529 280 2588 S.
303 2525 443 2597 Martini,
478 2529 509 2587 in
532 2545 591 2605 qua
613 2526 691 2586 iorte
715 2533 835 2587 veteres
858 2525 935 2586 iesta
960 2525 1072 2586 bacchi
1100 2527 1300 2587 celebrabant.

121 2632 257 2693 bacchus
282 2633 376 2702 enirn,
409 2630 492 2691 lovis
522 2630 674 2691 sccundus
698 2631 793 2701 lilius,
828 2633 960 2709 primum
989 2629 1099 2691 dicitur
1122 2633 1161 2698 in*
1178 2631 1303 2692 Graecia

123 2738 199 2796 vites
223 2735 376 2815 plantasse
406 2741 438 2794 et
460 2733 610 2794 Theba'nis
633 2736 820 2811 incognitum
834 2736 903 2796 -vini
924 2752 1015 2794 usum
1037 2734 1171 2795 dedisse.
1213 2735 1301 2795 Dice-

123 2838 194 2899 bant
218 2847 320 2899 autem
344 2840 473 2915 antiqui,
499 2836 579 2915 quod
603 2834 687 2898 sacia
710 2837 839 2909 Bacchi,
864 2856 942 2916 quae
957 2841 988 2898 in
1003 2846 1139 2899 extrema
1156 2841 1302 2901 ebrietate

123 2943 344 3013 consistebant,
385 2941 422 3004 ad
451 2944 543 3002 animi
571 2935 782 3020 purgationem
810 2945 1014 3020 pertinerent,
1053 2950 1243 3014 asserentes,
1278 2944 1303 3002 si

122 3045 189 3121 quis
211 3046 251 3102 in.
265 3051 377 3104 tantam
401 3047 577 3106 ebrietatem
601 3045 788 3124 procideret,
816 3052 853 3105 ut
875 3048 905 3106 in
928 3049 1074 3108 vomitum
1098 3065 1197 3124 usque
1218 3047 1302 3108 veni·

122 3153 185 3217 ret,
219 3153 286 3224 post
310 3151 506 3225 praeteritum
530 3148 646 3208 cerebri
679 3156 836 3226 stuporem
858 3152 991 3225 animum
1013 3153 1112 3210 erutis
1135 3152 1216 3210 curis
1238 3139 1302 3210 tae·

122 3248 217 3311 diosis
241 3236 330 3328 atque
356 3250 461 3327 ejectis
487 3268 644 3310 remanere
668 3253 880 3330 tranquillum3
904 3256 1007 3315 vinurn
1031 3245 1126 3314 etiam'
1145 3254 1302 3314 moderate

123 3361 255 3414 sumtum
279 3355 392 3414 laetum
416 3362 447 3414 et
466 3352 784 3429 jocundum'reddere
814 3343 979 3440 animum„
1003 3355 1302 3436 ldcircoLycurgus

124 3459 244 3536 quidum
275 3476 327 3518 rex
357 3456 502 3518 Thraciae
535 3457 688 3520 Bacchum
717 3467 916 3520 contemnens
949 3467 981 3520 et
1005 3457 1099 3541 (cum)
1130 3463 1207 3522 vites
1238 3461 1303 3539 ejus

124 3580 157 3621 se
187 3569 340 3640 amputare
372 3561 525 3631 crederet,
560 3580 614 3622 sua
644 3564 700 3623 sibi
729 3562 859 3623 succidit
888 3582 990 3635 crura,
1025 3571 1056 3624 et
1087 3583 1156 3625 cum
1186 3568 1302 3644 primus

124 3680 231 3742 aquam
255 3665 323 3723 vino
347 3664 520 3723 miscuisset
543 3671 573 3724 et
595 3684 659 3725 rern
682 3666 791 3726 haustu
821 3669 971 3726 sinceram
991 3667 1129 3746 plurimis
1145 3668 1304 3728 iniecisset

123 3767 262 3835 venenis,
298 3765 421 3826 odiosus
445 3766 542 3828 lactus
566 3776 612 3829 est
635 3772 753 3848 superis
777 3777 808 3830 et
831 3771 927 3830 oculis
951 3773 1101 3848 privatus,
1133 3789 1189 3843 eo,
1223 3770 1303 3851 quod

125 3877 186 3930 tarn
209 3869 305 3928 incliti
327 3868 450 3945 liquoris
475 3871 630 3933 moderate
654 3875 745 3933 sumti
762 3874 922 3934 commoda
939 3877 1126 3953 ignorasset,
1150 3884 1182 3937 et
1197 3878 1302 3938 ultimo

125 3975 261 4047 inruere
285 3973 498 4050 praecipitatus
531 3982 586 4036 est.
632 3976 830 4054 Nequaquam
864 3980 945 4038 enirn
977 3980 1091 4056 antiqui
1120 3981 1214 4040 ritum
1236 3978 1302 4041 Ma·

126 4077 257 4137 chometi
281 4077 511 4147 sustinuissent,
549 4086 745 4157 putantesse
772 4098 788 4141 a
811 4081 929 4148 Baccho
953 4082 1141 4159 derelinqui,
1173 4101 1304 4161 quorum

126 4179 218 4258 aliqui
241 4179 389 4250 dicebant,
413 4178 566 4241 Bacchum
581 4185 712 4247 animam
727 4185 831 4248 mundi
847 4203 926 4259 esse,
950 4202 1028 4266 qnae
1044 4187 1181 4265 quamvis
1191 4197 1302 4250 'mem-
