2874 4770
1109 134 1194 234 r‘ax

691 187 736 254 12

124 362 251 425 mn
271 361 329 424 uss
349 361 456 425 indae
477 361 642 424 caedmtur
661 363 816 445 m,
847 376 885 424 ae
908 364 941 423 si
967 361 1116 424 Q
1143 360 1192 423 ds
1221 362 1315 424 ha

123 454 1314 545 ionte‚deqnodiennt‚qnoderefflutorhfqinrmueffi

124 565 406 637 santuanensi
427 574 497 629 ante
522 586 628 629 raucas
651 568 811 631 habuerint
828 576 934 629 roeo.
979 567 1126 629 On'n
1148 569 1312 647 erpi}

125 668 202 730 dnn
231 666 360 731 nmen
384 671 416 730 in
445 670 657 749 boetio.)
686 675 778 732 mico
809 672 894 732 tonte
922 671 1188 743 mareotim.
1234 671 1311 732 Sur

124 771 747 855 ribibminnapiurimiiontesritiosi‚
779 774 1311 854 mmmmm

125 875 594 954 eqmbusionsiileaiienns
663 880 710 893 ’‘
777 875 1310 953 simenemajarbruum

124 975 208 1047 iona,
243 977 474 1057 quidemis
505 973 650 1057 uiitzg'
740 979 1232 1060 aqnapouuiliioointerirm
1276 978 1310 1040 in

124 1079 275 1143 Susam
298 1082 642 1167 estionmdequu
689 1076 1106 1158 immurmurarent
1151 1079 1309 1159 buchia,

122 1184 222 1249 mua
244 1184 399 1265 cynara,
430 1193 479 1247 sn
501 1187 584 1257 raas,
639 1166 664 1195 ”
700 1186 738 1248 er
770 1205 808 1248 ω
837 1187 927 1257 snat,
958 1187 1109 1246 auom
1139 1183 1249 1262 perus
1278 1191 1310 1244 a

123 1287 225 1355 ibim
244 1289 288 1351 nt.
331 1288 418 1351 Alius
440 1288 509 1351 ion
531 1296 580 1350 esi
600 1291 632 1351 in
654 1288 848 1362 blaeednnia,
875 1307 969 1368 quem
990 1289 1043 1366 qui
1071 1287 1200 1359 biberit,
1232 1289 1308 1347 inu·—

125 1390 271 1455 suumn
292 1391 427 1454 luxuriae
449 1394 570 1454 sentiet
614 1391 701 1455 Alius
724 1394 903 1454 ebrietatem
924 1391 1055 1462 indunit3
1078 1391 1156 1452 alius
1171 1391 1308 1461 iebrern3

125 1492 201 1557 alius
223 1501 361 1575 pestem3
395 1495 472 1557 alius
494 1494 645 1574 paralysin
668 1502 728 1556 ete.
772 1495 852 1557 Pons
874 1503 977 1556 autern
997 1495 1065 1566 iile,
1096 1494 1136 1556 de
1157 1513 1222 1574 uiro
1242 1494 1309 1572 jam

124 1601 172 1659 est
194 1593 336 1677 verbnm,
357 1598 441 1658 omni
455 1599 741 1697 antemium
764 1600 857 1660 muita
881 1602 1000 1660 virtute
1039 1597 1180 1659 Creditur
1193 1605 1309 1670 autem,

125 1697 207 1780 quod
228 1700 259 1760 in
283 1682 454 1778 fideretis
476 1698 629 1781 Virginio-
661 1704 680 1777 j
802 1709 834 1763 ei
855 1705 944 1783 pueri
965 1700 1153 1762 dileuissimi
1176 1699 1256 1762 Jesu
1276 1709 1310 1762 ei

124 1801 256 1883 ioseph,
279 1804 432 1882 eopiosior
445 1820 539 1883 aquas
554 1800 725 1877 effuderim.
791 1878 796 1885 ³
826 1805 986 1866 undantius
1002 1805 1200 1874 emanaverit·
1219 1806 1310 1883 quasi
1337 1879 1340 1882 .

125 1905 279 1969 exsultans
312 1922 382 1967 enm
411 1905 647 1980 exsultantibus,
680 1890 760 1970 sient
776 1907 902 1988 'legitur
927 1910 960 1968 in
986 1907 1077 1985 Spee
1100 1907 1168 1968 Nat
1192 1908 1246 1969 lib.
1271 1907 1308 1969 V.

125 2024 152 2071 e.
176 2004 228 2074 30.
252 2007 291 2070 de
312 2007 395 2070 iente
418 2008 450 2069 in
470 2010 596 2087 regione
619 2008 729 2089 Ophir,
760 2013 812 2089 qui
847 2017 894 2071 est
927 2010 1106 2090 tranquillus
1125 2011 1158 2069 in
1182 2026 1308 2071 emana-

124 2111 208 2173 tione
239 2117 272 2172 et
302 2128 373 2174 oum
403 2111 525 2174 silentio
554 2118 586 2173 et
616 2114 717 2192 quiete
747 2112 913 2201 deeurrunt
944 2114 979 2174 ab
1002 2131 1040 2174 eo
1062 2129 1159 2190 aquae
1183 2119 1216 2172 et
1237 2112 1309 2183 boo,

125 2212 198 2279 dum
219 2213 373 2277 silentium
395 2222 425 2278 et
449 2217 536 2296 quies
556 2213 641 2292 juxta
664 2233 735 2277 eum
758 2222 904 2278 servatur.
950 2216 1030 2276 Dum
1057 2221 1159 2276 autern
1180 2221 1309 2276 eantare

124 2317 272 2397 incipiunt
293 2318 374 2380 eirea
395 2335 467 2381 eum
489 2325 521 2380 et
542 2317 670 2380 bueeina
692 2335 896 2397 coronopum,
919 2317 1000 2397 quod
1022 2320 1132 2378 mirum
1159 2315 1245 2377 dietu
1260 2323 1310 2378 est

126 2421 230 2501 incipit
252 2418 320 2483 iens
343 2438 413 2484 eum
435 2423 535 2484 sonitu
559 2438 720 2501 erumpere
745 2427 777 2481 et
792 2420 948 2483 elevantur
962 2422 1075 2501 aquae,
1098 2425 1132 2481 nt
1145 2417 1309 2480 rideantur

127 2523 324 2605 gaudentibus
347 2524 546 2605 eongaudere.
593 2522 680 2586 turta
702 2523 819 2586 iontem
841 2530 890 2585 est
911 2542 990 2585 unus
1023 2508 1122 2602 paries
1153 2521 1308 2601 lapideus,

125 2629 156 2690 in
179 2645 239 2707 qtto
262 2633 310 2688 est
332 2644 389 2689 una
410 2626 544 2701 ienestra
577 2642 639 2689 non
669 2627 843 2706 perspicua,
874 2626 929 2688 sed
957 2628 1043 2706 quasi
1074 2642 1165 2704 capsa
1193 2627 1309 2686 vestita

126 2729 227 2819 politia
250 2730 358 2793 tabulis
381 2732 576 2803 marmoreis,
598 2732 630 2793 in
653 2748 712 2812 qua
734 2729 846 2809 pendet
870 2731 985 2810 lampas
1008 2728 1133 2800 ardens,
1157 2729 1188 2788 in
1207 2728 1307 2790 bono·

128 2844 192 2895 rem
212 2828 319 2895 beatae
335 2832 482 2914 Virginis,
506 2835 575 2913 quia
592 2832 710 2906 dieunt,
734 2851 801 2895 eam
815 2834 856 2895 ibi
870 2834 973 2895 ionum
989 2835 1131 2895 orationis
1146 2831 1307 2905 babuisse3

126 2938 258 3019 optimus
282 2943 382 3000 autem
404 2936 480 3000 odor
502 2944 550 3000 est
571 2940 600 3000 in
625 2936 731 2999 eadem
753 2954 845 2999 coeca
873 2937 1020 3008 fenestra,
1043 2954 1079 2996 ae
1100 2937 1126 2996 si
1141 2934 1307 2996 essatbai·

129 3056 213 3104 semo
236 3040 361 3122 repleta.

214 3141 308 3208 Porro
340 3150 408 3224 post
438 3142 600 3207 desursum
632 3150 804 3222 temporum
838 3142 975 3205 videntes
998 3150 1097 3205 terrae
1120 3141 1305 3214 habitatores

128 3262 222 3328 aquae
245 3248 330 3311 iatius
353 3248 495 3320 virtutes,
519 3247 661 3326 optabant
685 3263 754 3308 esse
776 3247 874 3308 rivum
896 3265 1053 3326 magnum,
1087 3247 1138 3323 qui
1161 3260 1307 3322 eampum

127 3348 221 3414 latum
245 3357 349 3433 posset
371 3353 510 3431 irrigare,
535 3350 633 3412 solum
656 3351 737 3411 enim
760 3367 870 3428 parvus
893 3349 1005 3412 rivulus
1029 3367 1046 3410 a
1067 3347 1150 3409 fonte
1175 3344 1305 3411 deseen-

128 3454 186 3530 dtu
210 3454 350 3520 inderent
373 3474 444 3536 ergo
467 3456 496 3517 in
520 3452 587 3515 loon
611 3455 810 3516 emanationis
826 3453 945 3516 foveam
960 3451 1140 3531 profundam
1155 3454 1186 3511 et
1201 3448 1304 3522 latam,

127 3556 302 3632 rotundam,
327 3575 404 3637 quae
428 3556 551 3637 quidem
575 3573 652 3636 aqua
674 3555 856 3629 abundabat,
879 3555 1018 3617 sednon
1040 3550 1302 3633 supereffluebat.

128 3658 213 3724 Unda
244 3661 386 3725 fabricata
421 3666 485 3723 rota
518 3658 619 3739 grandi
655 3658 786 3737 desuper
818 3659 919 3720 labore
950 3660 1116 3720 bestiarum
1138 3655 1305 3717 extrahitur

129 3780 204 3845 antra
228 3763 265 3828 tio
288 3769 380 3844 puteo
405 3770 436 3825 et
457 3761 546 3824 hodie
570 3765 640 3822 sunt
662 3761 702 3822 ibi
733 3771 856 3841 semper
876 3759 963 3823 XXX
983 3761 1076 3822 boves
1105 3759 1233 3820 ordinati
1264 3756 1303 3817 ad

129 3866 308 3931 trahendum
331 3882 454 3945 auriam,
480 3866 530 3945 qui
554 3865 726 3927 successiva
751 3862 787 3925 ad
809 3864 942 3927 laborem
957 3869 1117 3942 ponuntur.
1162 3862 1304 3922 Decurrit

130 3975 230 4033 tutam
254 3985 330 4050 aqua
354 3987 407 4049 per
430 3968 542 4032 canalia
565 3969 594 4030 in
619 3983 723 4046 agrum
744 3967 869 4029 balsami
892 3973 923 4026 at
944 3968 976 4028 in
997 3967 1120 4026 hortum
1134 3968 1303 4026 aromatum

130 4077 160 4135 at
182 4071 211 4134 in
236 4070 406 4135 viridarium
429 4072 567 4135 arborum
597 4077 627 4131 et
655 4087 691 4132 aa
713 4071 824 4150 irrigat.
869 4070 1014 4148 Dirigitur
1043 4071 1134 4130 etiam
1162 4066 1199 4128 ad
1225 4066 1302 4137 lona.

130 4171 179 4238 ubi
203 4179 273 4239 runt
296 4173 334 4239 de
358 4177 468 4240 excisis
491 4173 640 4257 lapidibus
664 4179 849 4236 muratarum
871 4190 964 4253 opere
979 4172 1058 4235 iaetu
1071 4159 1301 4252 grandiusque-
