2874 4770
688 189 753 261 att

132 368 230 447 spolia
252 366 291 427 de
314 365 427 428 mundo
450 368 662 446 accepturum,
692 366 763 429 idco
786 385 822 427 os
843 367 939 446 magis
971 367 1076 431 dilatat
1106 375 1139 430 et
1170 366 1312 430 flammae

134 472 365 534 abundantiores
389 474 576 533 emittuntur.
621 470 669 531 Ad
689 471 750 531 hoc
773 470 905 543 aceedit,
929 471 1010 551 qnod
1032 471 1184 534 Diodorus
1208 472 1310 544 reieri,

133 579 164 636 in
186 579 244 635 ista
267 578 389 653 regione
413 593 507 655 prope
530 572 660 636 Aetnam
690 593 759 635 esse
783 575 960 655 speluncam
983 576 1198 655 pergrandem,
1228 575 1311 655 'quac

133 681 247 740 hiatum
270 680 325 741 sub
348 687 427 740 terra
451 679 541 739 babet
564 678 601 739 ad
616 677 742 739 Arctum
758 686 955 758 spectantem,
975 696 1137 758 perquem
1151 678 1311 741 Plutonem

133 782 302 843 fabulantur
325 801 393 843 cnm
416 801 506 845 curru
529 790 613 862 rapta
636 782 818 862 Proserpina
841 786 998 845 transisse.

218 870 319 965 Aliqui
342 887 462 959 meunt,
493 889 702 966 purgatorium
726 887 878 965 quoddam
902 889 1068 948 animarum
1089 887 1129 947 ibi
1151 902 1240 957 esse,
1273 886 1312 949 dc

132 1006 192 1067 quo
225 989 296 1052 iacit
338 992 525 1051 mentionem
566 990 730 1069 Gregorius
764 993 796 1051 in
829 991 965 1070 dialogo:
1003 991 1090 1052 Juxta
1128 989 1313 1052 Trinacriam

130 1111 237 1155 versus
259 1093 374 1157 ltaliam
405 1103 476 1157 sunt
497 1096 572 1157 aliae
602 1095 737 1168 insulae,
773 1095 979 1177 flammigeros
1007 1100 1126 1156 montes
1159 1094 1313 1166 babentes,

131 1216 258 1278 quarum
281 1201 381 1277 potior
403 1199 513 1262 dicitnr
534 1199 659 1280 Lipara,
691 1207 724 1261 et
744 1208 891 1262 vocantur
913 1201 1096 1272 Volcaniae,
1120 1201 1191 1278 quia
1213 1200 1245 1258 in
1268 1200 1313 1259 eis

131 1302 271 1364 dicebant
293 1306 407 1382 antiqui
428 1304 563 1366 officinas
585 1304 712 1365 Vulcani
735 1323 804 1366 esse
836 1305 873 1367 ad
905 1307 1010 1384 ignem
1042 1301 1249 1364 fabricandum
1282 1307 1314 1362 et

131 1406 169 1468 ad
193 1424 275 1466 arma
299 1407 426 1469 deorum
440 1408 629 1480 iaciendum3
652 1410 693 1469 ibi
717 1411 798 1485 enim
823 1410 936 1471 monile
952 1408 1124 1470 Hermionis
1147 1413 1179 1468 et
1201 1423 1313 1467 corona

131 1509 280 1572 Ariadnae
325 1518 357 1572 et
384 1512 511 1573 Achillis
546 1518 577 1572 et
617 1513 688 1573 Caci
721 1531 803 1574 arma
846 1521 917 1575 snut
958 1513 1110 1574 fabricata.
1163 1510 1312 1572 Dicuntur

134 1616 225 1675 etiam
248 1615 364 1675 insulae
380 1613 564 1688 haerliae,
589 1634 606 1676 a
629 1635 702 1695 rege
718 1615 824 1689 Aeolo,
849 1619 900 1696 qni
923 1619 954 1677 in
978 1619 1022 1677 eis
1046 1616 1190 1694 regnavit
1222 1613 1311 1676 Hunc

132 1717 263 1779 Aeolum
277 1736 381 1796 regern
404 1728 578 1799 nuncupant
602 1721 713 1799 poetae
737 1721 828 1781 deum
850 1728 1017 1793 ventorum,
1040 1719 1202 1781 habentem
1224 1724 1311 1796 pote-

132 1826 242 1882 statem
266 1822 423 1884 emittendi
447 1830 478 1884 et
500 1824 651 1885 retinendi
674 1833 792 1887 ventos.
821 1824 869 1886 Ad
892 1843 962 1887 eum
985 1824 1110 1904 Ulysses
1133 1840 1225 1903 supra
1247 1821 1310 1882 dic·

131 1933 181 1986 tus
205 1929 332 1987 accessit
355 1934 385 1989 et
406 1935 514 1990 ventos
537 1930 572 1989 ab
595 1946 636 2015 eo
657 1931 715 1989 sibi
738 1929 802 1990 dari
825 1931 928 2009 petiit,
960 1935 990 1990 et
1016 1927 1100 1989 dedit
1123 1927 1180 1987 sibi
1203 1942 1311 1987 omnes

132 2037 239 2092 ventos
262 2035 384 2109 praeter
405 2031 591 2111 Zephymm,
624 2052 701 2113 quos
731 2036 814 2095 corio
844 2035 930 2095 boris
951 2034 1075 2095 intrnsit
1103 2039 1258 2110 tamqnam
1282 2031 1313 2090 in

131 2154 236 2197 saccos
261 2143 292 2197 et
318 2144 459 2215 argentea
483 2144 591 2198 catena
614 2137 745 2217 alligavit
767 2141 881 2217 sicque.
896 2143 1007 2200 ventos
1028 2139 1060 2197 in
1081 2143 1165 2197 utres
1191 2141 1313 2195 coactos

129 2243 159 2300 in
184 2258 291 2301 navem
317 2257 402 2300 snam
426 2242 572 2317 portavit,
596 2243 672 2301 socii
688 2248 789 2302 antem
805 2245 852 2304 sui
867 2241 1020 2320 putabant,
1042 2241 1073 2299 in
1094 2237 1225 2318 pellibus
1242 2251 1312 2296 esse

130 2343 288 2403 thesauros
312 2343 456 2404 inclusos.
503 2345 579 2404 Cum
602 2350 704 2404 autem
736 2347 780 2405 sic
802 2347 991 2423 navigarent,
1022 2347 1205 2421 apemernnt
1234 2340 1311 2401 socii

130 2452 230 2518 utres,
262 2463 279 2506 e
304 2447 411 2524 quibus
435 2447 554 2508 adversi
575 2454 684 2509 ventus
718 2454 914 2527 emmpentes
944 2446 1118 2524 rejecerunt
1140 2461 1248 2506 navem
1271 2444 1310 2504 ad

130 2550 244 2610 insulas
259 2549 396 2621 Aeolias,
421 2569 512 2629 quam
527 2549 641 2611 Aeolus
658 2569 674 2612 a
689 2552 789 2612 littore
817 2552 927 2631 repulit
949 2552 1091 2611 emittens
1114 2555 1218 2610 contra
1241 2565 1309 2609 eam

131 2657 280 2734 pessimos
304 2660 426 2727 ventos,
441 2653 488 2715 'de
513 2657 620 2735 quibus
643 2655 769 2736 Ulysses
791 2657 821 2716 in
846 2673 954 2735 magna
976 2656 1130 2734 naufragia
1151 2655 1243 2716 venit.

217 2758 294 2819 Sunt
317 2765 419 2819 autem
441 2759 557 2821 insulae
580 2767 699 2841 septem
714 2763 743 2821 in
760 2760 875 2833 Sicilia,
898 2758 1166 2830 dietaeileolides,
1190 2758 1309 2818 scilicet

129 2864 308 2943 Strongyle,
332 2864 501 2943 Evonyma,
525 2865 669 2944 Dydima,
694 2863 918 2936 Phoenicodes,
942 2864 1048 2934 Sacra,
1070 2862 1226 2934 Vulcania,
1257 2860 1307 2921 Li-

127 2984 217 3046 para,
252 2969 329 3028 sitae
358 2969 437 3029 inter
469 2967 585 3030 ltaliam
619 2977 651 3030 et
681 2970 816 3030 Siciliam
844 2975 929 3029 recto
960 2985 1059 3029 cursu.
1105 2966 1169 3028 Hae
1191 2967 1307 3028 insulae

128 3071 274 3132 hactenus
297 3090 404 3133 omnes
429 3075 533 3153 ignem
556 3075 751 3146 evomebant,
783 3091 911 3153 quarum
940 3080 1058 3134 meatus
1087 3089 1199 3150 oraque
1228 3073 1307 3147 ignis

127 3177 218 3235 etiam
240 3193 321 3234 nunc
343 3177 481 3237 visuntur
514 3178 544 3236 in
574 3177 735 3257 Strongyla
766 3196 802 3239 ac
830 3179 934 3250 Sacra,
961 3175 1114 3255 hujusque
1145 3192 1180 3234 er
1207 3182 1306 3236 terrae

128 3279 210 3340 hiatu
231 3287 342 3342 ventus
366 3283 497 3359 erumpit
521 3288 551 3341 et
572 3281 673 3343 ioetor
694 3285 811 3364 ingens,
834 3288 951 3344 eructat
974 3298 1095 3361 quoque
1118 3295 1242 3340 arenam
1262 3276 1306 3337 la-

127 3383 276 3461 pidesque
313 3386 419 3462 igneos
459 3385 643 3462 permultos,
681 3386 936 3465 quemadmodum
973 3391 1004 3444 et
1032 3382 1149 3443 Aetnae
1187 3378 1306 3440 accidit.

127 3485 275 3546 Asserunt
297 3504 370 3549 vero
393 3487 544 3559 nonnulli,
568 3506 637 3550 esse
660 3492 874 3552 subterraneos
898 3494 1016 3550 meatus
1032 3487 1068 3548 ab
1082 3486 1179 3547 Aetna
1193 3481 1230 3544 ad
1252 3482 1307 3543 bas

127 3591 240 3651 insulas
264 3596 294 3651 et
317 3590 363 3651 his
386 3592 525 3653 omnibns
541 3593 668 3656 eandem
683 3595 785 3673 ignem
808 3592 941 3672 spirandi
953 3607 1092 3654 caussam
1114 3605 1193 3649 esse.
1224 3584 1306 3648 llaec

126 3695 277 3757 Diodorus
300 3696 422 3775 Antiqu.
445 3695 557 3759 llistor.

212 3798 258 3860 De
281 3800 379 3861 insula
393 3799 538 3863 Vulcania
561 3801 685 3876 dicitur,
709 3801 789 3882 quod
812 3802 885 3863 olim
908 3820 969 3863 non
992 3800 1064 3874 fuit,
1087 3801 1142 3863 sed
1164 3808 1304 3882 tempore

127 3900 264 3981 Pompeji
287 3907 385 3983 primo
409 3908 557 3986 apparuit.

213 4005 368 4071 Trinacria
391 4028 463 4090 ergo
488 4013 580 4082 haec,
615 4010 652 4071 de
676 4029 736 4090 qua
757 4030 858 4072 sermo
881 4018 944 4085 est,
976 4014 1101 4094 respicit
1128 4014 1219 4073 etlam
1241 4016 1305 4072 tres

128 4110 232 4171 mundi
253 4121 370 4191 partes,
395 4117 473 4177 sicut
496 4133 587 4194 snpra
610 4113 724 4176 dietum
748 4124 795 4177 est
818 4116 855 4177 de
871 4116 969 4178 Creta.
1014 4117 1091 4178 Nam
1114 4133 1183 4177 cum
1199 4114 1306 4175 Peloro

127 4219 332 4293 promontorio
347 4220 473 4297 respicit
486 4217 654 4299 Europam,
678 4219 844 4281 extendens
867 4237 901 4284 se
924 4226 1030 4282 contra
1042 4218 1146 4285 ltaliae
1168 4217 1305 4281 ultimam
