2874 4770
629 132 649 179 '⁶
671 169 736 253 aaa

117 355 196 414 sicut
218 368 313 431 prope
332 347 454 416 ,Ulmum
475 363 567 427 supra
589 345 759 409 Blaubiiren
781 345 980 416 inirarillam
999 349 1114 428 Sysseo
1139 349 1294 430 estLahy·

117 453 235 514 rinthus
257 454 329 513 satis
352 451 499 525 intrabilis
530 453 561 510 in
584 451 693 509 montis
725 450 891 529 penetralia
921 468 977 529 per
1006 452 1130 532 longum
1153 457 1293 534 spatium,

117 558 167 618 ubi
191 555 313 634 quidem
330 559 443 635 primus
466 556 605 615 introitus
629 561 736 632 patens
760 559 869 632 specus
894 563 956 627 est,
979 562 1010 617 et
1027 556 1145 628 deinde,
1170 557 1241 620 dum
1263 560 1295 620 in

119 660 257 731 tenebras
282 658 318 719 ad
341 661 423 738 rupis
448 661 595 737 parietem
611 664 734 719 ventum
758 658 865 731 inerit,
890 659 1097 738 perforamen
1122 668 1152 721 et
1176 671 1294 726 antrum

117 767 255 825 strictum
278 763 428 843 serpendo
452 761 568 838 ingredi
592 767 727 840 oportet,
751 763 829 822 sicut
851 779 978 841 serpens
995 770 1112 824 antrum
1137 783 1225 825 suum
1247 769 1293 829 in·

118 868 267 946 greditor,
292 873 323 928 ct
347 866 418 927 dnm
442 868 521 927 intus
545 872 668 926 ventum
683 863 792 950 inerit,
816 866 921 945 longo,
946 867 1061 927 altorot
1084 867 1145 928 latu
1167 871 1295 933 transitu

116 975 146 1032 in
178 990 253 1051 rupe
277 989 374 1049 usque
398 969 547 1031 adfinem
571 971 704 1040 venit-ur,
738 954 789 1029 ubi
813 977 859 1029 cst
883 970 1059 1048 dispositio,
1090 973 1173 1031 acsi
1197 972 1295 1052 aliqua

115 1077 156 1136 ihi
178 1076 286 1136 luisset
307 1076 461 1135 hahitatio.
507 1070 583 1132 Bina
605 1074 670 1132 vice
693 1072 834 1133 inductus
846 1073 900 1146 «1111
931 1076 961 1134 in
982 1092 1110 1154 specum
1133 1075 1218 1136 illum
1240 1093 1296 1155 pcr

115 1179 272 1258 religiosos
296 1184 397 1257 patres
431 1175 544 1237 ordinis
568 1176 598 1235 S.
623 1174 780 1236 Benedicti
804 1176 841 1239 de
865 1175 1034 1239 Blaubiiren
1065 1178 1102 1239 ad
1126 1179 1294 1240 mirandum

116 1275 173 1343 Dei
195 1274 313 1343 odcnlta
337 1298 437 1361 opera.
525 1348 528 1367 ἲ
1006 1266 1010 1273 ’

202 1384 278 1446 Osi
301 1394 409 1465 poetae
443 1391 561 1449 veteres
596 1385 757 1445 scivissent
784 1384 864 1444 hunc
892 1402 1036 1463 specum,
1071 1403 1161 1464 quam
1193 1388 1294 1448 statim

115 1492 216 1551 locum
240 1489 366 1575 alicujus
389 1487 519 1547 fictionis
542 1488 731 1547 invenissent
754 1493 805 1546 aut
829 1487 972 1548 dixissent
996 1507 1065 1549 esse
1082 1489 1183 1550 locum
1199 1491 1292 1570 Nym-

114 1596 256 1674 pharum,
289 1600 340 1653 aut
361 1591 574 1679 habitationem
597 1588 768 1661 Musarum,
792 1598 854 1661 ‚aut
886 1590 1087 1670 labyrinthum
1119 1593 1294 1656 aDaedalo

115 1702 339 1767 constructum,
370 1691 428 1756 aut*
443 1693 570 1772 specum
593 1711 610 1754 a
633 1690 752 1754 Venere
767 1693 895 1765 factum,
920 1695 1179 1773 adquaerendam
1201 1701 1231 1758 in
1255 1717 1292 1760 eo

112 1800 280 1862 Adonidcm
305 1801 451 1861 amasium
485 1817 590 1870 suum,
624 1806 661 1873 et¹
677 1799 879 1879 plangendum
910 1819 970 1860 non
1000 1803 1155 1862 inventum
1183 1803 1214 1862 in
1246 1819 1290 1864 ea.

111 1906 222 1966 Dicunt
246 1906 331 1974 enirn¹
350 1903 499 1982 Cynaram
523 1920 626 1982 regem
650 1903 739 1982 Cypri
763 1903 1004 1982 pulcherrimum
1026 1905 1166 1966 hahuisse
1190 1908 1292 1984 filiurn,

112 2010 198 2088 cujus
232 2027 334 2071 amore
368 2015 454 2088 capta
477 2007 582 2068 Venus
612 2009 723 2091 ubique
756 1999 1040 2087 eum'sequehatur
1069 2027 1125 2088 per
1147 2012 1238 2094 silvas
1263 2020 1295 2075 ct

110 2122 245 2187 montes,
268 2114 390 2177 tandem
415 2121 516 2175 autem
532 2131 602 2174 eum
618 2112 757 2194 perdidit,
782 2117 851 2192 quia
874 2117 909 2176 ah
926 2133 998 2195 apro
1014 2115 1195 2179 dilaceratus
1218 2113 1290 2192 l'uit;

111 2215 166 2301 (1))
184 2239 243 2299 quo
267 2226 422 2300 percepto,
446 2220 539 2278 nimio
555 2236 695 2278 moerore
719 2216 830 2279 alilicta
851 2218 951 2278 lucem
968 2218 1096 2282 sulierre
1114 2239 1173 2281 non
1187 2222 1291 2283 valens
1383 2235 1387 2240 ’

110 2324 140 2382 in
164 2316 313 2383 montium
336 2324 500 2403 speluncas
526 2323 747 2400 commigrauit,
779 2321 928 2394 clamans,
959 2321 1073 2402 ejulans
1108 2329 1140 2385 et
1174 2324 1290 2387 dellens
1366 2334 1368 2338 ‘

111 2443 201 2485 suum
216 2424 404 2498 Adonidem,
427 2444 533 2486 omnes
558 2428 647 2486 etiam
672 2444 706 2486 sc
726 2426 863 2487 colentes
888 2426 923 2488 ad
948 2428 1160 2491 celebrandum
1183 2428 1289 2492 fletum

109 2527 254 2589 Adonidis
277 2532 307 2589 in
331 2530 484 2608 speluncis
501 2527 629 2607 induxit,
653 2528 733 2589 unde
750 2547 895 2590 successu
911 2533 1057 2609 temporis
1073 2549 1127 2611 per
1142 2534 1289 2594 mundum

111 2633 221 2711 ubique
245 2633 366 2693 luerunt
390 2638 584 2693 consecratae
605 2634 767 2712 speluncae
783 2633 894 2721 Veneri
908 2634 946 2694 ad
963 2635 1116 2713 planctum
1133 2631 1288 2701 Adonidis.

109 2736 174 2798 Nec
206 2739 300 2798 evasit
330 2739 506 2816 spurcitiam
535 2737 613 2798 illius
645 2740 719 2797 ritus
750 2755 860 2816 specus
895 2740 1097 2800 sacratissima
1127 2743 1288 2803 nativitatis

108 2841 229 2901 Domini
245 2841 334 2912 lesu,
359 2845 409 2920 qui
426 2842 503 2902 ultra
520 2821 641 2903 centum
665 2849 695 2902 et
709 2845 871 2921 nonaginta
895 2847 979 2906 annis
1004 2854 1179 2907 consecrata
1202 2849 1287 2908 stetit

108 2947 253 3009 Adonidis
277 2950 429 3027 planctui,
453 2951 530 3008 sicut
553 2948 626 3008 dicit
642 2935 842 3028 Hieronymus
866 2953 896 3010 in
911 2949 1044 3030 Epistola
1061 2950 1096 3011 ad
1112 2950 1286 3013 Paulinum:

108 3048 209 3111 Bonus
240 3052 330 3113 homo
355 3060 413 3113 etc.
460 3053 510 3112 Sic
544 3059 575 3113 et
603 3052 652 3112 alii
680 3052 782 3113 mundi
813 3034 922 3132 specus
954 3057 1099 3134 insignes.
1144 3055 1287 3116 Nonnulli

109 3157 199 3215 ctiam
223 3173 334 3235 specus
357 3163 389 3216 et
411 3174 553 3218 cavernas
578 3173 613 3216 ac
635 3163 734 3231 terrae
751 3160 898 3221 scissuras
914 3161 1066 3237 inturpant
1087 3158 1125 3219 ad
1140 3177 1287 3240 responsa

109 3258 279 3336 quaerenda
314 3277 331 3320 a
361 3260 591 3340 Demagorgone
628 3266 659 3320 et
689 3261 727 3321 ad
749 3260 955 3334 divinandum,
989 3269 1022 3323 ut
1054 3280 1144 3341 supra
1171 3263 1285 3346 dictum
1344 3303 1346 3307 «

109 3348 157 3424 est
178 3364 229 3424 fot.
258 3360 329 3428 157.
992 3436 997 3444 ¹

193 3469 247 3529 Est
278 3471 402 3547 insuper
433 3471 464 3528 in
491 3454 552 3528 'hac
583 3467 681 3528 insula
713 3487 824 3553 specus
858 3449 941 3540 itta,
959 3470 990 3528 in
1023 3487 1081 3548 qua
1103 3470 1285 3550 Epigenides

107 3572 304 3651 philosophus
328 3571 469 3632 dormivit
493 3569 533 3636 75
558 3571 643 3642 annis
668 3573 820 3632 continue.
865 3571 942 3632 Nam
966 3578 998 3631 ut
1022 3571 1131 3634 dicitur
1163 3574 1200 3635 de
1225 3577 1286 3638 vita

107 3674 375 3755 Philosophorum,
400 3693 468 3735 cum
486 3657 668 3751 juvenculus
685 3675 895 3736 esset-missus
920 3682 1036 3753 apatrc
1060 3676 1097 3738 ad
1117 3678 1285 3740 custodiam

108 3784 224 3854 ovium,
259 3781 414 3842 declinans
437 3786 539 3846 autem
568 3780 597 3838 in
621 3776 772 3856 quoddam
796 3785 928 3855 antrum,
959 3778 1139 3844 obdormivit
1162 3801 1217 3862 per
1240 3790 1285 3844 tot

108 3904 218 3959 annos,
248 3903 375 3965 surgens
400 3887 500 3946 autem
524 3890 629 3962 postea
652 3884 800 3961 quaesivit
823 3903 894 3945 oves
919 3903 1081 3966 parumper
1104 3906 1138 3950 se
1171 3888 1283 3950 dormi·

108 3991 188 4051 uisse
217 3992 397 4059 aestimans,
431 4007 492 4049 non
524 3989 652 4048 inventis
684 3994 785 4048 autem
816 3990 921 4050 ovibus
953 3992 1107 4069 ingressus
1132 3993 1284 4054 civitatem

109 4096 216 4155 omnia·
231 4101 344 4156 mutata
359 4093 534 4163 mirabatur,
559 4099 588 4153 et
606 4094 758 4154 neminem
781 4095 837 4154 sihi
863 4102 984 4167 notum,
1009 4099 1099 4157 etiam
1113 4098 1143 4157 in
1158 4104 1283 4176 patemo

110 4197 217 4272 domo,
239 4201 371 4269 invenit,
394 4199 452 4265 nisi
467 4195 608 4278 fratrem,
632 4214 724 4276 quem
738 4197 883 4260 infantem
898 4199 1069 4278 rehquerat,
1087 4198 1152 4277 jam
1166 4216 1281 4270 sanem,
