2874 4770
768 172 814 243 82

205 351 334 429 populus
373 357 476 411 contra
515 350 661 429 populum
696 353 855 430 insurgere
883 351 989 413 adeat
1035 349 1120 412 llaec
1157 358 1191 412 et
1232 355 1386 431 quaelibet

204 455 335 515 ecclesia
363 472 434 516 suos
462 453 640 514 sacerdotes
684 461 716 515 et
755 455 908 533 quaelibet
935 461 1071 517 contrata
1102 472 1177 515 euos
1203 455 1331 533 judices
1359 466 1386 519 et

204 558 411 619 consiliatores
426 553 551 636 (habet).

261 646 444 722 'Ecclesiae
468 658 516 720 rel
539 658 700 719 moscheae
730 666 800 720 sunt
827 677 917 738 mam
944 660 1108 751 plurimum
1141 665 1384 739 pretiosissimae

81 786 88 797 ·
204 766 242 826 de
271 765 366 843 polito
396 772 428 824 et
456 765 539 823 vario
570 779 720 823 marmore
749 765 829 824 intus
860 771 891 823 et
921 770 1003 824 extra
1039 770 1180 837 ornatae,
1224 774 1258 827 et
1290 775 1384 828 turres

203 866 329 945 singulis
352 866 505 928 moscheis
532 865 727 927 coedificatae
754 866 848 936 altae,
879 866 1025 927 rotundae
1055 873 1087 925 et
1119 869 1267 929 noctibus
1299 871 1384 930 lumi·

204 989 306 1032 nosne.
351 971 429 1031 Sunt
452 972 534 1030 enim
553 976 651 1030 turres
676 969 762 1041 illae,
794 977 827 1031 ut
850 967 923 1040 dixi,
950 968 1043 1040 altae,
1069 977 1100 1029 et
1116 970 1240 1048 aliquae
1258 980 1383 1050 quatuor

204 1092 391 1136 camerarum
413 1073 523 1133 habent
543 1074 574 1132 in
598 1071 772 1143 altitudine,
797 1079 828 1133 et
853 1089 977 1150 semper
996 1073 1026 1130 in
1049 1072 1110 1132 line
1136 1076 1228 1135 unius
1246 1093 1381 1136 camerae

204 1186 250 1239 est
265 1179 302 1238 ab
328 1186 409 1239 extra
435 1193 489 1253 per
504 1192 611 1254 gyrum
637 1178 727 1236 turris
755 1193 833 1236 unus
861 1177 1020 1244 circuitus,
1051 1177 1081 1235 in
1108 1193 1170 1254 quo
1191 1180 1381 1240 circumeunt

203 1280 378 1342 secerdotes
408 1280 476 1340 loco
505 1295 720 1357 campanarum
749 1278 929 1347 clamantes,
961 1283 994 1338 ut
1023 1276 1161 1351 dicetur;
1200 1289 1233 1341 et
1261 1282 1300 1342 de
1326 1281 1380 1341 illis

203 1387 374 1446 circuitibus
396 1391 469 1445 sunt
489 1391 649 1462 protensae
670 1383 852 1460 phalangae,
877 1382 909 1441 in
934 1379 1042 1458 quibus
1066 1380 1202 1459 pendent
1224 1385 1378 1465 lampades

122 1510 129 1519 ’
203 1492 342 1568 superius
365 1489 517 1565 opertorio
541 1493 631 1546 acuto
653 1492 827 1555 contectae,
862 1502 901 1544 ne
931 1490 1040 1545 ventus
1063 1484 1177 1547 lumina
1201 1491 1380 1567 exstinguat,

203 1599 234 1652 et
256 1592 321 1652 sole
344 1590 504 1650 occidente
529 1589 744 1649 accenduntur.
789 1579 906 1648 ln'una
930 1593 1030 1647 autem
1046 1591 1120 1647 turri
1136 1589 1256 1666 plures,
1280 1594 1312 1653 in
1327 1591 1380 1652 alia

109 1735 121 1754 ,
203 1697 361 1773 pauciores
376 1692 531 1772 lampades
547 1692 691 1770 pendent.
722 1690 755 1752 ln
772 1691 870 1769 aliqua
886 1688 1019 1769 pendent
1034 1689 1096 1762 XL,
1111 1694 1143 1752 in
1159 1693 1261 1770 aliqua
1276 1692 1338 1767 Lx
1352 1697 1381 1755 in

203 1798 259 1857 alia
275 1794 340 1867 XX,
355 1795 523 1856 secundum
538 1795 637 1873 aliqua
653 1795 795 1855 moschea
817 1794 919 1853 dotata
943 1799 999 1852 est.
1027 1786 1087 1853 Tot
1107 1802 1209 1857 autem
1231 1797 1382 1876 lampades

204 1904 343 1963 noctibus
360 1901 464 1962 ardent
479 1903 509 1961 in
525 1901 658 1961 turribus
682 1908 713 1960 et
734 1902 812 1961 intra
833 1897 992 1959 mosobeas
1014 1899 1046 1957 in
1068 1898 1119 1957 illa
1142 1901 1279 1971 civitate,
1305 1901 1383 1979 quod

204 2022 302 2082 paene
313 2006 344 2064 in
356 2004 494 2064 omnibus
511 2005 585 2065 vicis
599 2003 759 2062 illustratio
774 1990 927 2063 sufficiens
944 2007 1000 2071 est,
1015 1999 1172 2079 depellens
1187 2005 1342 2075 tenebras,
1355 2010 1383 2064 et

203 2105 321 2169 videtur
336 2108 475 2167 noctibus
491 2105 561 2166 urbs
578 2102 642 2184 ipsa
658 2123 728 2165 esse
744 2108 833 2184 ignca
848 2111 972 2182 propter
986 2103 1211 2165 multitudinem
1227 2106 1381 2168 luminum.

203 2209 336 2271 Ascendi
360 2206 517 2287 aliquando
541 2216 630 2269 nocte
653 2211 684 2269 in
708 2210 837 2269 altanam
860 2207 966 2269 domus
990 2214 1021 2267 et
1045 2223 1100 2284 per
1118 2208 1226 2267 urbem
1243 2211 1384 2289 prospexi

206 2322 237 2375 ct
266 2329 481 2391 nonnunquam
511 2318 635 2391 propter
668 2314 858 2372 excessivum
896 2313 997 2388 ignem
1028 2308 1201 2388 lampadum
1237 2311 1381 2373 inhorrui.

205 2417 316 2477 Dicunt
339 2436 392 2495 pro
414 2434 487 2477 vero
509 2417 565 2475 viri
589 2414 751 2496 Christiani
782 2415 913 2493 experti,
948 2415 999 2491 qui
1028 2412 1087 2472 hoc
1115 2410 1271 2486 viderunt,
1304 2413 1384 2492 quod

205 2520 304 2581 nullus
326 2537 379 2580 rex
401 2521 432 2578 in
455 2518 696 2589 christianitate,
720 2521 784 2581 sive
807 2519 858 2579 ille
880 2519 945 2578 sive
967 2518 1040 2586 iste,
1075 2518 1171 2593 possit
1192 2536 1250 2595 per
1273 2536 1383 2579 annum

205 2625 268 2683 suis
291 2624 484 2701 proventibus
507 2622 608 2681 oleum
630 2622 765 2694 solvere,
798 2621 878 2700 quod
908 2623 940 2681 in
969 2620 1019 2681 illa
1051 2620 1172 2680 civitate
1194 2624 1383 2683 consumitur

206 2729 236 2786 in
260 2726 456 2805 lampadibus.

292 2830 402 2892 Civitas
425 2829 516 2889 habet
538 2830 567 2887 in
593 2828 740 2907 abquibus
763 2831 826 2889 suis
843 2828 976 2908 partibus
992 2827 1112 2887 moenia
1130 2827 1189 2887 alta
1205 2825 1244 2886 dc
1259 2828 1381 2904 quadris

207 2936 238 2988 et
253 2934 395 3006 pretiosa,
411 2932 534 2993 sednon
546 2932 667 3009 ubique.
695 2929 840 2992 Aedificia
855 2949 927 2993 vero
944 2937 1070 3000 caetera,
1087 2936 1207 3008 praeter
1222 2931 1381 2990 moscheas

206 3036 238 3090 et
259 3030 367 3092 domus
388 3037 487 3112 regias
511 3041 541 3095 et
564 3035 673 3112 palatia
704 3041 892 3113 magnatum,
925 3040 995 3094 sunt
1024 3031 1061 3091 de
1088 3032 1162 3092 loris
1191 3034 1264 3092 satis
1294 3034 1382 3093 exilia

206 3139 238 3191 et
260 3136 373 3211 turpia,
396 3143 501 3215 utpote
524 3155 559 3198 ex
583 3139 647 3198 luto
664 3145 694 3198 et
709 3139 803 3199 latere
820 3143 985 3207 exstructa,
1008 3135 1065 3196 sed
1078 3136 1116 3195 de
1131 3137 1213 3195 intus
1231 3140 1381 3216 comptius

206 3235 351 3315 disposita
373 3248 443 3300 sunt
465 3248 622 3301 stomata
645 3242 850 3302 mansionibus
876 3248 906 3301 et
929 3238 1120 3308 habitacuhs‚
1152 3237 1293 3300 distincta
1316 3242 1379 3318 pio-

204 3339 293 3408 turis‚
325 3348 356 3400 et
377 3343 426 3402 vel
449 3360 598 3404 marmore
621 3345 670 3406 vel
692 3363 787 3424 gypso
810 3345 919 3423 polita;
951 3361 1011 3404 nou
1033 3343 1115 3401 enim
1137 3342 1249 3403 babent
1272 3343 1381 3404 domus

204 3439 273 3500 illae
296 3440 407 3504 formas
430 3445 588 3506 domomm
610 3455 795 3520 nostrarum,
820 3449 970 3526 quianon
993 3452 1062 3505 sunt
1085 3443 1258 3505 aedificatae
1276 3456 1382 3513 contra

205 3544 349 3621 pluviam,
374 3546 421 3606 vel
445 3554 548 3608 contra
563 3551 680 3623 nivem,
704 3570 762 3611 nec
778 3557 881 3611 contra
896 3550 1017 3628 frigora,
1042 3549 1112 3625 quia
1128 3548 1202 3607 haec
1214 3568 1382 3628 numquam

204 3645 375 3724 Aegyptum
396 3655 538 3726 tangunt,
562 3653 616 3712 sed
639 3660 743 3712 contra
766 3655 838 3713 solis
863 3662 980 3713 aestum
1003 3651 1144 3711 duntaxat
1159 3652 1381 3728 prohibendum

205 3756 235 3808 et
258 3757 362 3810 contra
385 3751 486 3811 iurum
507 3760 539 3812 et
561 3754 710 3815 latronum
731 3758 886 3816 incursum
910 3762 979 3816 sunt
1006 3755 1118 3814 iactae:
1148 3753 1217 3813 ideo
1242 3774 1380 3818 commu-

204 3853 283 3913 niter
304 3859 375 3913 sunt
397 3853 505 3916 domus
528 3860 667 3934 superius
691 3867 812 3936 apertae
836 3866 938 3919 contra
961 3857 1096 3926 coelum,
1128 3874 1145 3915 a
1167 3864 1253 3934 parte
1277 3866 1381 3920 tamen

203 3952 268 4026 illa,
299 3972 359 4032 qua
389 3958 434 4018 sol
465 3958 584 4030 illucet,
614 3967 662 4021 est
694 3962 793 4040 paries
825 3961 932 4022 ductus
964 3977 1083 4020 sursum
1105 3962 1135 4020 in
1159 3959 1253 4020 altum
1275 3970 1382 4024 contra

205 4058 278 4120 solis
302 4057 411 4120 radios.
456 4062 568 4122 Notum
597 4070 645 4123 est
676 4072 792 4134 autem,
825 4067 851 4124 si
875 4066 905 4124 in
928 4065 1038 4123 nostris
1068 4064 1200 4142 partibus
1222 4083 1381 4144 nunquam

204 4158 363 4224 timeretur
383 4163 482 4242 pluvia
509 4164 558 4226 vel
578 4167 643 4236 nin,
676 4162 758 4243 quod
789 4166 847 4227 alic
870 4164 960 4227 modo
983 4172 1015 4226 et
1037 4167 1142 4227 leviori
1163 4167 1273 4232 herent
1293 4169 1380 4233 aedi·
