2874 4770
724 169 788 238 tta

157 347 303 419 candere,
326 347 382 410 sed
403 348 565 408 noluimus.
610 345 866 418 Quidamtamen
889 346 927 407 de
951 348 1081 408 dominis
1101 347 1345 409 reascenderunt

162 446 220 530 (b)
243 454 361 524 asinos,
396 450 445 512 alil
474 458 693 511 concurrerunt
726 457 795 529 post
828 451 962 511 camelos
996 469 1066 511 cum
1099 451 1195 511 multo
1229 453 1343 524 labore,

160 557 231 633 quia
254 554 300 615 sol
324 554 526 617 calidissimus
548 553 604 614 tuit
627 560 658 614 et
682 571 773 614 arena
795 553 958 633 protunda,
983 555 1101 614 subtilis
1124 562 1155 614 et
1176 554 1303 616 fervens
1328 575 1344 616 a

158 659 223 719 sole
246 661 370 721 incensa
393 664 425 719 et
448 676 518 718 oum
540 658 599 717 hoc
622 659 658 718 ab
680 659 746 718 beri
770 664 801 719 et
832 658 944 719 nudius
974 661 1081 719 tertius
1112 659 1186 719 nibil
1219 668 1343 721 coetum

158 763 420 835 manducavimus,
445 781 503 822 nee
526 762 656 841 amplius
678 780 774 822 unum
790 764 852 822 vini
868 762 916 822 vel
933 780 1030 840 aquae
1046 769 1162 840 guttam
1178 764 1341 825 babuimus

159 867 198 929 ad
218 867 393 929 bibendum.
437 866 475 927 lit
496 865 633 946 proiecto
657 867 756 943 gravis
785 872 849 926 erat
881 883 987 926 cursus
1021 873 1139 938 noster,
1172 883 1341 945 numquam

159 974 255 1050 magis
276 975 364 1033 timui
387 990 424 1033 ex
445 969 547 1031 inedia
570 968 717 1041 deiicere,
752 987 843 1047 quam
871 971 902 1030 iu
931 970 988 1029 boc
1016 973 1142 1041 itinere,
1173 970 1255 1031 unde
1288 989 1339 1051 ap-

157 1079 267 1158 plicavi
289 1097 338 1139 me
362 1079 399 1139 ad
423 1075 631 1146 camelarium,
655 1077 751 1152 signis
774 1075 893 1136 locutus
915 1074 959 1135 tui
983 1077 1020 1145 ei,
1044 1080 1076 1134 ut
1099 1074 1267 1135 dimitteret
1290 1095 1339 1136 me

159 1183 324 1244 merendare
364 1183 512 1243 camelum
546 1200 642 1261 usqae
674 1180 887 1242 Alexandriam
924 1200 979 1260 pro
1011 1181 1138 1241 madiuis
1171 1182 1338 1259 aliquottis.

157 1286 301 1366 Acceptis
325 1305 396 1367 ergo
420 1303 437 1347 a
460 1304 509 1346 me
532 1285 660 1347 madinis
689 1289 851 1365 prostravit
883 1286 1033 1346 camelum
1062 1293 1092 1344 et
1124 1302 1172 1344 me
1205 1284 1339 1364 desuper

158 1391 268 1452 sedere
290 1392 373 1452 tecit.
419 1391 490 1452 Sedi
514 1408 588 1468 ergo
610 1406 700 1468 supra
733 1407 826 1450 onera
848 1395 878 1449 et
901 1389 1051 1450 relevatus
1075 1406 1092 1449 a
1114 1390 1216 1449 labore
1246 1391 1336 1449 itine-

159 1495 243 1556 randi
275 1498 406 1556 resumsi
440 1492 663 1574 quodammodo
695 1495 851 1573 spiritum,
891 1494 1030 1554 similiter
1064 1500 1095 1552 et
1128 1492 1177 1552 alii
1212 1492 1335 1570 quidam

159 1584 485 1678 peregrini'ieoerunt.
532 1600 582 1660 Sic
618 1617 690 1677 ergo
724 1602 755 1658 iu
786 1601 898 1679 triplici
928 1598 1099 1659 differentia
1130 1601 1336 1678 processimus

160 1712 263 1767 contra
291 1704 517 1776 Alexandriam,
552 1704 676 1782 quidam
710 1706 899 1766 ambulabant
932 1704 1042 1784 pedes,
1078 1703 1201 1782 quidam
1236 1704 1336 1762 asinos

160 1806 319 1879 habebant,
343 1808 393 1867 alii
417 1809 446 1866 in
463 1807 587 1867 camelis
603 1802 760 1869 sedebant.

246 1906 339 1971 Porro
376 1913 462 1972 nobis
498 1910 732 1990 procedentibus
772 1930 844 1972 ecce
884 1919 946 1972 tres
978 1910 1137 1971 Sarraceni
1174 1914 1337 1988 equestres

158 2013 300 2074 festinato
323 2016 527 2092 sequebantur
548 2033 604 2075 nos
627 2023 673 2088 et,
705 2034 775 2076 cum
799 2015 836 2076 ad
863 2034 920 2075 nos
943 2017 1114 2085 venissent,
1140 2031 1211 2073 cum
1239 2012 1337 2090 indig-

159 2119 281 2180 natione
304 2137 360 2179 nos
378 2118 537 2196 jusserunt
557 2127 640 2180 stare
663 2128 694 2181 et
718 2122 910 2200 prosilientes
935 2120 972 2180 de
989 2122 1075 2199 equis
1092 2119 1129 2180 ad
1144 2118 1220 2179 oolla
1236 2135 1338 2177 came-

158 2222 258 2284 lorum
281 2222 455 2284 ceciderunt
478 2240 593 2302 eosque
616 2233 844 2307 prosternentes
868 2225 1018 2288 funiculos
1044 2226 1175 2286 cultellis
1191 2231 1339 2303 ruperunt

159 2327 338 2406 dejicientes
368 2347 477 2402 onera,
508 2333 687 2409 inceperunt
722 2332 813 2391 etiam
842 2348 948 2393 saccos
978 2337 1008 2392 et
1038 2338 1156 2409 sportas
1186 2328 1337 2399 scindere,

160 2432 314 2506 dicentes,
347 2454 402 2496 nos
426 2436 571 2514 poenales
595 2453 677 2508 esse,
711 2452 747 2495 ex
770 2453 807 2495 eo
831 2433 912 2513 quod
933 2437 964 2495 in
987 2437 1066 2494 ostio
1088 2434 1148 2494 Nili
1169 2431 1339 2492 thelonium

158 2557 219 2600 non
242 2539 455 2611 solvissemus;
489 2542 660 2617 rogavimus
683 2558 755 2617 ergo
769 2558 848 2611 eos,
876 2558 913 2599 ne
937 2538 1112 2600 scinderent
1133 2555 1182 2597 res
1206 2542 1336 2605 nostras,

159 2642 215 2705 sed
238 2645 337 2722 potius
361 2645 505 2729 pecunias
528 2658 545 2702 a
568 2644 654 2702 nobis
677 2647 859 2721 acciperent.
907 2643 958 2703 Sic
981 2661 1053 2721 ergo
1086 2647 1242 2718 argentum
1267 2657 1337 2717 pro-

160 2747 314 2817 duximus,
344 2763 413 2806 cum
443 2763 503 2823 quo
536 2762 589 2804 eos
613 2747 813 2823 quietavimus
837 2754 868 2806 et
885 2746 1028 2823 juverunt
1051 2763 1106 2807 nos
1131 2744 1265 2822 disrupta
1287 2759 1337 2802 re·

159 2850 251 2912 licere
274 2856 304 2908 et
337 2849 468 2909 oneratis
488 2846 603 2906 'bestiis
634 2849 853 2924 processimus,
887 2853 965 2911 sicut
989 2850 1089 2927 prius.
1135 2847 1204 2907 Fuit
1234 2852 1337 2906 autem

159 2953 299 3015 fictitium
321 2951 359 3013 de
382 2952 435 3011 illo
458 2950 595 3011 thelonio
626 2956 657 3008 et
685 2957 870 3012 mercatores
898 2953 982 3029 juxta
1012 2958 1132 3031 portum
1164 2950 1337 3009 laborantes

160 3056 247 3117 nobis
270 3058 301 3115 in
325 3055 505 3134 despectum
528 3060 558 3113 et
579 3059 726 3113 terrorem
757 3055 968 3133 spoliationem
991 3064 1022 3116 et
1045 3055 1165 3117 truffam
1187 3053 1336 3114 iecerunt.

247 3159 323 3220 Cum
355 3166 454 3220 autem
485 3159 675 3219 venissemus
699 3159 737 3219 ad
759 3162 813 3221 tria
845 3159 981 3222 milliaria
1004 3161 1106 3222 ltalica
1129 3160 1168 3220 de
1192 3158 1336 3236 Canopia‚

161 3264 265 3326 obvios
300 3259 459 3324 habuimus
494 3260 606 3322 multos
639 3263 770 3322 camelos
803 3281 872 3323 cum
908 3267 1020 3336 servis,
1056 3266 1162 3336 tollere
1197 3263 1336 3324 volentes

162 3371 280 3448 species
304 3369 481 3429 aromaticas
506 3367 543 3428 de
566 3368 645 3426 ostio
667 3366 726 3428 Nili
751 3375 781 3427 et
810 3367 920 3427 inferre
943 3366 1170 3436 Alexandriam,
1205 3381 1335 3441 cumque

162 3473 199 3536 ad
223 3491 278 3534 nos
300 3475 453 3535 venissent
478 3471 737 3534 etconditiouem
760 3477 893 3532 nostram
917 3475 1118 3548 agnovissent,
1142 3468 1337 3549 prosilierunt

161 3578 200 3640 de
216 3580 339 3641 camelis
356 3586 387 3639 et.
401 3586 521 3639 nostros
537 3578 671 3639 camelos
689 3583 914 3657 prostraverunt
930 3576 1082 3636 solventes
1099 3592 1199 3643 onera,
1215 3577 1335 3632 nostros

161 3684 252 3743 etiam
276 3682 451 3743 camelarios
475 3683 549 3745 dure
572 3682 806 3743 verberaverunt
829 3687 970 3742 conatum
994 3688 1097 3739 contra
1121 3696 1173 3739 eos
1197 3676 1335 3736 facienti·

160 3786 217 3848 bns
241 3792 272 3846 et
296 3786 433 3847 dixerunt
456 3789 516 3858 eis,
552 3785 633 3864 qnod
663 3785 763 3847 nullus
794 3785 910 3845 alienus
929 3786 979 3846 vel
1001 3785 1039 3845 de
1061 3780 1255 3852 Mauritania,
1287 3777 1335 3840 vel

162 3886 201 3949 de
223 3888 331 3951 Arabia
355 3897 386 3950 et
407 3889 567 3966 Aethiopia
590 3887 712 3948 baberet
736 3888 925 3960 facultatem,
949 3888 1061 3948 ducere
1085 3889 1114 3946 in
1139 3884 1263 3946 camelis
1281 3900 1334 3961 pe·

162 3995 300 4071 regrinos
323 3996 353 4054 in
376 3991 602 4064 Alexandriam,
632 3991 688 4052 sed
710 3994 808 4054 solum
831 4000 984 4072 spectaret
1006 3991 1043 4051 ad
1066 3991 1241 4051 camelarios
1263 3987 1335 4047 Ale·

161 4095 335 4169 xandrinos,
360 4114 436 4176 quos
459 4096 670 4158 debuissemus
693 4098 787 4158 misso
810 4100 914 4158 nuntio
933 4096 968 4158 ab
983 4094 1162 4158 Alexandria
1178 4109 1333 4155 evocasse.

163 4198 229 4274 Qua
252 4218 289 4263 ex
311 4219 345 4264 re
368 4220 386 4263 a
407 4201 493 4264 uobis
516 4217 605 4261 suum
628 4203 797 4278 praemium
812 4198 1013 4279 postulabant.
1059 4197 1245 4260 Reduximus
1261 4214 1335 4276 ergo
