<?xml version="1.0" encoding="UTF-8"?>
<!DOCTYPE html PUBLIC "-//W3C//DTD XHTML 1.0 Transitional//EN"
    "http://www.w3.org/TR/xhtml1/DTD/xhtml1-transitional.dtd">
<html xmlns="http://www.w3.org/1999/xhtml" xml:lang="en" lang="en">
 <head>
  <title>
</title>
<meta http-equiv="Content-Type" content="text/html;charset=utf-8" />
  <meta name='ocr-system' content='tesseract 3.04.00' />
  <meta name='ocr-capabilities' content='ocr_page ocr_carea ocr_par ocr_line ocrx_word'/>
</head>
<body>
  <div class='ocr_page' id='page_1' title='image "./fratrisfelicisf00fabrgoog_0386.png"; bbox 0 0 2874 4770; ppageno 0'>
   <div class='ocr_carea' id='block_1_1' title="bbox 682 174 746 244">
    <p class='ocr_par' dir='ltr' id='par_1_1' title="bbox 682 174 746 244">
     <span class='ocr_line' id='line_1_1' title="bbox 682 174 746 244; baseline 0 0"><span class='ocrx_word' id='word_1_1' title='bbox 682 174 746 244; x_wconf 80' lang='lat'>³83</span> 
     </span>
    </p>
   </div>
   <div class='ocr_carea' id='block_1_2' title="bbox 123 347 1317 3754">
    <p class='ocr_par' dir='ltr' id='par_1_2' title="bbox 123 347 1314 2197">
     <span class='ocr_line' id='line_1_2' title="bbox 123 347 1310 434; baseline -0.005 -18"><span class='ocrx_word' id='word_1_2' title='bbox 123 359 255 418; x_wconf 81' lang='lat' dir='ltr'>rentum</span> <span class='ocrx_word' id='word_1_3' title='bbox 276 371 411 434; x_wconf 81' lang='lat' dir='ltr'>parrum.</span> <span class='ocrx_word' id='word_1_4' title='bbox 456 350 542 413; x_wconf 81' lang='lat' dir='ltr'>Aliae</span> <span class='ocrx_word' id='word_1_5' title='bbox 565 350 715 412; x_wconf 88' lang='lat' dir='ltr'>ecclesiae</span> <span class='ocrx_word' id='word_1_6' title='bbox 748 370 810 413; x_wconf 91' lang='lat' dir='ltr'>uon</span> <span class='ocrx_word' id='word_1_7' title='bbox 835 357 903 412; x_wconf 89' lang='lat' dir='ltr'>sunt</span> <span class='ocrx_word' id='word_1_8' title='bbox 927 352 957 410; x_wconf 94' lang='lat' dir='ltr'>in</span> <span class='ocrx_word' id='word_1_9' title='bbox 981 351 1117 421; x_wconf 78' lang='lat' dir='ltr'>civitate,</span> <span class='ocrx_word' id='word_1_10' title='bbox 1149 347 1205 410; x_wconf 88' lang='lat' dir='ltr'>sed</span> <span class='ocrx_word' id='word_1_11' title='bbox 1228 355 1310 410; x_wconf 87' lang='lat' dir='ltr'>extre</span> 
     </span>
     <span class='ocr_line' id='line_1_3' title="bbox 124 454 1309 535; baseline -0.004 -17"><span class='ocrx_word' id='word_1_12' title='bbox 124 459 160 518; x_wconf 88' lang='lat' dir='ltr'>in</span> <span class='ocrx_word' id='word_1_13' title='bbox 176 457 282 525; x_wconf 83' lang='lat' dir='ltr'>hortis,</span> <span class='ocrx_word' id='word_1_14' title='bbox 304 459 400 535; x_wconf 87' lang='lat' dir='ltr'>agris,</span> <span class='ocrx_word' id='word_1_15' title='bbox 423 458 538 534; x_wconf 91' lang='lat' dir='ltr'>eampis</span> <span class='ocrx_word' id='word_1_16' title='bbox 566 460 636 517; x_wconf 88' lang='lat' dir='ltr'>sunt</span> <span class='ocrx_word' id='word_1_17' title='bbox 662 455 774 515; x_wconf 89' lang='lat' dir='ltr'>multae</span> <span class='ocrx_word' id='word_1_18' title='bbox 791 454 985 526; x_wconf 81' lang='lat' dir='ltr'>ecclesiolae,</span> <span class='ocrx_word' id='word_1_19' title='bbox 1011 462 1043 515; x_wconf 90' lang='lat' dir='ltr'>et</span> <span class='ocrx_word' id='word_1_20' title='bbox 1056 472 1181 533; x_wconf 91' lang='lat' dir='ltr'>campus</span> <span class='ocrx_word' id='word_1_21' title='bbox 1200 455 1309 532; x_wconf 90' lang='lat' dir='ltr'>plenus</span> 
     </span>
     <span class='ocr_line' id='line_1_4' title="bbox 128 559 1311 639; baseline -0.004 -18"><span class='ocrx_word' id='word_1_22' title='bbox 128 561 243 622; x_wconf 88' lang='lat' dir='ltr'>tumbis</span> <span class='ocrx_word' id='word_1_23' title='bbox 266 559 391 639; x_wconf 83' lang='lat' dir='ltr'>lapideis</span> <span class='ocrx_word' id='word_1_24' title='bbox 413 567 618 630; x_wconf 89' lang='lat' dir='ltr'>mortuorum,</span> <span class='ocrx_word' id='word_1_25' title='bbox 642 564 798 619; x_wconf 89' lang='lat' dir='ltr'>ettamen</span> <span class='ocrx_word' id='word_1_26' title='bbox 821 577 880 619; x_wconf 92' lang='lat' dir='ltr'>non</span> <span class='ocrx_word' id='word_1_27' title='bbox 905 565 950 619; x_wconf 91' lang='lat' dir='ltr'>est</span> <span class='ocrx_word' id='word_1_28' title='bbox 976 559 1208 627; x_wconf 80' lang='lat' dir='ltr'>coemeterium,</span> <span class='ocrx_word' id='word_1_29' title='bbox 1232 560 1311 617; x_wconf 87' lang='lat' dir='ltr'>sicut</span> 
     </span>
     <span class='ocr_line' id='line_1_5' title="bbox 130 662 1309 741; baseline -0.004 -15"><span class='ocrx_word' id='word_1_30' title='bbox 130 667 224 726; x_wconf 90' lang='lat' dir='ltr'>etiam</span> <span class='ocrx_word' id='word_1_31' title='bbox 246 670 314 725; x_wconf 89' lang='lat' dir='ltr'>ante</span> <span class='ocrx_word' id='word_1_32' title='bbox 338 665 488 726; x_wconf 87' lang='lat' dir='ltr'>civitatem</span> <span class='ocrx_word' id='word_1_33' title='bbox 513 662 691 724; x_wconf 87' lang='lat' dir='ltr'>Ulmensem</span> <span class='ocrx_word' id='word_1_34' title='bbox 713 665 744 723; x_wconf 91' lang='lat' dir='ltr'>in</span> <span class='ocrx_word' id='word_1_35' title='bbox 767 663 903 741; x_wconf 92' lang='lat' dir='ltr'>quolibet</span> <span class='ocrx_word' id='word_1_36' title='bbox 923 665 1010 724; x_wconf 89' lang='lat' dir='ltr'>horto</span> <span class='ocrx_word' id='word_1_37' title='bbox 1034 670 1081 723; x_wconf 90' lang='lat' dir='ltr'>est</span> <span class='ocrx_word' id='word_1_38' title='bbox 1103 679 1162 724; x_wconf 89' lang='lat' dir='ltr'>uua</span> <span class='ocrx_word' id='word_1_39' title='bbox 1181 663 1309 723; x_wconf 91' lang='lat' dir='ltr'>domun·</span> 
     </span>
     <span class='ocr_line' id='line_1_6' title="bbox 132 765 1309 846; baseline -0.003 -15"><span class='ocrx_word' id='word_1_40' title='bbox 132 770 217 839; x_wconf 87' lang='lat' dir='ltr'>cula,</span> <span class='ocrx_word' id='word_1_41' title='bbox 240 770 272 828; x_wconf 93' lang='lat' dir='ltr'>in</span> <span class='ocrx_word' id='word_1_42' title='bbox 295 784 353 846; x_wconf 89' lang='lat' dir='ltr'>qua</span> <span class='ocrx_word' id='word_1_43' title='bbox 375 767 493 846; x_wconf 82' lang='lat' dir='ltr'>ligones</span> <span class='ocrx_word' id='word_1_44' title='bbox 515 775 547 828; x_wconf 89' lang='lat' dir='ltr'>et</span> <span class='ocrx_word' id='word_1_45' title='bbox 568 774 665 828; x_wconf 85' lang='lat' dir='ltr'>rastra</span> <span class='ocrx_word' id='word_1_46' title='bbox 687 774 862 839; x_wconf 87' lang='lat' dir='ltr'>servantur,</span> <span class='ocrx_word' id='word_1_47' title='bbox 884 768 933 828; x_wconf 82' lang='lat' dir='ltr'>rel</span> <span class='ocrx_word' id='word_1_48' title='bbox 956 785 1011 845; x_wconf 89' lang='lat' dir='ltr'>pro</span> <span class='ocrx_word' id='word_1_49' title='bbox 1034 768 1161 829; x_wconf 85' lang='lat' dir='ltr'>solatio:</span> <span class='ocrx_word' id='word_1_50' title='bbox 1184 769 1229 827; x_wconf 88' lang='lat' dir='ltr'>sic</span> <span class='ocrx_word' id='word_1_51' title='bbox 1253 765 1309 827; x_wconf 88' lang='lat' dir='ltr'>Pa·</span> 
     </span>
     <span class='ocr_line' id='line_1_7' title="bbox 134 870 1309 950; baseline -0.003 -16"><span class='ocrx_word' id='word_1_52' title='bbox 134 874 250 934; x_wconf 88' lang='lat' dir='ltr'>rentiae</span> <span class='ocrx_word' id='word_1_53' title='bbox 272 874 303 933; x_wconf 91' lang='lat' dir='ltr'>in</span> <span class='ocrx_word' id='word_1_54' title='bbox 328 871 463 949; x_wconf 91' lang='lat' dir='ltr'>quolibet</span> <span class='ocrx_word' id='word_1_55' title='bbox 492 871 581 932; x_wconf 88' lang='lat' dir='ltr'>horto</span> <span class='ocrx_word' id='word_1_56' title='bbox 612 879 660 931; x_wconf 90' lang='lat' dir='ltr'>est</span> <span class='ocrx_word' id='word_1_57' title='bbox 689 889 749 932; x_wconf 91' lang='lat' dir='ltr'>una</span> <span class='ocrx_word' id='word_1_58' title='bbox 782 870 898 950; x_wconf 90' lang='lat' dir='ltr'>capella</span> <span class='ocrx_word' id='word_1_59' title='bbox 929 879 961 931; x_wconf 94' lang='lat' dir='ltr'>et</span> <span class='ocrx_word' id='word_1_60' title='bbox 986 870 1071 949; x_wconf 85' lang='lat' dir='ltr'>juxta</span> <span class='ocrx_word' id='word_1_61' title='bbox 1101 887 1168 932; x_wconf 90' lang='lat' dir='ltr'>eam</span> <span class='ocrx_word' id='word_1_62' title='bbox 1197 871 1309 940; x_wconf 92' lang='lat' dir='ltr'>tumba,</span> 
     </span>
     <span class='ocr_line' id='line_1_8' title="bbox 132 973 1310 1056; baseline -0.003 -19"><span class='ocrx_word' id='word_1_63' title='bbox 132 995 188 1056; x_wconf 91' lang='lat' dir='ltr'>pro</span> <span class='ocrx_word' id='word_1_64' title='bbox 211 976 289 1036; x_wconf 90' lang='lat' dir='ltr'>horti</span> <span class='ocrx_word' id='word_1_65' title='bbox 313 973 428 1035; x_wconf 91' lang='lat' dir='ltr'>domini</span> <span class='ocrx_word' id='word_1_66' title='bbox 450 975 614 1053; x_wconf 90' lang='lat' dir='ltr'>sepultura.</span> <span class='ocrx_word' id='word_1_67' title='bbox 661 973 788 1053; x_wconf 76' lang='lat' dir='ltr'>Aliquae</span> <span class='ocrx_word' id='word_1_68' title='bbox 820 975 954 1052; x_wconf 81' lang='lat' dir='ltr'>capellae</span> <span class='ocrx_word' id='word_1_69' title='bbox 980 975 1091 1036; x_wconf 90' lang='lat' dir='ltr'>hahent</span> <span class='ocrx_word' id='word_1_70' title='bbox 1118 978 1175 1037; x_wconf 87' lang='lat' dir='ltr'>tria</span> <span class='ocrx_word' id='word_1_71' title='bbox 1196 976 1310 1046; x_wconf 84' lang='lat' dir='ltr'>altaria,</span> 
     </span>
     <span class='ocr_line' id='line_1_9' title="bbox 130 1077 1311 1159; baseline -0.003 -17"><span class='ocrx_word' id='word_1_72' title='bbox 130 1081 249 1159; x_wconf 86' lang='lat' dir='ltr'>aliquae</span> <span class='ocrx_word' id='word_1_73' title='bbox 272 1098 383 1151; x_wconf 92' lang='lat' dir='ltr'>unum,</span> <span class='ocrx_word' id='word_1_74' title='bbox 407 1078 524 1157; x_wconf 81' lang='lat' dir='ltr'>aliquae</span> <span class='ocrx_word' id='word_1_75' title='bbox 548 1078 625 1150; x_wconf 90' lang='lat' dir='ltr'>duo,</span> <span class='ocrx_word' id='word_1_76' title='bbox 650 1085 719 1139; x_wconf 88' lang='lat' dir='ltr'>sont</span> <span class='ocrx_word' id='word_1_77' title='bbox 735 1085 835 1139; x_wconf 91' lang='lat' dir='ltr'>tamen</span> <span class='ocrx_word' id='word_1_78' title='bbox 852 1097 907 1157; x_wconf 91' lang='lat' dir='ltr'>pro</span> <span class='ocrx_word' id='word_1_79' title='bbox 923 1077 1030 1156; x_wconf 89' lang='lat' dir='ltr'>majori</span> <span class='ocrx_word' id='word_1_80' title='bbox 1046 1087 1131 1158; x_wconf 89' lang='lat' dir='ltr'>parte</span> <span class='ocrx_word' id='word_1_81' title='bbox 1155 1077 1311 1141; x_wconf 88' lang='lat' dir='ltr'>desolatae</span> 
     </span>
     <span class='ocr_line' id='line_1_10' title="bbox 131 1180 1312 1263; baseline -0.003 -17"><span class='ocrx_word' id='word_1_82' title='bbox 131 1180 163 1246; x_wconf 84' lang='lat' dir='ltr'>et</span> <span class='ocrx_word' id='word_1_83' title='bbox 178 1201 324 1263; x_wconf 91' lang='lat' dir='ltr'>pecorum</span> <span class='ocrx_word' id='word_1_84' title='bbox 341 1181 457 1243; x_wconf 87' lang='lat' dir='ltr'>stabula</span> <span class='ocrx_word' id='word_1_85' title='bbox 472 1182 587 1254; x_wconf 88' lang='lat' dir='ltr'>iactae,</span> <span class='ocrx_word' id='word_1_86' title='bbox 610 1200 761 1261; x_wconf 81' lang='lat' dir='ltr'>pauperes</span> <span class='ocrx_word' id='word_1_87' title='bbox 785 1185 876 1243; x_wconf 90' lang='lat' dir='ltr'>etiam</span> <span class='ocrx_word' id='word_1_88' title='bbox 892 1190 922 1244; x_wconf 92' lang='lat' dir='ltr'>et</span> <span class='ocrx_word' id='word_1_89' title='bbox 938 1182 1096 1244; x_wconf 87' lang='lat' dir='ltr'>domiciliis</span> <span class='ocrx_word' id='word_1_90' title='bbox 1119 1189 1257 1243; x_wconf 87' lang='lat' dir='ltr'>carentes</span> <span class='ocrx_word' id='word_1_91' title='bbox 1280 1185 1312 1243; x_wconf 93' lang='lat' dir='ltr'>in</span> 
     </span>
     <span class='ocr_line' id='line_1_11' title="bbox 131 1285 1310 1365; baseline -0.003 -15"><span class='ocrx_word' id='word_1_92' title='bbox 131 1290 177 1350; x_wconf 88' lang='lat' dir='ltr'>eis</span> <span class='ocrx_word' id='word_1_93' title='bbox 199 1286 365 1359; x_wconf 90' lang='lat' dir='ltr'>dormiunt,</span> <span class='ocrx_word' id='word_1_94' title='bbox 393 1286 474 1348; x_wconf 92' lang='lat' dir='ltr'>unde</span> <span class='ocrx_word' id='word_1_95' title='bbox 498 1285 559 1346; x_wconf 88' lang='lat' dir='ltr'>vidi</span> <span class='ocrx_word' id='word_1_96' title='bbox 582 1303 673 1346; x_wconf 90' lang='lat' dir='ltr'>unam</span> <span class='ocrx_word' id='word_1_97' title='bbox 695 1304 805 1347; x_wconf 85' lang='lat' dir='ltr'>narem</span> <span class='ocrx_word' id='word_1_98' title='bbox 829 1286 977 1365; x_wconf 79' lang='lat' dir='ltr'>repletam</span> <span class='ocrx_word' id='word_1_99' title='bbox 1000 1289 1177 1348; x_wconf 82' lang='lat' dir='ltr'>miserrimis</span> <span class='ocrx_word' id='word_1_100' title='bbox 1201 1295 1233 1348; x_wconf 90' lang='lat' dir='ltr'>et</span> <span class='ocrx_word' id='word_1_101' title='bbox 1254 1306 1310 1347; x_wconf 92' lang='lat' dir='ltr'>nu·</span> 
     </span>
     <span class='ocr_line' id='line_1_12' title="bbox 132 1384 1311 1473; baseline -0.004 -18"><span class='ocrx_word' id='word_1_102' title='bbox 132 1395 209 1456; x_wconf 90' lang='lat' dir='ltr'>datis</span> <span class='ocrx_word' id='word_1_103' title='bbox 231 1392 403 1454; x_wconf 90' lang='lat' dir='ltr'>hominibus</span> <span class='ocrx_word' id='word_1_104' title='bbox 426 1392 628 1471; x_wconf 78' lang='lat' dir='ltr'>applicantem</span> <span class='ocrx_word' id='word_1_105' title='bbox 650 1392 681 1450; x_wconf 93' lang='lat' dir='ltr'>in</span> <span class='ocrx_word' id='word_1_106' title='bbox 704 1384 761 1473; x_wconf 77' lang='lat' dir='ltr'>(la)</span> <span class='ocrx_word' id='word_1_107' title='bbox 782 1398 904 1472; x_wconf 88' lang='lat' dir='ltr'>portum</span> <span class='ocrx_word' id='word_1_108' title='bbox 935 1392 1036 1462; x_wconf 91' lang='lat' dir='ltr'>illum,</span> <span class='ocrx_word' id='word_1_109' title='bbox 1068 1394 1121 1470; x_wconf 92' lang='lat' dir='ltr'>qui</span> <span class='ocrx_word' id='word_1_110' title='bbox 1150 1410 1219 1453; x_wconf 92' lang='lat' dir='ltr'>eum</span> <span class='ocrx_word' id='word_1_111' title='bbox 1250 1409 1311 1452; x_wconf 93' lang='lat' dir='ltr'>non</span> 
     </span>
     <span class='ocr_line' id='line_1_13' title="bbox 132 1495 1311 1574; baseline -0.003 -16"><span class='ocrx_word' id='word_1_112' title='bbox 132 1499 425 1567; x_wconf 83' lang='lat' dir='ltr'>intromitterentur,</span> <span class='ocrx_word' id='word_1_113' title='bbox 448 1514 555 1556; x_wconf 91' lang='lat' dir='ltr'>omnes</span> <span class='ocrx_word' id='word_1_114' title='bbox 578 1495 667 1555; x_wconf 90' lang='lat' dir='ltr'>simul</span> <span class='ocrx_word' id='word_1_115' title='bbox 690 1496 722 1555; x_wconf 92' lang='lat' dir='ltr'>in</span> <span class='ocrx_word' id='word_1_116' title='bbox 745 1514 835 1556; x_wconf 89' lang='lat' dir='ltr'>unam</span> <span class='ocrx_word' id='word_1_117' title='bbox 858 1496 977 1556; x_wconf 91' lang='lat' dir='ltr'>illarum</span> <span class='ocrx_word' id='word_1_118' title='bbox 1000 1498 1210 1571; x_wconf 89' lang='lat' dir='ltr'>ecclesiarum,</span> <span class='ocrx_word' id='word_1_119' title='bbox 1231 1513 1311 1574; x_wconf 92' lang='lat' dir='ltr'>quae</span> 
     </span>
     <span class='ocr_line' id='line_1_14' title="bbox 135 1599 1311 1679; baseline -0.002 -17"><span class='ocrx_word' id='word_1_120' title='bbox 135 1606 196 1662; x_wconf 84' lang='lat' dir='ltr'>stat</span> <span class='ocrx_word' id='word_1_121' title='bbox 216 1618 310 1678; x_wconf 90' lang='lat' dir='ltr'>super</span> <span class='ocrx_word' id='word_1_122' title='bbox 331 1617 430 1672; x_wconf 88' lang='lat' dir='ltr'>mare,</span> <span class='ocrx_word' id='word_1_123' title='bbox 454 1601 744 1677; x_wconf 84' lang='lat' dir='ltr'>commigraverunt,</span> <span class='ocrx_word' id='word_1_124' title='bbox 780 1607 813 1660; x_wconf 88' lang='lat' dir='ltr'>et</span> <span class='ocrx_word' id='word_1_125' title='bbox 833 1599 874 1660; x_wconf 94' lang='lat' dir='ltr'>ibi</span> <span class='ocrx_word' id='word_1_126' title='bbox 896 1603 927 1660; x_wconf 90' lang='lat' dir='ltr'>in</span> <span class='ocrx_word' id='word_1_127' title='bbox 949 1608 1031 1662; x_wconf 92' lang='lat' dir='ltr'>tanta</span> <span class='ocrx_word' id='word_1_128' title='bbox 1053 1604 1180 1679; x_wconf 87' lang='lat' dir='ltr'>penuria</span> <span class='ocrx_word' id='word_1_129' title='bbox 1200 1606 1234 1661; x_wconf 83' lang='lat' dir='ltr'>et</span> <span class='ocrx_word' id='word_1_130' title='bbox 1255 1601 1311 1660; x_wconf 91' lang='lat' dir='ltr'>mi·</span> 
     </span>
     <span class='ocr_line' id='line_1_15' title="bbox 137 1702 1311 1782; baseline 0.001 -17"><span class='ocrx_word' id='word_1_131' title='bbox 137 1705 215 1765; x_wconf 89' lang='lat' dir='ltr'>seria</span> <span class='ocrx_word' id='word_1_132' title='bbox 237 1710 425 1776; x_wconf 87' lang='lat' dir='ltr'>manserunt,</span> <span class='ocrx_word' id='word_1_133' title='bbox 460 1703 543 1782; x_wconf 93' lang='lat' dir='ltr'>quod</span> <span class='ocrx_word' id='word_1_134' title='bbox 576 1722 636 1763; x_wconf 92' lang='lat' dir='ltr'>non</span> <span class='ocrx_word' id='word_1_135' title='bbox 666 1705 764 1782; x_wconf 87' lang='lat' dir='ltr'>potnit</span> <span class='ocrx_word' id='word_1_136' title='bbox 794 1703 908 1782; x_wconf 89' lang='lat' dir='ltr'>absque</span> <span class='ocrx_word' id='word_1_137' title='bbox 941 1711 1026 1764; x_wconf 89' lang='lat' dir='ltr'>motu</span> <span class='ocrx_word' id='word_1_138' title='bbox 1057 1707 1176 1782; x_wconf 89' lang='lat' dir='ltr'>pietatis</span> <span class='ocrx_word' id='word_1_139' title='bbox 1198 1702 1311 1775; x_wconf 65' lang='lat' dir='ltr'>videm</span> 
     </span>
     <span class='ocr_line' id='line_1_16' title="bbox 137 1804 1314 1885; baseline 0 -17"><span class='ocrx_word' id='word_1_140' title='bbox 137 1812 222 1868; x_wconf 90' lang='lat' dir='ltr'>erant</span> <span class='ocrx_word' id='word_1_141' title='bbox 245 1809 326 1867; x_wconf 93' lang='lat' dir='ltr'>enim</span> <span class='ocrx_word' id='word_1_142' title='bbox 348 1808 488 1868; x_wconf 87' lang='lat' dir='ltr'>homines</span> <span class='ocrx_word' id='word_1_143' title='bbox 510 1808 561 1866; x_wconf 89' lang='lat' dir='ltr'>isti</span> <span class='ocrx_word' id='word_1_144' title='bbox 584 1805 622 1868; x_wconf 91' lang='lat' dir='ltr'>de</span> <span class='ocrx_word' id='word_1_145' title='bbox 644 1805 776 1885; x_wconf 89' lang='lat' dir='ltr'>quodam</span> <span class='ocrx_word' id='word_1_146' title='bbox 798 1823 876 1884; x_wconf 84' lang='lat' dir='ltr'>pago</span> <span class='ocrx_word' id='word_1_147' title='bbox 897 1806 1078 1878; x_wconf 86' lang='lat' dir='ltr'>Dalmatiae,</span> <span class='ocrx_word' id='word_1_148' title='bbox 1108 1824 1198 1885; x_wconf 93' lang='lat' dir='ltr'>quem</span> <span class='ocrx_word' id='word_1_149' title='bbox 1220 1804 1314 1868; x_wconf 80' lang='lat' dir='ltr'>&#39;larci</span> 
     </span>
     <span class='ocr_line' id='line_1_17' title="bbox 136 1909 1313 1983; baseline -0.001 -10"><span class='ocrx_word' id='word_1_150' title='bbox 136 1915 322 1983; x_wconf 83' lang='lat' dir='ltr'>invaserant,</span> <span class='ocrx_word' id='word_1_151' title='bbox 347 1918 377 1971; x_wconf 90' lang='lat' dir='ltr'>et</span> <span class='ocrx_word' id='word_1_152' title='bbox 399 1912 429 1971; x_wconf 88' lang='lat' dir='ltr'>in</span> <span class='ocrx_word' id='word_1_153' title='bbox 453 1909 658 1972; x_wconf 83' lang='lat' dir='ltr'>devastatione</span> <span class='ocrx_word' id='word_1_154' title='bbox 682 1909 822 1970; x_wconf 89' lang='lat' dir='ltr'>homines</span> <span class='ocrx_word' id='word_1_155' title='bbox 845 1912 896 1970; x_wconf 89' lang='lat' dir='ltr'>isti</span> <span class='ocrx_word' id='word_1_156' title='bbox 918 1914 997 1972; x_wconf 91' lang='lat' dir='ltr'>sieut</span> <span class='ocrx_word' id='word_1_157' title='bbox 1019 1911 1090 1972; x_wconf 94' lang='lat' dir='ltr'>nudi</span> <span class='ocrx_word' id='word_1_158' title='bbox 1114 1930 1183 1972; x_wconf 92' lang='lat' dir='ltr'>cum</span> <span class='ocrx_word' id='word_1_159' title='bbox 1205 1913 1313 1973; x_wconf 91' lang='lat' dir='ltr'>mulie·</span> 
     </span>
     <span class='ocr_line' id='line_1_18' title="bbox 135 2014 1314 2098; baseline 0.001 -20"><span class='ocrx_word' id='word_1_160' title='bbox 135 2017 218 2078; x_wconf 88' lang='lat' dir='ltr'>ribus</span> <span class='ocrx_word' id='word_1_161' title='bbox 240 2020 272 2075; x_wconf 94' lang='lat' dir='ltr'>et</span> <span class='ocrx_word' id='word_1_162' title='bbox 294 2014 424 2094; x_wconf 86' lang='lat' dir='ltr'>parvulis</span> <span class='ocrx_word' id='word_1_163' title='bbox 459 2014 497 2076; x_wconf 86' lang='lat' dir='ltr'>ad</span> <span class='ocrx_word' id='word_1_164' title='bbox 529 2033 612 2077; x_wconf 90' lang='lat' dir='ltr'>mare</span> <span class='ocrx_word' id='word_1_165' title='bbox 636 2014 845 2094; x_wconf 84' lang='lat' dir='ltr'>confugientes</span> <span class='ocrx_word' id='word_1_166' title='bbox 868 2017 986 2095; x_wconf 73' lang='lat' dir='ltr'>navigio</span> <span class='ocrx_word' id='word_1_167' title='bbox 1013 2024 1173 2078; x_wconf 86' lang='lat' dir='ltr'>evaserunt</span> <span class='ocrx_word' id='word_1_168' title='bbox 1206 2025 1237 2078; x_wconf 88' lang='lat' dir='ltr'>et</span> <span class='ocrx_word' id='word_1_169' title='bbox 1259 2037 1314 2098; x_wconf 91' lang='lat' dir='ltr'>per</span> 
     </span>
     <span class='ocr_line' id='line_1_19' title="bbox 135 2117 838 2197; baseline -0.006 -15"><span class='ocrx_word' id='word_1_170' title='bbox 135 2128 260 2183; x_wconf 86' lang='lat' dir='ltr'>ventum</span> <span class='ocrx_word' id='word_1_171' title='bbox 283 2120 322 2181; x_wconf 90' lang='lat' dir='ltr'>ad</span> <span class='ocrx_word' id='word_1_172' title='bbox 344 2119 425 2180; x_wconf 88' lang='lat' dir='ltr'>hunc</span> <span class='ocrx_word' id='word_1_173' title='bbox 447 2117 539 2179; x_wconf 88' lang='lat' dir='ltr'>delati</span> <span class='ocrx_word' id='word_1_174' title='bbox 561 2117 685 2179; x_wconf 89' lang='lat' dir='ltr'>inerunt</span> <span class='ocrx_word' id='word_1_175' title='bbox 707 2125 838 2197; x_wconf 91' lang='lat' dir='ltr'>portum.</span> 
     </span>
    </p>

    <p class='ocr_par' dir='ltr' id='par_1_3' title="bbox 137 2206 1317 3754">
     <span class='ocr_line' id='line_1_20' title="bbox 222 2206 1313 2310; baseline 0.003 -25"><span class='ocrx_word' id='word_1_176' title='bbox 222 2223 286 2285; x_wconf 91' lang='lat' dir='ltr'>Sed</span> <span class='ocrx_word' id='word_1_177' title='bbox 302 2222 373 2310; x_wconf 87' lang='lat' dir='ltr'>quid</span> <span class='ocrx_word' id='word_1_178' title='bbox 396 2206 589 2282; x_wconf 89' lang='lat' dir='ltr'>sentiendum</span> <span class='ocrx_word' id='word_1_179' title='bbox 605 2223 646 2283; x_wconf 90' lang='lat' dir='ltr'>sit</span> <span class='ocrx_word' id='word_1_180' title='bbox 662 2219 701 2280; x_wconf 90' lang='lat' dir='ltr'>dc</span> <span class='ocrx_word' id='word_1_181' title='bbox 715 2221 774 2282; x_wconf 92' lang='lat' dir='ltr'>illis</span> <span class='ocrx_word' id='word_1_182' title='bbox 791 2222 915 2301; x_wconf 89' lang='lat' dir='ltr'>capellis</span> <span class='ocrx_word' id='word_1_183' title='bbox 930 2230 962 2283; x_wconf 91' lang='lat' dir='ltr'>et</span> <span class='ocrx_word' id='word_1_184' title='bbox 976 2225 1140 2302; x_wconf 87' lang='lat' dir='ltr'>sepulturis</span> <span class='ocrx_word' id='word_1_185' title='bbox 1155 2232 1187 2286; x_wconf 89' lang='lat' dir='ltr'>et</span> <span class='ocrx_word' id='word_1_186' title='bbox 1203 2227 1313 2289; x_wconf 83' lang='lat' dir='ltr'>tumbis</span> 
     </span>
     <span class='ocr_line' id='line_1_21' title="bbox 137 2324 1314 2407; baseline 0.001 -18"><span class='ocrx_word' id='word_1_187' title='bbox 137 2328 185 2389; x_wconf 86' lang='lat' dir='ltr'>rix</span> <span class='ocrx_word' id='word_1_188' title='bbox 207 2327 321 2398; x_wconf 84' lang='lat' dir='ltr'>rideo,</span> <span class='ocrx_word' id='word_1_189' title='bbox 337 2326 395 2386; x_wconf 88' lang='lat' dir='ltr'>hoe</span> <span class='ocrx_word' id='word_1_190' title='bbox 419 2331 520 2387; x_wconf 90' lang='lat' dir='ltr'>autem</span> <span class='ocrx_word' id='word_1_191' title='bbox 543 2324 651 2398; x_wconf 90' lang='lat' dir='ltr'>credo,</span> <span class='ocrx_word' id='word_1_192' title='bbox 675 2324 757 2403; x_wconf 91' lang='lat' dir='ltr'>quod</span> <span class='ocrx_word' id='word_1_193' title='bbox 772 2343 897 2403; x_wconf 90' lang='lat' dir='ltr'>campus</span> <span class='ocrx_word' id='word_1_194' title='bbox 912 2327 963 2387; x_wconf 93' lang='lat' dir='ltr'>ille</span> <span class='ocrx_word' id='word_1_195' title='bbox 985 2330 1109 2407; x_wconf 87' lang='lat' dir='ltr'>paganis</span> <span class='ocrx_word' id='word_1_196' title='bbox 1131 2331 1203 2391; x_wconf 90' lang='lat' dir='ltr'>olim</span> <span class='ocrx_word' id='word_1_197' title='bbox 1227 2328 1314 2391; x_wconf 89' lang='lat' dir='ltr'>idolis</span> 
     </span>
     <span class='ocr_line' id='line_1_22' title="bbox 139 2428 1315 2511; baseline 0.003 -21"><span class='ocrx_word' id='word_1_198' title='bbox 139 2430 197 2491; x_wconf 86' lang='lat' dir='ltr'>tuit</span> <span class='ocrx_word' id='word_1_199' title='bbox 219 2436 433 2500; x_wconf 90' lang='lat' dir='ltr'>consecratus,</span> <span class='ocrx_word' id='word_1_200' title='bbox 456 2433 487 2489; x_wconf 90' lang='lat' dir='ltr'>et</span> <span class='ocrx_word' id='word_1_201' title='bbox 507 2428 538 2487; x_wconf 90' lang='lat' dir='ltr'>in</span> <span class='ocrx_word' id='word_1_202' title='bbox 561 2446 598 2488; x_wconf 91' lang='lat' dir='ltr'>eo</span> <span class='ocrx_word' id='word_1_203' title='bbox 621 2428 846 2507; x_wconf 89' lang='lat' dir='ltr'>sepeliebantur</span> <span class='ocrx_word' id='word_1_204' title='bbox 868 2432 901 2490; x_wconf 91' lang='lat' dir='ltr'>in</span> <span class='ocrx_word' id='word_1_205' title='bbox 924 2430 1051 2503; x_wconf 87' lang='lat' dir='ltr'>tumbis,</span> <span class='ocrx_word' id='word_1_206' title='bbox 1075 2450 1153 2511; x_wconf 87' lang='lat' dir='ltr'>quae-</span> <span class='ocrx_word' id='word_1_207' title='bbox 1169 2432 1259 2494; x_wconf 90' lang='lat' dir='ltr'>hodie</span> <span class='ocrx_word' id='word_1_208' title='bbox 1273 2434 1315 2494; x_wconf 93' lang='lat' dir='ltr'>ibi</span> 
     </span>
     <span class='ocr_line' id='line_1_23' title="bbox 137 2532 1316 2616; baseline 0.003 -22"><span class='ocrx_word' id='word_1_209' title='bbox 137 2532 251 2611; x_wconf 88' lang='lat' dir='ltr'>jacent.</span> <span class='ocrx_word' id='word_1_210' title='bbox 298 2533 554 2612; x_wconf 78' lang='lat' dir='ltr'>supervenientes</span> <span class='ocrx_word' id='word_1_211' title='bbox 585 2540 687 2593; x_wconf 87' lang='lat' dir='ltr'>eutem</span> <span class='ocrx_word' id='word_1_212' title='bbox 710 2533 872 2594; x_wconf 88' lang='lat' dir='ltr'>Christiani</span> <span class='ocrx_word' id='word_1_213' title='bbox 901 2535 1161 2597; x_wconf 85' lang='lat' dir='ltr'>extumulaverunt</span> <span class='ocrx_word' id='word_1_214' title='bbox 1190 2555 1316 2616; x_wconf 89' lang='lat' dir='ltr'>corpora</span> 
     </span>
     <span class='ocr_line' id='line_1_24' title="bbox 141 2635 1314 2714; baseline 0.004 -15"><span class='ocrx_word' id='word_1_215' title='bbox 141 2638 351 2699; x_wconf 88' lang='lat' dir='ltr'>damnatorum</span> <span class='ocrx_word' id='word_1_216' title='bbox 384 2642 416 2697; x_wconf 88' lang='lat' dir='ltr'>et</span> <span class='ocrx_word' id='word_1_217' title='bbox 441 2652 581 2714; x_wconf 89' lang='lat' dir='ltr'>campum</span> <span class='ocrx_word' id='word_1_218' title='bbox 614 2635 732 2697; x_wconf 81' lang='lat' dir='ltr'>Christo</span> <span class='ocrx_word' id='word_1_219' title='bbox 770 2636 984 2699; x_wconf 86' lang='lat' dir='ltr'>dedicaverunt</span> <span class='ocrx_word' id='word_1_220' title='bbox 1018 2646 1231 2702; x_wconf 87' lang='lat' dir='ltr'>construentes</span> <span class='ocrx_word' id='word_1_221' title='bbox 1265 2660 1314 2704; x_wconf 88' lang='lat' dir='ltr'>ca·</span> 
     </span>
     <span class='ocr_line' id='line_1_25' title="bbox 140 2738 1315 2822; baseline 0.003 -19"><span class='ocrx_word' id='word_1_222' title='bbox 140 2743 235 2822; x_wconf 87' lang='lat' dir='ltr'>pellas</span> <span class='ocrx_word' id='word_1_223' title='bbox 251 2749 282 2804; x_wconf 88' lang='lat' dir='ltr'>et</span> <span class='ocrx_word' id='word_1_224' title='bbox 297 2742 408 2804; x_wconf 87' lang='lat' dir='ltr'>altaria.</span> <span class='ocrx_word' id='word_1_225' title='bbox 440 2739 497 2802; x_wconf 90' lang='lat' dir='ltr'>Vel</span> <span class='ocrx_word' id='word_1_226' title='bbox 518 2738 596 2800; x_wconf 88' lang='lat' dir='ltr'>iorte</span> <span class='ocrx_word' id='word_1_227' title='bbox 618 2741 662 2801; x_wconf 89' lang='lat' dir='ltr'>sic</span> <span class='ocrx_word' id='word_1_228' title='bbox 685 2740 812 2813; x_wconf 90' lang='lat' dir='ltr'>accidit,</span> <span class='ocrx_word' id='word_1_229' title='bbox 835 2741 917 2821; x_wconf 92' lang='lat' dir='ltr'>quod</span> <span class='ocrx_word' id='word_1_230' title='bbox 932 2742 1040 2820; x_wconf 89' lang='lat' dir='ltr'>aliquis</span> <span class='ocrx_word' id='word_1_231' title='bbox 1056 2745 1123 2821; x_wconf 92' lang='lat' dir='ltr'>pius</span> <span class='ocrx_word' id='word_1_232' title='bbox 1137 2743 1315 2806; x_wconf 89' lang='lat' dir='ltr'>Parentinus</span> 
     </span>
     <span class='ocr_line' id='line_1_26' title="bbox 139 2842 1316 2926; baseline 0.003 -18"><span class='ocrx_word' id='word_1_233' title='bbox 139 2849 302 2926; x_wconf 88' lang='lat' dir='ltr'>episcopus</span> <span class='ocrx_word' id='word_1_234' title='bbox 324 2846 425 2906; x_wconf 88' lang='lat' dir='ltr'>coecis</span> <span class='ocrx_word' id='word_1_235' title='bbox 441 2842 651 2906; x_wconf 79' lang='lat' dir='ltr'>devotionibus</span> <span class='ocrx_word' id='word_1_236' title='bbox 667 2847 868 2907; x_wconf 88' lang='lat' dir='ltr'>saecularium</span> <span class='ocrx_word' id='word_1_237' title='bbox 891 2845 1141 2910; x_wconf 85' lang='lat' dir='ltr'>condescendens</span> <span class='ocrx_word' id='word_1_238' title='bbox 1163 2850 1316 2911; x_wconf 90' lang='lat' dir='ltr'>licentiam</span> 
     </span>
     <span class='ocr_line' id='line_1_27' title="bbox 138 2949 1315 3031; baseline 0.002 -18"><span class='ocrx_word' id='word_1_239' title='bbox 138 2951 236 3024; x_wconf 92' lang='lat' dir='ltr'>dedit,</span> <span class='ocrx_word' id='word_1_240' title='bbox 260 2957 294 3013; x_wconf 92' lang='lat' dir='ltr'>ut</span> <span class='ocrx_word' id='word_1_241' title='bbox 316 2951 441 3030; x_wconf 83' lang='lat' dir='ltr'>quilibet</span> <span class='ocrx_word' id='word_1_242' title='bbox 462 2950 494 3009; x_wconf 93' lang='lat' dir='ltr'>in</span> <span class='ocrx_word' id='word_1_243' title='bbox 517 2949 605 3010; x_wconf 87' lang='lat' dir='ltr'>horto</span> <span class='ocrx_word' id='word_1_244' title='bbox 628 2967 685 3010; x_wconf 92' lang='lat' dir='ltr'>suo</span> <span class='ocrx_word' id='word_1_245' title='bbox 708 2958 813 3029; x_wconf 90' lang='lat' dir='ltr'>posset</span> <span class='ocrx_word' id='word_1_246' title='bbox 835 2951 994 3014; x_wconf 81' lang='lat' dir='ltr'>aedificare</span> <span class='ocrx_word' id='word_1_247' title='bbox 1018 2952 1182 3031; x_wconf 90' lang='lat' dir='ltr'>capellam,</span> <span class='ocrx_word' id='word_1_248' title='bbox 1213 2954 1315 3027; x_wconf 89' lang='lat' dir='ltr'>altare,</span> 
     </span>
     <span class='ocr_line' id='line_1_28' title="bbox 139 3052 1315 3135; baseline 0.003 -19"><span class='ocrx_word' id='word_1_249' title='bbox 139 3063 168 3117; x_wconf 90' lang='lat' dir='ltr'>et</span> <span class='ocrx_word' id='word_1_250' title='bbox 191 3062 293 3135; x_wconf 90' lang='lat' dir='ltr'>aptare</span> <span class='ocrx_word' id='word_1_251' title='bbox 316 3057 346 3117; x_wconf 93' lang='lat' dir='ltr'>in</span> <span class='ocrx_word' id='word_1_252' title='bbox 369 3072 406 3129; x_wconf 83' lang='lat' dir='ltr'>ea</span> <span class='ocrx_word' id='word_1_253' title='bbox 428 3052 562 3114; x_wconf 87' lang='lat' dir='ltr'>tumbam</span> <span class='ocrx_word' id='word_1_254' title='bbox 584 3071 641 3133; x_wconf 90' lang='lat' dir='ltr'>pro</span> <span class='ocrx_word' id='word_1_255' title='bbox 664 3054 837 3133; x_wconf 89' lang='lat' dir='ltr'>sepultura,</span> <span class='ocrx_word' id='word_1_256' title='bbox 862 3061 894 3115; x_wconf 90' lang='lat' dir='ltr'>et</span> <span class='ocrx_word' id='word_1_257' title='bbox 916 3055 1072 3119; x_wconf 87' lang='lat' dir='ltr'>aedificata</span> <span class='ocrx_word' id='word_1_258' title='bbox 1095 3060 1139 3119; x_wconf 89' lang='lat' dir='ltr'>eis</span> <span class='ocrx_word' id='word_1_259' title='bbox 1155 3076 1315 3120; x_wconf 88' lang='lat' dir='ltr'>consecra·</span> 
     </span>
     <span class='ocr_line' id='line_1_29' title="bbox 138 3157 1317 3239; baseline 0.003 -19"><span class='ocrx_word' id='word_1_260' title='bbox 138 3162 190 3232; x_wconf 83' lang='lat' dir='ltr'>vit,</span> <span class='ocrx_word' id='word_1_261' title='bbox 214 3161 308 3220; x_wconf 89' lang='lat' dir='ltr'>etita</span> <span class='ocrx_word' id='word_1_262' title='bbox 331 3161 493 3239; x_wconf 90' lang='lat' dir='ltr'>episcopus</span> <span class='ocrx_word' id='word_1_263' title='bbox 515 3157 568 3217; x_wconf 93' lang='lat' dir='ltr'>ille</span> <span class='ocrx_word' id='word_1_264' title='bbox 591 3175 734 3236; x_wconf 92' lang='lat' dir='ltr'>sponsam</span> <span class='ocrx_word' id='word_1_265' title='bbox 758 3175 844 3219; x_wconf 88' lang='lat' dir='ltr'>suam</span> <span class='ocrx_word' id='word_1_266' title='bbox 867 3166 898 3219; x_wconf 92' lang='lat' dir='ltr'>et</span> <span class='ocrx_word' id='word_1_267' title='bbox 913 3160 1075 3221; x_wconf 89' lang='lat' dir='ltr'>ecclesiam</span> <span class='ocrx_word' id='word_1_268' title='bbox 1093 3162 1317 3223; x_wconf 80' lang='lat' dir='ltr'>exsecrabiliter</span> 
     </span>
     <span class='ocr_line' id='line_1_30' title="bbox 139 3261 1316 3345; baseline 0.002 -21"><span class='ocrx_word' id='word_1_269' title='bbox 139 3266 292 3345; x_wconf 89' lang='lat' dir='ltr'>prostituit</span> <span class='ocrx_word' id='word_1_270' title='bbox 307 3271 338 3326; x_wconf 91' lang='lat' dir='ltr'>et</span> <span class='ocrx_word' id='word_1_271' title='bbox 354 3263 532 3325; x_wconf 80' lang='lat' dir='ltr'>foedandum</span> <span class='ocrx_word' id='word_1_272' title='bbox 549 3263 697 3340; x_wconf 83' lang='lat' dir='ltr'>exposuit,</span> <span class='ocrx_word' id='word_1_273' title='bbox 720 3268 790 3322; x_wconf 88' lang='lat' dir='ltr'>sunt</span> <span class='ocrx_word' id='word_1_274' title='bbox 806 3263 887 3322; x_wconf 90' lang='lat' dir='ltr'>enim</span> <span class='ocrx_word' id='word_1_275' title='bbox 903 3261 1080 3327; x_wconf 87' lang='lat' dir='ltr'>diverticula</span> <span class='ocrx_word' id='word_1_276' title='bbox 1095 3265 1316 3337; x_wconf 82' lang='lat' dir='ltr'>luxuriantium,</span> 
     </span>
     <span class='ocr_line' id='line_1_31' title="bbox 137 3365 1315 3446; baseline -0.001 -16"><span class='ocrx_word' id='word_1_277' title='bbox 137 3386 196 3430; x_wconf 89' lang='lat' dir='ltr'>neo</span> <span class='ocrx_word' id='word_1_278' title='bbox 219 3368 347 3446; x_wconf 89' lang='lat' dir='ltr'>amplius</span> <span class='ocrx_word' id='word_1_279' title='bbox 369 3375 439 3429; x_wconf 90' lang='lat' dir='ltr'>sunt</span> <span class='ocrx_word' id='word_1_280' title='bbox 458 3365 544 3442; x_wconf 88' lang='lat' dir='ltr'>juxta</span> <span class='ocrx_word' id='word_1_281' title='bbox 566 3383 618 3426; x_wconf 89' lang='lat' dir='ltr'>eas</span> <span class='ocrx_word' id='word_1_282' title='bbox 641 3365 829 3444; x_wconf 90' lang='lat' dir='ltr'>sepulturae,</span> <span class='ocrx_word' id='word_1_283' title='bbox 861 3365 916 3426; x_wconf 91' lang='lat' dir='ltr'>sed</span> <span class='ocrx_word' id='word_1_284' title='bbox 939 3367 1060 3428; x_wconf 86' lang='lat' dir='ltr'>tumbae</span> <span class='ocrx_word' id='word_1_285' title='bbox 1087 3385 1216 3440; x_wconf 85' lang='lat' dir='ltr'>vacuae;</span> <span class='ocrx_word' id='word_1_286' title='bbox 1251 3386 1315 3428; x_wconf 91' lang='lat' dir='ltr'>mo-</span> 
     </span>
     <span class='ocr_line' id='line_1_32' title="bbox 140 3468 1316 3557; baseline -0.003 -23"><span class='ocrx_word' id='word_1_287' title='bbox 140 3473 232 3534; x_wconf 90' lang='lat' dir='ltr'>derna</span> <span class='ocrx_word' id='word_1_288' title='bbox 255 3474 411 3557; x_wconf 86' lang='lat' dir='ltr'>sepultura</span> <span class='ocrx_word' id='word_1_289' title='bbox 433 3480 481 3534; x_wconf 93' lang='lat' dir='ltr'>est</span> <span class='ocrx_word' id='word_1_290' title='bbox 511 3470 543 3531; x_wconf 94' lang='lat' dir='ltr'>in</span> <span class='ocrx_word' id='word_1_291' title='bbox 572 3471 756 3530; x_wconf 88' lang='lat' dir='ltr'>coemeterio</span> <span class='ocrx_word' id='word_1_292' title='bbox 790 3468 914 3547; x_wconf 85' lang='lat' dir='ltr'>majoris</span> <span class='ocrx_word' id='word_1_293' title='bbox 944 3471 1093 3531; x_wconf 88' lang='lat' dir='ltr'>ecclesiae</span> <span class='ocrx_word' id='word_1_294' title='bbox 1124 3472 1154 3531; x_wconf 93' lang='lat' dir='ltr'>in</span> <span class='ocrx_word' id='word_1_295' title='bbox 1185 3473 1316 3541; x_wconf 84' lang='lat' dir='ltr'>civitate,</span> 
     </span>
     <span class='ocr_line' id='line_1_33' title="bbox 139 3575 1315 3656; baseline -0.003 -18"><span class='ocrx_word' id='word_1_296' title='bbox 139 3578 190 3638; x_wconf 92' lang='lat' dir='ltr'>uhi</span> <span class='ocrx_word' id='word_1_297' title='bbox 213 3579 305 3639; x_wconf 90' lang='lat' dir='ltr'>etiam</span> <span class='ocrx_word' id='word_1_298' title='bbox 328 3583 377 3639; x_wconf 89' lang='lat' dir='ltr'>est</span> <span class='ocrx_word' id='word_1_299' title='bbox 397 3576 616 3656; x_wconf 88' lang='lat' dir='ltr'>baptisterium.</span> <span class='ocrx_word' id='word_1_300' title='bbox 646 3575 692 3636; x_wconf 91' lang='lat' dir='ltr'>De</span> <span class='ocrx_word' id='word_1_301' title='bbox 715 3576 767 3636; x_wconf 92' lang='lat' dir='ltr'>illo</span> <span class='ocrx_word' id='word_1_302' title='bbox 790 3575 966 3654; x_wconf 91' lang='lat' dir='ltr'>baptisterio</span> <span class='ocrx_word' id='word_1_303' title='bbox 989 3575 1102 3654; x_wconf 89' lang='lat' dir='ltr'>aliquid</span> <span class='ocrx_word' id='word_1_304' title='bbox 1123 3576 1164 3636; x_wconf 90' lang='lat' dir='ltr'>ibi</span> <span class='ocrx_word' id='word_1_305' title='bbox 1185 3576 1315 3636; x_wconf 89' lang='lat' dir='ltr'>recitan-</span> 
     </span>
     <span class='ocr_line' id='line_1_34' title="bbox 140 3677 1317 3754; baseline -0.001 -12"><span class='ocrx_word' id='word_1_306' title='bbox 140 3681 213 3749; x_wconf 89' lang='lat' dir='ltr'>dum</span> <span class='ocrx_word' id='word_1_307' title='bbox 230 3683 372 3744; x_wconf 90' lang='lat' dir='ltr'>occurrit.</span> <span class='ocrx_word' id='word_1_308' title='bbox 404 3679 542 3754; x_wconf 85' lang='lat' dir='ltr'>Quadam</span> <span class='ocrx_word' id='word_1_309' title='bbox 564 3683 643 3753; x_wconf 82' lang='lat' dir='ltr'>rice,</span> <span class='ocrx_word' id='word_1_310' title='bbox 667 3679 740 3741; x_wconf 90' lang='lat' dir='ltr'>dum</span> <span class='ocrx_word' id='word_1_311' title='bbox 756 3680 840 3740; x_wconf 92' lang='lat' dir='ltr'>solus</span> <span class='ocrx_word' id='word_1_312' title='bbox 866 3681 897 3739; x_wconf 94' lang='lat' dir='ltr'>in</span> <span class='ocrx_word' id='word_1_313' title='bbox 920 3679 1050 3740; x_wconf 88' lang='lat' dir='ltr'>ecclesia</span> <span class='ocrx_word' id='word_1_314' title='bbox 1073 3696 1173 3739; x_wconf 88' lang='lat' dir='ltr'>essem</span> <span class='ocrx_word' id='word_1_315' title='bbox 1197 3685 1228 3739; x_wconf 92' lang='lat' dir='ltr'>et</span> <span class='ocrx_word' id='word_1_316' title='bbox 1251 3677 1317 3741; x_wconf 87' lang='lat' dir='ltr'>loca</span> 
     </span>
    </p>
   </div>
   <div class='ocr_carea' id='block_1_3' title="bbox 140 3781 1420 3867">
    <p class='ocr_par' dir='ltr' id='par_1_4' title="bbox 140 3781 1420 3867">
     <span class='ocr_line' id='line_1_35' title="bbox 140 3781 1420 3867; baseline -0.004 -23"><span class='ocrx_word' id='word_1_317' title='bbox 140 3786 316 3858; x_wconf 87' lang='lat' dir='ltr'>circuirem,</span> <span class='ocrx_word' id='word_1_318' title='bbox 343 3787 419 3867; x_wconf 40' lang='lat' dir='ltr'>‚reni</span> <span class='ocrx_word' id='word_1_319' title='bbox 441 3784 478 3846; x_wconf 92' lang='lat' dir='ltr'>ad</span> <span class='ocrx_word' id='word_1_320' title='bbox 503 3785 650 3845; x_wconf 88' lang='lat' dir='ltr'>concham</span> <span class='ocrx_word' id='word_1_321' title='bbox 671 3785 832 3862; x_wconf 87' lang='lat' dir='ltr'>baptismi,</span> <span class='ocrx_word' id='word_1_322' title='bbox 862 3800 939 3861; x_wconf 90' lang='lat' dir='ltr'>quae</span> <span class='ocrx_word' id='word_1_323' title='bbox 963 3789 1027 3845; x_wconf 93' lang='lat' dir='ltr'>erat</span> <span class='ocrx_word' id='word_1_324' title='bbox 1049 3781 1193 3862; x_wconf 89' lang='lat' dir='ltr'>operculo</span> <span class='ocrx_word' id='word_1_325' title='bbox 1218 3783 1316 3863; x_wconf 89' lang='lat' dir='ltr'>ligneo</span> <span class='ocrx_word' id='word_1_326' title='bbox 1414 3831 1420 3839; x_wconf 92' lang='lat'>.</span> 
     </span>
    </p>
   </div>
   <div class='ocr_carea' id='block_1_4' title="bbox 141 3885 1320 4280">
    <p class='ocr_par' dir='ltr' id='par_1_5' title="bbox 141 3885 1320 4280">
     <span class='ocr_line' id='line_1_36' title="bbox 141 3885 1316 3968; baseline -0.003 -19"><span class='ocrx_word' id='word_1_327' title='bbox 141 3898 260 3968; x_wconf 88' lang='lat' dir='ltr'>operta,</span> <span class='ocrx_word' id='word_1_328' title='bbox 284 3889 340 3952; x_wconf 91' lang='lat' dir='ltr'>sed</span> <span class='ocrx_word' id='word_1_329' title='bbox 355 3908 423 3952; x_wconf 90' lang='lat' dir='ltr'>sera</span> <span class='ocrx_word' id='word_1_330' title='bbox 439 3907 499 3951; x_wconf 90' lang='lat' dir='ltr'>non</span> <span class='ocrx_word' id='word_1_331' title='bbox 515 3889 633 3960; x_wconf 87' lang='lat' dir='ltr'>elausa;</span> <span class='ocrx_word' id='word_1_332' title='bbox 658 3889 773 3950; x_wconf 88' lang='lat' dir='ltr'>elevavi</span> <span class='ocrx_word' id='word_1_333' title='bbox 789 3905 861 3966; x_wconf 89' lang='lat' dir='ltr'>ergo</span> <span class='ocrx_word' id='word_1_334' title='bbox 878 3887 1069 3967; x_wconf 90' lang='lat' dir='ltr'>operculum,</span> <span class='ocrx_word' id='word_1_335' title='bbox 1092 3885 1198 3947; x_wconf 87' lang='lat' dir='ltr'>volens</span> <span class='ocrx_word' id='word_1_336' title='bbox 1215 3885 1316 3946; x_wconf 89' lang='lat' dir='ltr'>videre</span> 
     </span>
     <span class='ocr_line' id='line_1_37' title="bbox 142 3989 1316 4074; baseline -0.002 -22"><span class='ocrx_word' id='word_1_337' title='bbox 142 3994 390 4055; x_wconf 85' lang='lat' dir='ltr'>sacramentalem</span> <span class='ocrx_word' id='word_1_338' title='bbox 412 4009 537 4074; x_wconf 88' lang='lat' dir='ltr'>aquam,</span> <span class='ocrx_word' id='word_1_339' title='bbox 573 3993 670 4072; x_wconf 89' lang='lat' dir='ltr'>qualis</span> <span class='ocrx_word' id='word_1_340' title='bbox 692 3998 775 4053; x_wconf 87' lang='lat' dir='ltr'>esset</span> <span class='ocrx_word' id='word_1_341' title='bbox 797 3998 828 4053; x_wconf 88' lang='lat' dir='ltr'>et</span> <span class='ocrx_word' id='word_1_342' title='bbox 851 3999 975 4071; x_wconf 91' lang='lat' dir='ltr'>quanta,</span> <span class='ocrx_word' id='word_1_343' title='bbox 1009 3992 1079 4070; x_wconf 92' lang='lat' dir='ltr'>quia</span> <span class='ocrx_word' id='word_1_344' title='bbox 1102 3989 1215 4050; x_wconf 90' lang='lat' dir='ltr'>concha</span> <span class='ocrx_word' id='word_1_345' title='bbox 1238 4006 1316 4050; x_wconf 90' lang='lat' dir='ltr'>mar·</span> 
     </span>
     <span class='ocr_line' id='line_1_38' title="bbox 142 4093 1317 4187; baseline 0 -32"><span class='ocrx_word' id='word_1_346' title='bbox 142 4112 244 4187; x_wconf 82' lang='lat' dir='ltr'>morea</span> <span class='ocrx_word' id='word_1_347' title='bbox 268 4103 333 4159; x_wconf 89' lang='lat' dir='ltr'>erat</span> <span class='ocrx_word' id='word_1_348' title='bbox 355 4115 473 4178; x_wconf 84' lang='lat' dir='ltr'>magna.</span> <span class='ocrx_word' id='word_1_349' title='bbox 519 4095 582 4160; x_wconf 89' lang='lat' dir='ltr'>Sed</span> <span class='ocrx_word' id='word_1_350' title='bbox 605 4095 676 4157; x_wconf 93' lang='lat' dir='ltr'>dum</span> <span class='ocrx_word' id='word_1_351' title='bbox 700 4096 843 4159; x_wconf 91' lang='lat' dir='ltr'>ambabus</span> <span class='ocrx_word' id='word_1_352' title='bbox 866 4096 1002 4158; x_wconf 89' lang='lat' dir='ltr'>manibus</span> <span class='ocrx_word' id='word_1_353' title='bbox 1019 4093 1166 4176; x_wconf 92' lang='lat' dir='ltr'>appositis</span> <span class='ocrx_word' id='word_1_354' title='bbox 1190 4110 1317 4172; x_wconf 89' lang='lat' dir='ltr'>opereu-</span> 
     </span>
     <span class='ocr_line' id='line_1_39' title="bbox 143 4197 1320 4280; baseline 0.001 -20"><span class='ocrx_word' id='word_1_355' title='bbox 143 4197 361 4266; x_wconf 86' lang='lat' dir='ltr'>lum-lerarem</span> <span class='ocrx_word' id='word_1_356' title='bbox 390 4210 423 4266; x_wconf 90' lang='lat' dir='ltr'>et</span> <span class='ocrx_word' id='word_1_357' title='bbox 442 4204 525 4267; x_wconf 87' lang='lat' dir='ltr'>intus</span> <span class='ocrx_word' id='word_1_358' title='bbox 550 4201 752 4280; x_wconf 86' lang='lat' dir='ltr'>respicerem,</span> <span class='ocrx_word' id='word_1_359' title='bbox 785 4217 875 4274; x_wconf 86' lang='lat' dir='ltr'>eece,</span> <span class='ocrx_word' id='word_1_360' title='bbox 903 4207 968 4263; x_wconf 89' lang='lat' dir='ltr'>tota</span> <span class='ocrx_word' id='word_1_361' title='bbox 989 4217 1093 4279; x_wconf 87' lang='lat' dir='ltr'>margo</span> <span class='ocrx_word' id='word_1_362' title='bbox 1117 4198 1233 4279; x_wconf 88' lang='lat' dir='ltr'>repleta</span> <span class='ocrx_word' id='word_1_363' title='bbox 1256 4202 1320 4261; x_wconf 86' lang='lat' dir='ltr'>erat</span> 
     </span>
    </p>
   </div>
   <div class='ocr_carea' id='block_1_5' title="bbox 0 0 1455 4770">
    <p class='ocr_par' dir='ltr' id='par_1_6' title="bbox 0 0 1455 4770">
     <span class='ocr_line' id='line_1_40' title="bbox 0 0 1455 4770; baseline 0 0"><span class='ocrx_word' id='word_1_364' title='bbox 0 0 1455 4770; x_wconf 95' lang='lat' dir='ltr'> </span> 
     </span>
    </p>
   </div>
  </div>
 </body>
</html>
