2874 4770
656 172 721 248 233

98 346 182 418 omni
210 355 393 417 detrimento
422 352 492 416 fdei
514 355 618 434 potest
646 356 696 436 pie
720 354 812 420 credi.
857 340 938 420 Dum
970 318 1075 420 venus
1105 355 1275 445 Cyprprunt

99 462 202 539 regina
234 466 266 520 et
299 459 356 521 dea
388 458 532 537 pudicitia
562 461 708 538 abnegata
737 461 872 523 diversos
910 450 1083 523 admitteret
1115 464 1274 533 amatores,

100 560 233 625 Martem
253 562 345 624 deum
368 562 440 624 belli
462 579 496 622 se
520 572 669 624 amantem
693 565 862 626 adulterum
885 565 1021 635 admisit,
1045 565 1096 642 qui
1118 556 1275 642 zelotypus

101 664 175 746 erga
208 683 276 727 eam
308 666 405 727 factus
438 684 560 727 currum
589 667 708 745 junxit,
748 674 780 728 et
817 686 885 728 cum
920 668 1046 729 Bellona
1081 684 1185 728 sorore
1223 685 1274 728 au-

98 773 239 849 rigasua
261 770 469 849 hyperboreos
493 776 611 830 montes
635 770 707 832 adiit
743 772 844 849 ibique
878 770 986 848 fugatis
1017 778 1049 831 et
1078 773 1172 850 captis
1205 789 1273 850 gry·

99 873 252 952 phouibus
274 888 378 934 saxum
400 871 514 951 grande
538 871 576 932 de
600 880 702 934 monte
722 873 849 952 jaspidis
873 875 996 946 evulsit,
1020 874 1128 935 sedet
1150 874 1275 936 Bellona
1359 893 1361 897 ¹

97 978 139 1039 ibi
162 977 369 1055 crystallinum
399 976 532 1054 clipeum
564 977 622 1037 sibi
645 977 772 1048 ademit,
810 984 842 1038 et
865 980 965 1038 currui
988 980 1178 1056 imponentes
1207 976 1274 1039 hri·

98 1097 222 1158 maspos
245 1065 346 1141 autem
370 1082 433 1142 sire
450 1079 599 1158 Cyclopes
622 1083 789 1160 captivatos
813 1097 935 1141 currum
956 1082 1075 1142 trahere
1104 1099 1174 1142 cum
1196 1083 1274 1142 saris

99 1185 290 1263 gemmeticis
314 1185 499 1263 coegerunt,
524 1184 629 1261 sicque
652 1186 684 1244 in
699 1171 829 1244 insulam
844 1184 977 1245 Veneris
994 1186 1153 1246 venientes
1177 1183 1273 1262 Jaspb

99 1287 170 1348 dem
193 1287 231 1349 ad
254 1288 352 1348 cubile
376 1280 503 1348 Veneris
533 1293 716 1365 posuerunt,
748 1305 808 1365 quo
839 1269 1137 1367 ejusintamperata
1159 1289 1275 1348 luxuria

98 1391 291 1452 cohiberetur
322 1396 353 1451 et
382 1390 483 1451 fervor
512 1390 716 1469 refrigeretur.
767 1389 860 1452 Porro
891 1392 1013 1453 Venere
1046 1391 1190 1452 translata
1220 1406 1275 1469 per

98 1500 229 1554 mortem
250 1512 311 1555 uon
333 1493 472 1572 poterant
495 1494 625 1573 aliquam
649 1496 678 1554 ci
694 1496 872 1572 consignare
887 1498 1049 1575 imaginem
1078 1513 1136 1555 uec
1160 1494 1274 1555 idolum

97 1597 261 1668 fabricare,
291 1595 374 1657 unde
402 1595 554 1675 jaspidem
581 1596 667 1657 illum
696 1599 740 1656 sic
769 1598 940 1676 impolitum
975 1606 1005 1660 et
1028 1599 1221 1661 informatum
1243 1591 1275 1656 in

97 1700 214 1779 templo
241 1699 368 1762 Veneris
401 1700 470 1761 loco
500 1701 574 1763 idoli
597 1709 767 1763 erexerunt.
812 1701 884 1762 ldeo
908 1703 1050 1781 Virgilius
1080 1704 1198 1774 scribit,
1233 1703 1273 1763 si·

96 1802 267 1865 mulacrum
288 1803 416 1865 Veneris
440 1804 554 1865 nullam
575 1806 737 1866 humanam
766 1805 907 1868 habuisse
931 1807 1072 1886 effigiem.

185 1906 277 1968 Porro
293 1913 432 1986 tempore
448 1909 570 1970 Domini
590 1912 685 1971 nostri
707 1909 780 1971 lesu
804 1911 917 1971 Christi
939 1913 1018 1973 iuter
1039 1913 1113 1973 alios
1143 1910 1273 1990 gentiles

96 2009 235 2073 volentes
264 2012 367 2073 videre
391 2012 511 2085 lesum,
540 2020 574 2075 ut
604 2013 730 2075 habetur
762 2014 906 2076 Johannis
934 2014 982 2088 12,
1004 2013 1046 2085 l..
1071 2021 1156 2078 erant
1182 2017 1272 2076 etiam

98 2131 190 2193 quam
216 2114 320 2194 plures
352 2115 442 2194 Cypri
458 2125 676 2190 ¹mercatores,
712 2118 763 2197 qui
792 2118 969 2197 frequentes
1003 2120 1035 2180 iu
1068 2119 1164 2199 Syria·
1189 2125 1275 2180 erant

97 2224 223 2299 propter
244 2222 501 2299 propinquitatem
525 2221 614 2300 Cypri
638 2227 669 2281 et
692 2221 805 2301 Syriae.
850 2221 888 2281 Hi
921 2238 993 2300 ergo
1018 2221 1118 2299 Cyprii
1149 2220 1274 2281 audien·

97 2329 146 2383 tes
169 2321 332 2384 Dominum
354 2323 460 2386 lesum
482 2323 708 2402 praedicantem
737 2330 767 2384 et
793 2325 938 2385 miracula
963 2325 1140 2396 facientem,
1175 2324 1273 2385 credi*
1351 2350 1357 2357 ·

98 2424 209 2487 derunt
239 2433 269 2486 et
299 2421 546 2506 ingratitudinem
569 2427 753 2487 ludaeorum
783 2429 946 2505 plurimum
970 2433 1162 2488 exsecrantes
1186 2445 1274 2506 roga·
1346 2437 1348 2441 '

97 2536 314 2604 amanteum,
345 2538 379 2592 ut
411 2533 442 2591 in
466 2531 598 2610 Cyprum
629 2548 698 2590 cum
724 2531 768 2589 cis
792 2532 932 2608 navigare
963 2530 1136 2609 dignaretur
1170 2537 1200 2591 et
1231 2531 1275 2590 illi

92 2633 209 2712 populo
231 2633 376 2695 beneficia
399 2641 563 2714 praestare.
595 2633 709 2706 Quibus
731 2635 886 2713 respondit
912 2637 991 2697 siout
1014 2641 1044 2696 et
1066 2633 1185 2714 Abgaro
1210 2637 1274 2714 regi

95 2735 267 2798 Edessauac
279 2737 364 2798 urbis
387 2739 443 2799 sibi
466 2756 520 2817 per
543 2739 659 2799 litteras
682 2737 844 2800 mandante
867 2747 900 2801 ut
924 2740 960 2801 ad
984 2757 1018 2800 se
1037 2742 1168 2809 veniret,
1193 2739 1274 2819 quod

96 2846 167 2901 ants
197 2843 298 2903 omnia
327 2860 450 2903 crucem
481 2849 512 2903 et
533 2849 663 2905 mortem
687 2861 758 2905 eum
780 2848 934 2921 operteret
956 2846 1019 2924 pati
1050 2850 1081 2905 et
1103 2847 1192 2905 tortia
1223 2843 1272 2904 die

95 2962 256 3024 resurgere
288 2952 319 3008 et
348 2954 419 3025 post
447 2946 522 3009 haec
550 2965 622 3007 suos
653 2945 819 3026 discipulos
850 2948 943 3008 vellet
972 2950 1094 3009 mittere
1129 2951 1184 3009 eis.
1228 2946 1274 3007 llli

96 3065 170 3127 crgo
199 3067 268 3110 cum
293 3049 427 3129 Cyprum
449 3059 640 3112 remeassent
663 3059 695 3112 et
717 3069 769 3124 ea,
794 3069 871 3130 quae
894 3051 1031 3114 videraut
1053 3059 1084 3113 et
1107 3052 1272 3124 audierant,

97 3153 211 3233 populo
245 3155 432 3226 narrassent,
463 3152 665 3233 invidiamque
689 3154 874 3216 ludaeorum
906 3163 1010 3216 contra
1042 3174 1112 3217 eum
1146 3154 1272 3233 ejusque

94 3259 259 3319 instantem
295 3258 520 3321 crucifixionem
550 3260 712 3330 timebant,
737 3277 784 3336 ¹ne
806 3259 885 3320 forte
909 3279 1018 3338 corpus
1043 3260 1174 3320 crucifixi
1196 3261 1274 3318 sieut

96 3360 155 3427 alia
178 3379 305 3439 corpora
328 3361 536 3423 damnatorum
560 3360 655 3443 (155
680 3360 723 3440 a)
751 3361 932 3438 abjiceretur
955 3381 971 3424 a
994 3361 1135 3433 ludaeis,
1174 3362 1272 3422 consi-

95 3463 138 3524 lio
160 3479 233 3543 ergo
255 3465 329 3524 inito
354 3468 502 3526 miserunt
524 3465 670 3544 quosdam
693 3467 723 3525 in
749 3463 936 3538 Jerusalem,
967 3468 1018 3543 qui
1041 3465 1181 3525 tollerent
1205 3482 1272 3524 cor-

94 3584 154 3647 pus
177 3565 251 3628 lesu
274 3574 306 3629 et
327 3571 445 3647 navigio
469 3570 611 3647 imposito
636 3567 783 3629 ducerent
804 3565 879 3628 illud
900 3571 932 3629 iu
956 3568 1098 3648 Cyprum.
1140 3561 1273 3647 lngressi

94 3670 259 3733 ecclesiam
273 3672 402 3734 Veneris
418 3672 566 3752 templum
589 3688 692 3732 sarum
712 3669 887 3749 jaspldeum
907 3671 1034 3733 Veneris
1057 3671 1273 3732 simulachrum

95 3774 291 3853 dejecerunt,
315 3783 406 3838 etex
430 3795 466 3838 eo
490 3775 624 3837 tumbam
645 3774 774 3834 Domino
794 3773 867 3835 lesu
890 3775 1105 3837 formaverunt.
1143 3775 1272 3835 Domino

95 3886 199 3940 autem
221 3885 341 3941 mortuo
366 3886 397 3941 et
419 3898 489 3940 cunr
512 3880 627 3940 honore
646 3879 765 3957 sepulto
789 3880 969 3957 quieveruut
992 3880 1110 3960 Cyprii,
1140 3885 1170 3940 et
1193 3886 1272 3939 tum·

94 3984 165 4068 bam
187 3983 271 4045 illam
292 3990 523 4048 reservaverunt
553 4001 652 4062 usquc
674 3985 703 4044 in
727 3984 907 4046 hodiernum
930 3985 1026 4058 diem,
1049 4004 1107 4047 nec
1123 4003 1190 4046 eam
1205 4002 1270 4044 um·

96 4100 191 4166 quam
216 4088 305 4150 alicui
333 4087 466 4151 rendere
492 4087 667 4160 uoluerunt,
698 4106 756 4149 nec
778 4089 909 4167 aliquem
938 4092 971 4152 in
995 4109 1063 4152 eam
1085 4090 1270 4160 locaverunt,

95 4207 152 4262 co,
177 4191 260 4270 quod
283 4191 402 4255 Christo
416 4192 547 4254 Domino
566 4191 709 4255 ⁴dedicata
731 4191 831 4255 fuerit.
861 4192 899 4257 Et
921 4196 972 4258 illa
993 4195 1052 4256 fuit
1072 4194 1150 4255 forte
1173 4208 1272 4262 eausa,
