2874 4770
701 139 765 211 138

147 319 256 399 qubus
278 323 349 379 sunt
371 315 484 377 multae
506 315 635 396 palmae.
681 317 785 397 Sapidi
806 325 878 379 sunt
900 317 1017 378 fructus
1032 335 1090 377 uec
1105 317 1220 388 laesivi,
1245 334 1329 395 qnos

146 423 264 485 incolae
287 423 487 500 accipientes,
512 420 617 497 ejectis
632 420 798 499 lapidibus,
822 424 872 500 qui
887 423 966 481 intra
981 438 1091 498 corpus
1102 420 1213 497 jacent,
1239 439 1329 481 eom-

147 528 281 607 pn'munt
303 528 333 586 in
356 542 481 594 massas,
505 526 591 602 quasi
614 543 716 602 panes,
739 528 819 586 sicut
841 528 933 586 etiam
955 525 988 585 fit
1010 524 1049 585 de
1073 526 1205 597 ficubus,
1229 535 1264 586 ct
1287 529 1330 586 ita

147 629 330 692 manducant
352 636 402 690 aut
425 628 568 689 vendunt
613 630 679 692 llae
702 638 804 690 autem
826 649 946 690 massae
968 637 1113 691 vocantur
1134 633 1253 691 caricae
1279 630 1330 690 vel

150 736 286 797 tatiscam
302 742 332 794 et
347 740 503 811 portantur
526 732 707 793 admensus
732 751 801 792 cum
825 751 929 804 caseo,
954 735 1001 794 vel
1023 734 1092 794 loco
1109 736 1190 794 casei
1206 753 1330 811 ponun-

147 844 206 899 tur.
251 837 377 897 Fructus
392 837 510 915 palmae
525 844 573 897 est
596 839 783 916 compositus
807 855 843 897 ex
860 838 1025 897 substantia
1047 836 1178 897 molliet
1197 855 1332 897 carnosa

149 948 181 1002 et
203 941 292 1001 babet
314 939 509 1001 durissimum
532 940 690 1009 nucleum,
722 943 809 1018 quasi
832 959 953 1009 saxum,
984 942 1015 1000 in
1047 939 1114 1016 ejus
1143 940 1246 1000 medio
1281 948 1331 1000 est

148 1047 333 1108 albissimum
356 1063 492 1122 granum,
515 1043 597 1124 quod
619 1051 667 1103 est.
689 1061 804 1103 semen.
850 1042 952 1121 Aliqui
973 1052 1075 1104 tamen
1098 1043 1210 1121 dactyli
1234 1062 1328 1123 repe·

147 1153 266 1211 riuntur
287 1153 353 1210 sine
388 1149 497 1210 nucleo
530 1155 562 1208 et
594 1155 740 1208 vocantur
772 1147 938 1226 spadones,
971 1151 1039 1226 quia
1072 1166 1134 1208 non
1167 1151 1330 1208 continent

148 1272 264 1315 semen.
311 1254 505 1329 Antiquiores
529 1253 647 1332 palmae
670 1251 821 1312 dulciores
845 1252 956 1312 habent
978 1252 1112 1323 fructus,
1137 1270 1193 1312 nec
1221 1259 1331 1330 potest

148 1359 249 1439 palma
273 1355 368 1436 (122
384 1353 427 1433 a)
459 1357 639 1417 fructificare
669 1364 738 1416 ante
770 1359 972 1416 centesimum
1001 1374 1127 1426 annum,
1157 1357 1216 1415 nisi
1245 1357 1329 1415 enim

150 1463 189 1522 sit
214 1463 404 1531 centenaria,
438 1461 610 1520 nonhabet
634 1459 779 1537 dactylos.
825 1461 902 1521 Sunt
925 1468 957 1521 et
980 1461 1055 1520 aliae
1079 1460 1200 1520 arbores
1221 1458 1329 1519 fructi-

148 1564 232 1626 ferae
256 1564 441 1625 diversarum
463 1567 655 1642 specierum,
687 1566 765 1624 sicut
796 1571 880 1643 patet
902 1581 993 1642 supra
1017 1563 1054 1624 de
1078 1564 1166 1624 horto
1188 1563 1328 1624 balsami.

149 1668 201 1729 fol.
226 1665 278 1731 65.

236 1772 270 1832 Si
301 1773 488 1851 plantaretur
518 1773 621 1831 vinum
642 1773 674 1830 in
696 1770 850 1850 Aegypto,
882 1772 1080 1849 praecipuum
1111 1778 1142 1831 et
1176 1772 1331 1848 optimum

148 1874 251 1936 lieret:
267 1876 340 1936 facit
355 1878 437 1936 enim
446 1875 531 1935 Nilus
539 1875 710 1955 Aegyptum
720 1877 805 1953 quasi
816 1875 998 1954 paradisum,
1014 1875 1095 1936 unde
1103 1875 1188 1936 vallis
1200 1874 1330 1935 illustris

149 1997 219 2058 pars
241 1982 404 2058 praecipua
426 1987 525 2040 terrae
549 1986 670 2039 sanctae
694 1987 763 2039 ante
779 1980 1006 2041 subversionem
1021 1979 1172 2039 Sodomae
1186 1978 1329 2058 Aegypto

154 2091 186 2143 et
208 2082 347 2161 paradiso
381 2085 625 2162 comparabatur,
657 2081 767 2143 Genea.
791 2080 840 2146 13.
886 2083 960 2143 Nam
985 2091 1053 2143 ante
1076 2083 1230 2144 Sodomae
1255 2086 1329 2144 sub-

150 2189 322 2248 versionem
344 2188 500 2268 Aegyptus
532 2194 562 2249 et
593 2196 672 2249 terra
700 2194 804 2248 sancta
834 2186 1103 2265 condependebant
1135 2186 1329 2248 adinvicem

131 2309 205 2371 per
227 2290 364 2352 Jordanis
387 2290 556 2364 defluxum,
591 2312 650 2352 non
683 2296 764 2354 euim
787 2299 853 2353 erat
874 2310 957 2353 mare
979 2299 1150 2361 mortuum,
1181 2290 1235 2351 sed
1259 2290 1330 2352 lor-

150 2394 236 2457 danis
259 2415 315 2474 pes
344 2396 484 2458 aulonem
519 2397 698 2460 decurrebat
730 2407 834 2459 contra
856 2397 1016 2458 meridiem
1040 2395 1078 2456 ad
1098 2396 1274 2474 Aegyptum
1299 2403 1331 2455 et

152 2499 221 2560 Nilo
244 2499 397 2562 influebat
444 2501 589 2564 Universa
619 2513 721 2564 autem
754 2506 837 2582 regio
861 2503 896 2562 ab
920 2509 1049 2578 utroque
1070 2500 1165 2560 latere
1188 2498 1332 2558 iordanis

149 2606 326 2684 irrigabatur
350 2608 385 2666 ab
409 2625 462 2677 eo,
493 2609 572 2668 sicut
591 2606 748 2686 Aegyptus
771 2626 787 2667 a
810 2607 892 2676 Nilo,
923 2614 953 2665 et
983 2603 1111 2665 eandem
1140 2603 1332 2663 fertilitatem

150 2714 281 2787 praestat
306 2726 381 2785 aqua
404 2707 557 2779 iordanis,
591 2728 680 2787 quam
703 2709 754 2769 dat
775 2711 876 2779 Nilus,
910 2728 979 2770 cum
1003 2711 1094 2768 etiam
1117 2709 1201 2783 origo
1227 2709 1266 2765 sit
1292 2707 1332 2767 de

150 2810 289 2890 paradiso
313 2818 343 2870 et
365 2829 457 2889 aquas
480 2813 588 2872 habeat
610 2813 648 2873 de
672 2813 755 2890 Tigri
777 2820 807 2872 et
831 2815 1001 2891 Euphrate,
1024 2820 1058 2871 ut
1080 2817 1163 2889 patet
1186 2828 1289 2888 supra.

238 2913 290 2972 Sic
313 2930 385 2991 ergo
409 2923 509 2991 patet,
548 2916 629 2993 quod
661 2925 821 2994 antequam
844 2917 991 2977 Dominus
1015 2916 1204 2975 subverteret
1227 2915 1329 2974 Sodo-

152 3033 248 3084 mam,
273 3022 479 3076 oonvenerunt
501 3019 532 3075 in
555 3018 673 3080 duobus
697 3019 885 3093 fluminibus,
909 3020 1038 3081 iordane
1064 3028 1092 3079 et
1116 3018 1200 3089 Nilo,
1232 3036 1332 3095 aquae

152 3129 280 3198 quatuor
302 3117 459 3181 fluminum
482 3122 612 3199 paradisi
637 3127 668 3184 in
689 3124 845 3202 Aegypto,
870 3124 1006 3204 Ganges,
1038 3123 1143 3194 Pison‚
1176 3122 1275 3200 Tigris
1301 3132 1334 3183 et

151 3222 328 3302 Euphrates.

151 3491 300 3564 Ulterior
334 3512 521 3581 processus
557 3498 822 3584 peregrinorum
858 3519 878 3568 a
915 3499 984 3568 tine
1022 3497 1091 3566 Nili
1126 3515 1189 3585 per
1229 3493 1333 3567 littus

151 3615 255 3685 maris
283 3616 399 3702 magni
428 3623 547 3688 contra
565 3619 832 3707 Alexandriam,
862 3625 897 3691 et
926 3619 1010 3709 quid
1038 3620 1267 3689 sustinuerint
1295 3621 1334 3690 in

151 3736 270 3807 littore
298 3739 402 3808 maris
431 3760 451 3809 a
478 3743 626 3829 paganis
655 3748 690 3812 et
716 3745 752 3812 in
780 3745 856 3828 via,
886 3744 1048 3833 quotiens
1076 3741 1233 3811 tribulati
1261 3741 1334 3812 sint

153 3866 189 3930 et
204 3863 314 3932 invasi
334 3863 378 3932 ab
398 3865 664 3934 occurrentibus
685 3865 905 3949 sarracenis,
934 3864 1110 3934 docebunt
1134 3864 1330 3952 sequentia.

239 4063 296 4124 Die
319 4063 423 4125 XXlll.
448 4084 517 4125 cum
539 4083 597 4126 nox
620 4067 670 4126 illa
693 4066 794 4129 infelix
817 4069 988 4137 transisset,
1011 4066 1049 4126 de
1074 4084 1132 4143 qua
1152 4066 1265 4126 dictum
1281 4074 1332 4126 est

153 4186 243 4248 supra
265 4169 338 4231 folio
363 4165 450 4240 106,
473 4187 542 4230 mor
564 4175 597 4228 ut
627 4169 692 4230 dies
715 4170 786 4232 felix
815 4171 952 4232 irradiari
981 4171 1094 4248 coepit,
1125 4188 1216 4230 surae
1236 4169 1331 4232 flatus
