2902 4710
644 155 709 224 427

90 341 213 409 verunt,
237 341 267 398 et
281 340 392 415 quanto
408 333 494 413 plura
515 333 596 395 idola
611 332 745 395 tuissent
758 329 886 393 adducta
909 335 941 391 et
955 332 1068 413 templa
1085 336 1267 404 constructa,

90 448 173 503 tanto
196 442 378 501 sanctiorem
401 438 507 498 urbem
530 455 599 498 esse
624 436 802 498 credebant:
837 437 882 497 sic
905 434 1065 499 Venetiani
1086 453 1193 498 omnes
1215 453 1266 496 ec·

91 545 203 605 clesiae
226 550 348 605 sanctae
382 539 504 602 ordines
534 542 565 601 in
588 557 675 601 suem
695 545 843 601 vocavere
866 538 987 609 urbem,
1019 557 1108 617 quam
1132 546 1268 601 sanctam

91 653 122 708 et
144 648 325 708 fortunatam
347 645 412 707 lieri
435 646 570 704 sentiunt
591 645 752 719 incorum
776 640 1044 720 multiplicatione,
1075 641 1154 702 unde
1177 641 1267 704 hodie
1292 649 1294 656 ’

91 757 285 830 augmentant
307 750 490 810 monasteria
513 754 545 808 et
568 748 725 809 ecclesias.

176 901 280 983 Longe
304 903 428 966 alterius
453 904 562 963 mentis
593 909 663 963 sunt
695 903 776 963 cives
806 900 902 960 nostri
934 901 965 961 in
987 899 1181 973 Alemannia,
1218 902 1269 980 qui

91 1009 263 1080 aestimant,
293 1008 430 1069 civitates
453 1003 653 1086 depauperari
675 1024 731 1084 per
753 1005 936 1065 monasteria
959 1010 990 1065 et
1013 1003 1175 1073 ecclesias,
1210 1022 1269 1066 nec

91 1110 252 1173 admittunt
285 1109 458 1188 religiosoS,
495 1110 556 1170 imo
591 1109 658 1169 loca
688 1110 823 1186 antiqua,
861 1108 911 1169 uhi
936 1114 1078 1186 possunt,
1111 1106 1270 1169 destruunt

91 1222 122 1276 et
158 1215 234 1276 laiso
272 1214 403 1288 dicunt,¹
430 1230 464 1273 sc
501 1214 596 1291 magis
634 1229 689 1289 per
725 1212 884 1290 religiosos
921 1216 952 1271 et
989 1209 1104 1272 clerum
1143 1212 1267 1290 gravari,

91 1335 182 1397 quam
211 1335 266 1396 per
294 1315 438 1378 iudaeos.
483 1313 571 1375 Unde
594 1312 717 1374 ludaeis
749 1314 893 1375 usurariis
924 1314 991 1376 loca
1021 1313 1101 1393 apud
1131 1333 1164 1376 se
1196 1333 1268 1377 con·

93 1420 206 1482 cedunt
236 1420 273 1482 ad
304 1417 514 1488 habitandum,
552 1415 639 1495 quod,
656 1416 738 1478 nullo
767 1416 857 1478 modo
888 1417 1091 1479 concederent
1120 1418 1269 1496 religiosis

92 1523 239 1602 personis.
285 1522 350 1582 Non
383 1523 428 1582 sic
459 1518 573 1601 domini
595 1520 705 1582 Veneti
735 1506 865 1592 ia‘ciunt,
900 1522 951 1599 qui
980 1520 1096 1583 nullum
1122 1521 1270 1583 Judaeum

91 1629 121 1687 in
152 1632 233 1686 tanta
263 1627 338 1687 urbe
369 1604 535 1696 sustinent,
570 1624 683 1685 nullam
716 1623 894 1703 religionem
926 1623 1103 1696 excludunt,
1137 1623 1269 1704 collapsa

91 1731 273 1791 monasteria
297 1731 416 1808 erigunt
439 1733 469 1788 et
492 1745 570 1789 nova
594 1733 780 1804 consimunt.
826 1725 913 1788 Unde
936 1745 1014 1788 anno
1036 1728 1157 1789 Domini
1176 1724 1269 1804 1480,

92 1852 141 1894 me
165 1835 313 1894 existente
329 1832 478 1903 VenetiiS,
501 1832 676 1892 inchoatum
699 1830 755 1893 luit
778 1833 994 1893 monasterium
1010 1831 1138 1894 Sanctae
1154 1830 1268 1895 Mariae

92 1935 130 1998 de
153 1935 322 2007 miraculis,
356 1934 436 2013 quod
460 1937 477 1997 a
499 1934 701 1996 fundamentis
734 1937 918 1996 oonstmitur
940 1954 995 2015 pro
1019 1936 1197 1998 monialibus
1220 1955 1268 1996 or·

92 2038 169 2100 dinis
194 2045 318 2100 sanctae
343 2037 448 2100 Clarae
484 2045 545 2100 tam
567 2041 701 2118 pretiose
725 2045 756 2099 et
778 2044 952 2110 sumtuose,
987 2039 1068 2118 quod
1090 2046 1138 2099 est
1161 2040 1270 2099 mirum

91 2143 204 2205 videre.
250 2143 357 2203 Nullus
381 2143 523 2221 princeps
545 2140 741 2202 Alamanniae
764 2147 870 2220 posset
898 2142 991 2202 talem
1014 2149 1196 2203 structuram
1220 2159 1269 2202 ex·

92 2247 218 2307 solvere.
250 2247 301 2306 Sic
325 2251 426 2306 autem
448 2245 506 2305 hoc
522 2246 738 2305 monasterium
757 2245 874 2305 initium
890 2245 1001 2305 habuit.
1031 2244 1141 2307 Modus
1157 2248 1269 2324 quippe

63 2344 65 2349 ’
93 2355 157 2419 esi,
193 2348 275 2427 quod
297 2349 326 2407 in
351 2348 492 2408 omnihus
517 2347 650 2425 angulis,
668 2333 724 2407 'ubi
749 2348 822 2406 arcti
845 2352 915 2406 sunt
936 2349 996 2408 vici
1025 2355 1056 2409 et
1086 2350 1188 2422 curvi,
1223 2352 1271 2408 est

92 2469 241 2529 suspensa
264 2467 324 2510 una
338 2449 469 2528 lampas,
495 2466 571 2526 quae
587 2449 725 2509 noctibus
742 2446 933 2520 accenditur,
958 2456 988 2509 et
1004 2469 1043 2512 ne
1059 2452 1162 2512 lumen
1180 2451 1270 2532 gratis

93 2551 199 2614 ardere
222 2551 374 2623 videatur,
399 2551 436 2613 ad
459 2555 606 2630 parietem
622 2559 702 2612 retro
719 2550 889 2630 lampadem
904 2540 1021 2631 ponunt
1043 2555 1172 2634 aliquam
1195 2558 1270 2616 ima-

91 2659 193 2736 ginem
215 2658 320 2718 beatae
338 2649 483 2736 Virginis,
506 2663 539 2717 ut
562 2642 676 2737 lampas
700 2662 760 2717 tarn
784 2655 820 2718 ad
844 2656 990 2740 honorem
1011 2659 1117 2719 beatae
1139 2658 1269 2739 Virginis

92 2759 274 2822 accendatur
307 2777 398 2839 quarn
431 2759 467 2820 ad
497 2760 744 2822 commoditatem
774 2763 1003 2822 transeuntium.
1060 2763 1130 2823 Erat
1169 2769 1270 2825 autern

91 2866 122 2925 in
147 2883 205 2925 uno
229 2863 337 2943 angulo
361 2865 433 2924 satis
456 2862 613 2925 immundo
637 2870 668 2925 et
691 2871 772 2926 arcto
796 2865 864 2925 talis
886 2865 993 2926 beatae
1008 2865 1139 2946 Virginis
1162 2869 1270 2946 imago,

93 2967 131 3027 de
155 2986 214 3046 qua
235 2967 314 3028 lama
338 2970 527 3047 percrebuit,
551 2968 631 3048 quod
654 2969 797 3031 miracula
820 2970 860 3031 ibi
883 2970 999 3032 fierent.
1031 2960 1118 3033 Unde
1140 2974 1170 3033 in
1185 2972 1269 3034 brevi

91 3071 188 3132 iactus
210 3070 266 3132 fuit
288 3077 388 3133 tantus
413 3090 577 3134 concursus
612 3072 649 3133 ad
671 3072 772 3134 iocum
805 3071 890 3150 illum
924 3079 955 3134 et
978 3080 1078 3135 tantae
1102 3054 1269 3137 oblationes

92 3176 340 3255 apportabantur,
364 3175 444 3255 quod
468 3178 576 3238 domus
599 3178 640 3239 ihi
663 3184 779 3238 stantes
803 3183 941 3239 emerent
957 3180 1112 3239 constituti
1127 3196 1273 3258 procuras

92 3285 191 3351 tores,
215 3281 298 3339 etin
321 3277 388 3339 loco
412 3280 574 3341 ecclesiam
603 3286 834 3340 construxemnt
857 3286 888 3341 et
911 3281 985 3341 alios
1000 3288 1108 3358 pontes
1133 3289 1163 3342 et
1186 3284 1269 3344 vicos

91 3381 238 3442 iecerunt.
283 3379 410 3460 insuper
432 3384 506 3461 ipsis
532 3382 656 3444 Graecis
680 3381 830 3444 dederunt
853 3382 1014 3442 ecclesiam
1037 3384 1068 3443 S.
1092 3382 1200 3455 Blasii,
1236 3389 1270 3444 ut

91 3503 176 3547 more
200 3502 304 3544 eorum
328 3484 425 3545 oiiicia
448 3495 501 3545 s'ua
523 3487 554 3544 in
578 3503 614 3545 ea
637 3490 832 3563 peragerent,
867 3483 947 3567 quod
969 3492 1071 3545 tamen
1097 3487 1170 3546 mihi
1193 3484 1269 3546 adeo

93 3588 247 3668 displicet,
283 3605 318 3647 ac
355 3588 381 3647 si
411 3584 534 3648 Judaeis
566 3605 749 3667 synagogam
783 3593 959 3647 construere
993 3587 1190 3649 indulsissent
1220 3588 1269 3650 vel

93 3692 268 3753 Sarracenis
284 3690 474 3762 moscheam,
498 3708 567 3751 cum
585 3690 693 3751 Graeci
709 3691 819 3750 nostris
834 3689 973 3750 ecclesiis
990 3692 1050 3751 sint
1064 3690 1269 3765 infensissimi,

93 3803 126 3857 ut
149 3813 241 3875 saepe
275 3812 365 3873 supra
393 3796 498 3874 patuit.
543 3793 651 3855 Audivi
682 3801 799 3866 tamen,
832 3791 910 3873 quod
942 3812 994 3855 eos
1025 3795 1204 3875 expulerunt
1233 3796 1268 3856 ah

92 3900 143 3963 illa
165 3902 306 3962 ecclesia.

159 4055 245 4118 Unde
262 4063 364 4119 autem
379 4063 425 4118 tot
443 4057 555 4128 clerici,
570 4062 618 4117 tot
632 4056 771 4117 monachi
786 4063 817 4116 et
832 4058 987 4129 moniales,
1004 4064 1048 4118 tot
1062 4059 1198 4137 religiosi
1213 4076 1268 4120 nu·

94 4159 220 4219 triantur
234 4162 360 4230 inmari,
377 4161 511 4222 esthone
523 4163 642 4223 mirum.
673 4157 770 4222 i’orro
781 4159 881 4238 legata
898 4167 929 4222 ct
943 4168 1125 4224 testamenta
1141 4158 1269 4225 divitum
