2902 4710
718 174 786 246 456

164 355 246 436 qnod
268 353 405 417 Brennus
438 355 609 417 Suerorum
640 351 698 416 dur
729 352 958 433 potentissimus
990 355 1128 434 tempore
1157 353 1228 436 Gyri
1261 356 1348 435 regis

164 458 339 530 Persarum,
355 458 490 520 collectis
505 458 621 529 Suavis,
638 457 775 520 adunatis
791 455 1056 536 Burgundionibus
1072 464 1104 520 et
1118 456 1211 521 Gallis
1227 458 1350 522 ltaliam

164 565 284 625 intrarit
318 570 349 624 et
377 562 520 624 Sabinum
554 561 710 623 consulem
738 559 907 622 itomanam
940 560 997 621 sibi
1026 565 1240 623 occurrentem
1272 579 1345 624 curn

164 667 305 729 universo
329 667 462 727 exercitu
485 666 648 746 prostravit
676 672 707 725 et
729 664 897 724 Romanam
915 661 1108 740 juventutem
1131 664 1258 736 occidit,
1281 667 1346 729 Ilo·

164 788 245 833 mam
271 770 417 832 subvertit
440 776 470 831 et
494 775 599 830 contra
614 767 767 829 Romanos
781 764 998 839 Mediolanum,
1021 766 1190 840 Veronam,
1211 766 1347 839 Parium,

163 873 311 945 Brixiam,
334 871 538 952 senogalliam
566 877 603 933 et.
619 871 732 932 Senam
762 871 868 933 urbem
899 871 929 931 ia
953 867 1085 933 Thuscia
1115 876 1281 935 construxit
1315 880 1348 936 et

165 974 236 1038 inde
260 974 419 1038 Graeciam
443 994 512 1038 cum
528 976 662 1038 exercitu
678 981 785 1055 petens
810 992 863 1036 eos
878 976 966 1046 vicit,
991 975 1066 1036 etin
1082 974 1191 1038 Belum
1213 977 1351 1047 insulam
1417 1006 1430 1032 .

165 1079 301 1160 Delphos
325 1085 355 1140 et
378 1078 543 1159 Delphicas
566 1080 642 1140 deos
665 1080 815 1150 visitarit,
838 1078 889 1140 ubi
918 1096 987 1140 curn
1011 1080 1043 1140 in
1065 1080 1188 1159 templis
1211 1081 1350 1145 immen·
1386 1032 1441 1169 J·

165 1200 233 1246 surn
257 1200 362 1245 aurum
386 1185 551 1263 reperisset
580 1185 610 1245 in
633 1188 742 1245 ornatu
771 1181 939 1254 idolorum,
972 1183 1073 1243 omnia
1106 1182 1175 1245 tulit
1207 1190 1238 1246 et
1269 1184 1352 1247 deos

165 1286 293 1349 nudatos
317 1285 493 1365 dereliquit,
517 1287 597 1349 unde
611 1286 721 1367 Apollo
743 1288 927 1365 requisitus,
949 1286 1020 1366 qnid
1045 1285 1084 1348 de
1104 1285 1225 1349 Brenno
1248 1287 1349 1362 lieret,

166 1389 258 1462 dixit,
283 1407 353 1453 eum
376 1397 406 1451 et
429 1407 550 1452 omnem
572 1391 738 1451 exercitum
764 1387 831 1466 ejus
845 1394 970 1468 propter
989 1390 1117 1452 deorum
1133 1391 1351 1471 spoliationem

166 1493 241 1556 albis
264 1493 427 1573 uirginibus
449 1495 579 1574 opprimi
602 1499 633 1556 et
656 1494 813 1572 exstingui.
846 1491 907 1554 Sed
932 1491 1069 1555 Brennus
1095 1493 1218 1556 oraculo
1241 1501 1350 1574 spreto

167 1616 237 1660 enm
260 1596 365 1676 spoliis
388 1598 512 1658 revertit
534 1598 563 1657 in
587 1596 746 1668 Sueviam,
780 1595 835 1657 sed
859 1613 928 1657 cum
950 1598 979 1657 in
1003 1596 1078 1658 haec
1100 1598 1183 1659 venit
1204 1603 1352 1659 montana

166 1709 303 1779 tempore
326 1699 484 1762 solutionis
507 1701 637 1772 nivium,
677 1700 757 1778 globi
779 1698 817 1761 de
840 1700 1003 1761 verticibus
1033 1707 1157 1762 ruentes
1190 1707 1221 1762 et
1244 1701 1352 1780 ipsum

165 1804 319 1866 Brennum
341 1808 373 1863 et
395 1804 569 1864 universum
592 1802 658 1880 eius
682 1804 848 1864 exercitum
875 1803 1038 1864 obruerunt
1067 1809 1100 1864 et
1130 1805 1351 1877 exstinxerunt,

167 1914 198 1968 et
220 1909 270 1968 isti
293 1905 373 1986 globi
395 1908 509 1967 nivium
531 1904 604 1967 dieti
627 1912 697 1967 sunt
719 1906 850 1985 uirgines
882 1906 949 1967 albi.
995 1904 1028 1967 ln
1050 1906 1140 1985 hujns
1166 1907 1211 1969 rei
1233 1923 1349 1988 perpe·

165 2016 248 2071 tuam
265 2006 321 2090 (ir)
337 2011 515 2072 memoriam
538 2009 670 2069 retinent
692 2015 811 2069 montes
835 2009 877 2071 illi
899 2026 1012 2071 nomen
1035 2011 1093 2072 hoo
1115 2027 1213 2090 usqne
1235 2012 1267 2071 in
1290 2009 1352 2072 iro·
1386 2054 1406 2089 Ἄ.

169 2113 308 2176 dicrnum
331 2110 412 2175 diem
436 2118 477 2174 et⁸
491 2111 632 2174 dicuntur
652 2110 787 2173 Brenner
818 2131 835 2174 a
858 2114 994 2193 principe
1018 2114 1189 2177 suevorum
1211 2113 1348 2178 Brenno.

167 2217 261 2298 igitur
284 2226 353 2297 post
375 2218 498 2297 longum
522 2223 553 2278 et
576 2216 744 2278 taediosum
766 2217 844 2279 intra
867 2224 986 2280 montes
1002 2221 1161 2281 transitum
1183 2217 1349 2282 deseendi-

167 2340 251 2394 mus,
283 2322 406 2383 tandem
437 2328 539 2383 antem
568 2328 637 2400 post
668 2320 790 2399 longum
818 2318 1001 2383 descensum
1030 2321 1189 2384 occidente
1217 2318 1284 2383 sole
1316 2322 1351 2383 in

167 2423 299 2497 Mattar,
321 2425 392 2488 uilla
414 2422 534 2505 grandi,
557 2423 699 2503 hospitati
723 2425 978 2510 pemoctarimns.

636 2723 686 2799 De
719 2723 875 2799 Pontion.

160 2955 163 2959 ’
253 2943 405 3025 vigesima
428 2949 532 3023 quarta
556 2943 605 3006 dle
633 2950 734 3006 sumto
764 2942 920 3022 jentaculo
941 2945 972 3004 in
998 2940 1128 3005 Mattara
1161 2942 1353 3005 recessimus

171 3050 248 3109 etin
266 3052 416 3116 montana,
440 3062 517 3124 quae
536 3046 676 3108 dicuntur
690 3046 876 3126 Schdnberg,
900 3046 1091 3110 ascendimus
1113 3064 1169 3128 per
1183 3047 1247 3110 rias
1271 3044 1352 3108 obli·

170 3168 244 3232 quas
268 3156 299 3211 et
320 3147 471 3211 taediosas
495 3156 618 3229 propter
652 3150 846 3211 circuitiones
879 3151 1001 3212 uallium
1033 3148 1350 3233 prolundissimarum.

171 3255 256 3317 Circa
280 3253 438 3317 meridiem
461 3244 562 3316 autem
586 3253 625 3316 de
648 3253 706 3316 illis
730 3255 879 3316 montanis
910 3254 1125 3317 descendimus
1156 3261 1261 3316 contre
1283 3268 1352 3313 am·

169 3361 337 3441 piissimam
359 3359 468 3421 uallem
489 3357 559 3431 lnis,
583 3375 661 3437 quae
685 3364 716 3419 et
739 3375 865 3419 amoena
889 3365 919 3420 et
941 3356 1128 3420 delectabilis
1152 3361 1200 3418 est
1220 3356 1353 3418 nimium

170 3470 202 3527 et
223 3464 392 3535 iruetuosa,
415 3463 444 3524 in
469 3480 526 3544 qun
549 3462 680 3525 vidimus
704 3462 741 3523 de
765 3462 916 3524 montibus
931 3463 1153 3542 perspicientes
1176 3460 1250 3523 duas
1274 3461 1352 3523 civi·

170 3575 265 3639 tates,
297 3566 414 3628 scilicet
446 3565 601 3629 Ponticam
637 3572 667 3628 et
689 3565 823 3637 Hallam,
857 3571 888 3626 et
918 3565 1002 3627 villas
1026 3581 1148 3644 magnas
1179 3564 1353 3627 ciuitnttlrus

172 3672 330 3750 aequales,
354 3677 385 3731 et
407 3687 461 3748 per
483 3669 618 3732 medium
635 3668 775 3731 aulonem
797 3669 1010 3730 decurrentem
1024 3666 1124 3739 inum,
1147 3667 1272 3730 flurium
1294 3684 1353 3729 na·

170 3774 339 3853 rigabilem.
383 3772 605 3835 Descendimus
629 3791 702 3852 ergo
726 3772 763 3835 ad
786 3774 879 3835 imum
902 3772 987 3834 vallis
1019 3779 1050 3834 et
1072 3789 1167 3852 prope
1191 3769 1353 3836 Ponticam

172 3877 211 3940 ad
234 3877 447 3937 monasterinm
471 3878 627 3947 venimus,
651 3875 743 3939 Wilta
765 3879 967 3949 nominatum,
992 3876 1105 3938 ordinis
1120 3875 1355 3939 Prasmonstra·

171 3981 305 4042 tensiann
328 3977 365 4039 de
389 3978 592 4050 observantia,
617 3997 757 4058 magnum
782 3988 813 4043 et
828 3981 997 4053 abundans,
1020 3984 1051 4057 in
1067 3999 1128 4060 quo
1144 3980 1204 4044 ridi
1219 3976 1355 4060 quadam

172 4085 230 4148 alia
253 4084 319 4145 vice
342 4089 387 4145 tot
409 4099 480 4146 rasa
502 4099 592 4145 aurea
616 4090 647 4145 et
669 4091 810 4165 argenteo
840 4088 869 4147 in
903 4087 1038 4148 sacristia
1072 4103 1126 4166 pro
1148 4083 1285 4163 reliquiis
1318 4092 1356 4148 et

172 4189 203 4251 ln
225 4185 341 4251 obustis
364 4204 419 4269 pro
442 4188 571 4263 mensis,
602 4187 685 4269 quod
705 4189 892 4253 ammirabar.
937 4187 971 4251 ln
992 4189 1131 4252 sacristis
1153 4187 1355 4254 internuntia
