2874 4770
686 160 749 233 269

125 347 194 418 ille,
226 349 261 406 nt
280 342 435 422 serpentis
458 345 577 420 potaret
598 355 769 409 veneunm;
793 338 838 398 sic
861 335 983 399 stillae
1007 333 1135 398 delirant
1153 336 1304 411 latuellae,

127 449 331 520 communiter
354 446 502 506 contraria
525 449 705 504 monstrant.
751 441 788 502 Et
809 447 925 502 tautum
948 439 985 501 de
1008 440 1071 501 illo.

173 626 177 631 ,
215 554 301 616 Hanc
323 552 450 612 insulam
472 550 637 610 inhabitant
661 547 751 608 hodie
776 545 931 624 Cologeri,
963 544 1102 607 monachi
1125 548 1243 625 graeci,
1275 552 1306 609 et

127 666 192 722 tam
214 654 342 719 strenue
360 671 428 716 eam
451 654 609 732 hucusque
632 658 819 722 tutaverunt,
850 650 931 730 quod
953 648 1044 711 Turci
1065 668 1229 729 numquam
1253 667 1306 712 eos

126 767 290 830 voluerunt
312 761 473 842 expellere.
519 759 657 823 Praelata
686 760 777 837 igitur
809 757 858 818 die
884 756 1002 817 fortiter
1024 757 1242 834 navigavimus,
1275 759 1307 816 et

129 867 222 948 ejecti
244 857 352 929 sumus
374 865 409 926 ab
430 863 536 925 insulis
552 862 715 942 Cycladum
739 860 777 922 de
801 861 876 923 mari
898 857 1001 940 Aegeo
1025 865 1056 921 et
1073 859 1251 940 carpathico
1274 859 1307 920 iu

128 988 216 1036 mare
241 971 393 1032 Creticum
417 975 522 1031 contra
546 974 691 1029 austrum.

201 1230 422 1385 'Regressus
449 1287 500 1358 Fr.
528 1284 596 1358 Fel.
624 1285 725 1357 Fabri
751 1285 787 1357 iu
813 1303 920 1358 naves
947 1281 1213 1357 Alexandrinas,

219 1511 344 1571 Decima
366 1497 494 1586 septima
518 1507 566 1568 die
590 1511 752 1584 antequam
773 1506 975 1577 illucesceret,
1004 1505 1160 1567 habuimus
1183 1511 1308 1569 ventum
1336 1542 1340 1551 ·

130 1614 364 1684 validissimum,
388 1613 420 1672 in
443 1617 576 1681 tantum,
601 1610 681 1688 quod
704 1610 922 1688 gubernatores
938 1611 1034 1671 nostri
1050 1611 1234 1689 cogebantur
1252 1629 1307 1691 po·

130 1719 289 1800 lystrelum
313 1735 433 1776 sursum
467 1714 586 1775 trabere
622 1721 653 1775 et
676 1721 853 1775 accatonem
876 1716 961 1794 quasi
985 1732 1107 1777 saecum
1129 1716 1247 1791 iacere,
1271 1714 1309 1779 ad

131 1823 359 1907 impediendum
383 1840 505 1883 cursum
529 1821 632 1900 galeae
652 1823 789 1882 nimium.
835 1821 914 1882 Dum
938 1822 1038 1882 autem
1061 1821 1125 1907 dies
1150 1830 1241 1895 esset,
1264 1823 1308 1884 vi·

136 1932 238 1993 dimus
261 1929 332 1990 alias
356 1926 472 2006 galeas,
507 1936 584 2004 qu'ae
607 1927 765 1991 nobiscum
795 1925 833 1986 de
856 1924 1035 1986 Alexandria
1069 1944 1210 2006 egressae
1244 1926 1309 1987 lue·

132 2036 216 2105 rant,
240 2040 269 2094 et
292 2033 395 2094 laetati
418 2048 540 2102 snmus,
576 2037 607 2091 et
628 2031 668 2090 ibi
692 2032 722 2090 in
745 2029 1013 2092 Alexandrinarum
1036 2033 1157 2093 navium
1181 2031 1311 2092 classem

134 2139 225 2221 redii3
261 2144 359 2216 aqua
389 2135 424 2196 ad
449 2141 569 2212 tempus
593 2141 735 2213 evagatus
766 2134 809 2197 iui
833 2153 902 2195 cum
925 2138 1151 2214 peregrinorum
1174 2137 1309 2207 navibus,

133 2252 281 2324 utsupra
312 2242 408 2322 patuit
436 2237 597 2304 enigma.
643 2239 686 2300 lta
714 2258 808 2320 prope
842 2247 942 2301 autem
974 2246 1179 2304 convenerunt
1208 2255 1311 2311 naves,

134 2346 222 2428 quod'
239 2354 412 2428 poteramus
437 2345 492 2429 (b)
518 2346 724 2419 conclamare,
744 2346 867 2408 ¹deiude
890 2354 1023 2408 mutatus
1053 2354 1100 2409 est
1122 2325 1246 2419 ventus,
1280 2349 1312 2406 ct

134 2452 232 2514 iactus
255 2453 341 2513 nobis
365 2454 451 2531 quasi
475 2453 655 2517 contrarius.
689 2457 720 2511 et
742 2452 771 2537 vi
795 2456 825 2510 et
848 2457 911 2511 arte
934 2452 1102 2513 retinebant
1125 2450 1242 2530 galeas,
1271 2464 1310 2525 ne

135 2550 335 2636 rejicerentur
366 2559 397 2617 in
423 2554 587 2635 Cycladum
620 2553 747 2624 insulas,
784 2553 863 2615 unde
897 2555 1052 2616 exivimus.
1107 2553 1179 2617 Sole
1211 2560 1312 2616 autem

135 2661 294 2722 occidente
317 2644 441 2722 invaluit
464 2666 589 2730 ventus,
624 2666 654 2719 et
677 2659 860 2738 disgregavit
889 2677 981 2720 naves
1005 2659 1039 2720 ab
1062 2661 1192 2722 invicem
1223 2657 1312 2738 longe

136 2747 167 2824 et
187 2763 313 2824 terribili
336 2766 449 2844 impetu
473 2780 566 2824 naves
590 2764 757 2834 concussit,
782 2770 965 2843 noctemque
985 2765 1236 2844 inquietissimam
1259 2764 1311 2824 ha·

135 2867 269 2939 hulmus,
294 2867 423 2929 vidimus
448 2873 561 2939 aulem,
586 2869 722 2946 quamvis
747 2887 805 2929 uox
828 2876 926 2939 esset,
950 2887 1044 2948 prope
1066 2868 1195 2930 insulam
1219 2885 1312 2948 quan·

136 2971 213 3034 dam·
230 2989 311 3057 esse,
346 2990 435 3051 quam
459 2970 598 3031 dicebant
620 2971 704 3051 Aege
728 2973 838 3033 vocari.
883 2971 937 3033 Est
959 2975 1040 3035 enim
1062 2973 1159 3034 insula
1183 2972 1312 3046 deserta,

136 3077 168 3137 in
191 3092 249 3154 qua
271 3077 485 3136 vetustissimis
508 3076 696 3155 temporibus
720 3067 859 3138 immanis
883 3084 913 3137 et
936 3080 1130 3140 saevissimus
1154 3079 1236 3156 gigas
1251 3075 1312 3138 Ae·

137 3196 250 3260 gaeona
269 3164 423 3241 ¹habitavit
454 3186 485 3239 et
508 3180 638 3241 crudelis
663 3182 856 3260 piratae'per
878 3183 972 3243 maria
994 3181 1151 3243 latrocinia
1179 3182 1315 3243 exercuit

136 3290 260 3344 centum
283 3283 395 3343 habens
418 3281 565 3355 famulos,
589 3285 658 3346 ideo
680 3287 772 3346 etiam
796 3285 1064 3364 Centumgeminus
1095 3286 1258 3359 dicebatur,
1282 3291 1314 3348 et

137 3406 212 3450 aevo
236 3406 292 3449 suo
315 3405 405 3448 nemo
430 3388 461 3447 in
485 3405 522 3448 eo
546 3390 637 3460 mari,
662 3391 719 3449 nisi
744 3390 889 3468 quantuin
912 3390 982 3451 huic
1000 3389 1177 3468 placuisset,
1202 3387 1313 3469 aliquid

137 3491 275 3555 audebat.
306 3490 393 3554 Unde
409 3509 521 3552 nomeu
538 3492 574 3552 ab
598 3509 635 3552 eo
652 3493 789 3570 accepit,
812 3491 990 3571 dictumque
1006 3500 1053 3554 est
1068 3510 1151 3554 mare
1166 3492 1313 3571 Aegeum,

137 3598 244 3676 sicque
267 3598 356 3659 bodie
371 3604 511 3668 vocatur,
537 3593 669 3672 et'junta
692 3596 770 3656 banc
793 3594 923 3656 insulam
933 3591 1102 3673 junguntur
1125 3596 1184 3658 duo
1208 3598 1312 3670 maria,

137 3698 275 3780 Aegeum
298 3701 419 3763 scilicet·
439 3707 470 3762 et
486 3699 649 3761 Creticum.
678 3699 789 3761 Dicunt
813 3706 913 3761 antem
935 3697 1073 3772 fabulae,
1097 3699 1178 3779 quod
1197 3698 1314 3781 Jupiter

137 3807 218 3868 bunc
239 3807 341 3886 ligavit
364 3813 488 3867 centum
512 3805 627 3865 catenis
650 3811 776 3883 propter
797 3805 844 3865 sui
866 3801 1082 3864 fortitudinem.
1128 3804 1184 3865 Die
1207 3800 1312 3866 xv111.

138 3927 227 3972 mane
259 3926 369 3972 recens
399 3909 519 3971 advenit
547 3914 655 3968 ventus
690 3915 721 3968 et
743 3908 907 3988 reportavit
936 3907 974 3970 de
1005 3909 1115 3988 pelago
1148 3908 1252 3989 Aegeo
1282 3910 1314 3972 iu

138 4015 249 4076 fretum
284 4015 437 4076 Creticum
470 4020 502 4073 et
533 4029 630 4089 usque
662 4010 699 4072 ad
728 4012 857 4073 insulam
886 4030 940 4073 nos
970 4012 1038 4073 tulit
1065 4012 1201 4086 Cretam,
1229 4012 1315 4092 juxta

138 4136 229 4198 quam
251 4136 343 4180 naves
368 4119 524 4179 onerariae
547 4135 608 4176 non
632 4117 733 4177 solent
749 4116 839 4177 'littus
862 4123 984 4195 petere,
1018 4115 1073 4178 sed
1101 4134 1194 4180 naves
1225 4135 1314 4199 pere·

138 4224 307 4303 grinornm,
330 4224 433 4302 itaque
446 4229 568 4303 portum
584 4220 737 4284 Creticum
751 4221 929 4282 intravimus
952 4225 983 4281 ct
997 4221 1150 4283 civitatem
1160 4220 1315 4296 Candianr,
