2902 4710
689 175 753 243 ara
860 150 862 155 ’

133 368 196 413 non
218 351 379 429 egressuri.
417 349 490 413 Post
514 369 640 413 coenam
663 351 734 413 dum
757 357 906 414 staremus
928 355 959 414 in
974 353 1179 431 superioribus
1196 353 1310 432 galeae,

134 460 167 516 et
187 459 293 518 contra
314 453 524 516 Alexandriam
546 458 973 533 respiceremos‚·venit-una
996 457 1080 516 navis
1103 457 1191 534 plena
1207 457 1310 518 Sarra·
1344 503 1355 529 ,

133 559 217 620 cenis
231 559 262 618 in
279 559 426 630 tenebris,
450 561 519 636 quia
536 559 750 637 crepusculum
766 564 846 630 erat,
871 559 908 619 de
924 561 1045 620 civitate
1061 558 1098 619 ad
1113 559 1191 620 latus
1207 560 1310 639 galeae

132 667 274 745 nostrae,
299 668 422 723 etcum
445 680 552 741 magno
576 663 696 723 silentio
721 660 918 738 alligaverunt
939 662 1109 722 naviculam
1132 662 1170 722 ad
1185 663 1311 740 galeam,

134 771 220 828 erant
242 767 323 826 enim
347 763 469 843 quidam
482 765 612 842 juvenes
636 765 880 837 Sarracenorom,
905 767 955 843 qui
978 770 1189 826 contraxerant
1212 769 1312 827 socie-

134 875 229 931 tatem
251 855 320 929 cum
344 869 492 945 aliquibus
524 869 562 929 de
586 869 672 946 galea
703 875 806 928 nostra
841 874 872 928 et
903 886 972 928 cum
1003 871 1047 928 eis
1077 871 1179 930 vinum
1210 869 1312 931 bibere

130 969 196 1049 jam
219 978 448 1032 consueverant.
498 969 545 1031 Aa
574 971 634 1031 boc
664 988 736 1048 ergo
765 974 859 1032 nostri
890 988 959 1032 cnm
988 970 1169 1033 flasconibus
1195 980 1226 1035 et
1249 991 1311 1034 am·

133 1074 237 1153 phoris
268 1079 314 1132 ct·
330 1073 532 1152 scyphis-vel
565 1075 650 1153 vitris
685 1073 908 1135 descenderunt
941 1081 973 1134 et
1006 1074 1152 1135 sedebant
1182 1074 1312 1136 bibendo

135 1183 166 1238 et
188 1175 351 1237 rebibendo
375 1178 405 1235 in
428 1183 563 1247 tantum,
581 1182 632 1252 ¹ut
654 1175 813 1238 Sarraceni
843 1178 1063 1239 inebriarentur
1098 1185 1129 1239 et
1160 1185 1313 1256 tamquam

134 1281 209 1343 latui
231 1285 403 1351 cantarent;
427 1280 470 1340 illi
495 1287 604 1351 autem,
628 1282 733 1358 quiin
756 1282 874 1358 galeam
890 1281 1102 1354 ascenderant,
1127 1301 1195 1348 cum
1218 1282 1313 1343 multa

135 1383 311 1445 difficultate
334 1386 366 1444 in
389 1384 533 1462 scapham
556 1383 743 1445 descendere
767 1381 906 1463 poterant
921 1373 1045 1466 propter
1060 1388 1240 1464 vertiginem
1263 1403 1312 1446 oa·

133 1490 229 1568 pitom
251 1505 377 1547 eorum.
422 1487 535 1564 Sisque
566 1487 646 1565 pleni
676 1488 913 1566 remigraverunt
941 1491 1127 1551 intenebris
1159 1488 1197 1548 ad
1230 1490 1311 1548 litus.

132 1592 196 1670 Ego
224 1597 325 1652 autem
358 1590 474 1650 stabam
508 1596 537 1650 et
570 1607 674 1650 casnm
705 1589 841 1675 alicujus
861 1592 891 1651 in
922 1610 1005 1667 mare
1036 1594 1249 1670 exspectabam
1281 1597 1313 1652 et

132 1694 222 1755 hodie
246 1697 390 1765 aestimo,
415 1693 565 1771 quodvis
588 1695 654 1753 sine
677 1694 825 1772 baptismo
842 1695 879 1755 ad
894 1696 965 1756 litus
982 1699 1184 1775 pervenerint.
1226 1695 1312 1757 Man·

133 1800 229 1860 simus
252 1806 353 1860 autem
377 1816 446 1858 com
469 1798 566 1858 classe
588 1798 619 1856 in
641 1797 692 1857 illo
716 1805 804 1876 portu
828 1799 965 1877 pluribus
989 1800 1095 1861 diebus
1111 1805 1240 1879 propter
1258 1816 1311 1858 nc·

134 1905 213 1981 gotia
237 1903 409 1963 institorum
430 1907 471 1973 et
497 1900 706 1961 liberationem
740 1903 941 1980 captivorum,
975 1903 1030 1964 sed
1053 1910 1085 1964 ct
1105 1905 1164 1982 ipsi
1194 1903 1313 1981 patroni

133 2007 268 2091 interae
292 2005 380 2068 divisi
404 2010 506 2074 erant,
531 2010 562 2064 et
584 2003 675 2081 aliqui
690 2005 832 2065 volebant
855 2006 984 2066 classem
1000 2006 1076 2068 solvi
1092 2009 1197 2079 citius,
1221 2007 1312 2085 aliqui

134 2102 249 2169 tardius
273 2108 414 2169 dicebant
436 2107 628 2180 solvendam,
658 2127 719 2169 uno
750 2108 851 2168 autem
882 2107 1073 2170 discordante
1104 2114 1221 2189 cogitur
1249 2116 1312 2191 tota

132 2211 238 2273 classis
261 2228 402 2283 manere,
426 2218 456 2270 et
478 2210 561 2272 nullo
586 2211 675 2271 modo
699 2211 789 2271 audet
812 2229 870 2271 una
894 2213 978 2288 galea
997 2205 1063 2272 sine
1087 2214 1144 2274 alia
1166 2212 1311 2274 recedere

134 2313 302 2380 secundum
324 2314 408 2389 leges
431 2308 636 2374 Venetiarum.
675 2313 780 2373 Stante
804 2320 905 2373 autem
929 2314 1027 2374 classe
1049 2315 1089 2374 ibi
1112 2317 1144 2375 in
1167 2317 1228 2375 otio
1253 2331 1311 2390 ego

134 2419 166 2477 in
188 2417 420 2495 peregrinorum
449 2415 568 2493 galeam
600 2415 677 2475 redii
713 2413 875 2475 etmultas
898 2423 1077 2494 pervagatus
1102 2435 1169 2478 som
1191 2419 1312 2478 interim

94 2595 100 2600 g
134 2521 292 2598 regiones,
316 2524 350 2579 ut
372 2519 499 2599 promisi
522 2535 614 2596 supra
637 2517 688 2577 iol.
715 2514 786 2581 132.
817 2519 854 2578 Et
869 2519 939 2595 quia
963 2518 1071 2578 eodem
1095 2519 1186 2581 modo
1209 2537 1311 2580 reces-

133 2641 185 2685 sus
208 2625 344 2685 omnium
377 2623 531 2700 galearum
553 2621 603 2694 fit,
628 2621 706 2682 ideo
737 2621 790 2681 sub
806 2639 949 2694 ,recessu
970 2623 1059 2682 unius
1087 2623 1192 2701 galeae
1220 2623 1312 2682 totius

133 2728 238 2789 classis
261 2728 445 2789 solutionem
468 2724 734 2804 comprehendam.

133 3026 307 3113 Recessus
347 3027 489 3098 navium
515 3025 579 3098 de
619 3028 725 3115 portu
768 3023 1008 3098 Alexandrino
1052 3029 1086 3098 et
1131 3029 1313 3097 ventorum

517 3145 523 3151 ’
608 3147 833 3236 adjutorium.
861 3142 889 3170 ³

220 3367 331 3439 Quinta
362 3352 428 3436 die,
461 3371 624 3442 antequam
651 3365 860 3434 illucesceret,
894 3364 1074 3442 inceperunt
1097 3364 1312 3442 gubernatores

124 3472 239 3534 ‘classis
253 3477 292 3531 et
315 3470 436 3529 navium
463 3467 611 3547 praelecti
635 3468 766 3533 clamare
789 3472 820 3525 et
844 3467 1018 3527 marinarios
1042 3465 1078 3526 ad
1101 3466 1218 3529 labores
1242 3468 1312 3529 bor·

133 3550 199 3637 tari.
245 3573 321 3649 Cum
345 3571 527 3631 clamoribus
552 3577 653 3631 autem
685 3568 780 3629 solitis
797 3568 962 3628 ‘trahebant
991 3587 1112 3651 sorsum
1144 3577 1312 3642 accatones‚

135 3676 308 3756 epidromos
339 3682 370 3734 et
402 3673 503 3744 dnlos,
543 3673 681 3757 colligata
709 3673 741 3732 in
768 3689 875 3733 eorum
905 3673 1058 3742 antennis,
1090 3673 1312 3751 subtractisque

134 3780 253 3860 scaphis
263 3760 272 3803 .·
283 3785 324 3839 et·
347 3778 455 3838 solutis
480 3777 575 3860 ⁸spiris
609 3781 640 3836 et
666 3776 826 3854 promesiis
860 3780 891 3835 et
920 3774 1062 3835 transillis
1097 3794 1151 3853 pro
1181 3775 1262 3836 sorti.
1282 3782 1314 3837 et

134 3881 247 3945 salubri
269 3883 431 3963 spiramine
454 3897 560 3942 omnes
584 3878 828 3940 sollicitabantur.
873 3870 1065 3941 Fuitauten'r
1095 3885 1167 3964 tune
1191 3879 1312 3958 quidam

133 3994 242 4051 ventus
264 3987 396 4048 lateralis
420 3985 565 4063 tepidior,
594 3985 643 4044 cui
678 3982 728 4043 dio
752 3971 932 4054 differebant
959 3982 1027 4044 vela
1051 3986 1243 4045 committere
1274 3985 1312 4044 ti-

134 4096 264 4163 mentes,
287 4109 326 4151 ne
350 4091 439 4150 nimis
464 4093 568 4149 contra
583 4087 741 4166 Syriacum
763 4104 845 4170 mare
868 4086 1039 4166 impelleret
1062 4088 1201 4148 classem.
1233 4084 1313 4147 Tan*

133 4192 206 4255 dem
217 4190 331 4256 'annm
352 4192 461 4260 solutis
475 4191 612 4278 velorum
626 4191 817 4270 ligaminibus
832 4208 903 4254 mox
915 4190 1046 4252 labentia
1060 4190 1129 4253 vala
1149 4188 1313 4269 implentur
