2874 4770
668 166 753 245 bib

117 366 207 432 qnam
231 347 303 415 ielix
323 356 407 423 terra
427 357 459 412 et
480 349 678 428 ielicesgejus
701 343 933 425 inhabitatores,
968 368 1039 415 nam
1062 354 1180 418 insulae
1201 356 1296 418 virtus

117 457 257 534 uirisque
281 455 447 534 temperies
470 460 581 516 terram
604 473 659 516 sua
682 461 789 537 sponte
812 455 988 535 frugiferam
1011 458 1200 539 ultraquam
1224 462 1296 523 satis

118 571 166 625 est
189 562 286 625 reddit
308 565 374 623 sine
397 563 555 624 hominum
577 546 680 624 labore
705 581 739 623 ac
755 563 971 637 sollicitudine,
996 572 1066 627 sunt
1088 566 1129 626 ibi
1152 582 1297 642 aquarum

118 666 218 728 tontes
241 670 415 748 permagni,
439 670 606 747 exquibus
631 648 740 746 parlim
764 686 858 748 aquae
884 670 997 731 calidae
1021 671 1057 733 ad
1081 691 1171 733 nsum
1193 670 1295 733 balne-

117 783 203 834 orum
226 775 263 836 ad
295 772 504 852 curandosque
537 771 658 834 morbos
683 781 822 846 manant,
856 776 977 853 partim·
995 778 1111 836 summa
1135 774 1295 838 dulcedine

116 876 258 956 trigidae,
284 895 360 956 quae
384 876 421 937 ad
443 860 649 938 valetudinem
673 864 841 939 conferunt.
889 876 937 938 CL
960 897 1054 941 annos
1077 881 1198 942 vivunt:
1229 864 1296 942 mos

116 986 164 1040 est
186 982 230 1041 eis
254 981 290 1042 ad
313 988 428 1042 certam
451 998 550 1058 usqne
572 988 702 1042 aetatem
724 972 843 1054 vivere,
870 1000 929 1061 qua
951 989 1075 1061 peracta
1104 985 1216 1044 variam
1239 984 1295 1045 sibi

115 1093 244 1147 mortem
268 1092 383 1166 spoute'
401 1088 607 1148 constituunt:
635 1087 793 1174 ›Ocanima
817 1095 864 1149 est
887 1088 966 1167 apud
990 1106 1043 1148 eos
1065 1086 1173 1158 herba,
1205 1065 1297 1166 supra

118 1177 208 1268 quam
231 1186 348 1269 siquis
369 1188 488 1267 jaceat,
515 1186 554 1251 'in
578 1209 703 1252 suavem
734 1190 882 1252 deductus
906 1210 1046 1252 somnum
1070 1193 1204 1252 moritur.
1249 1188 1296 1253 Ad

116 1295 193 1355 hanc
215 1295 447 1372 proficiscuntur
468 1294 632 1374 Aethiopes
656 1297 793 1357 maximis
817 1315 887 1357 cum
909 1296 1070 1375 periculis,
1094 1302 1125 1356 et
1148 1294 1220 1356 dum
1243 1293 1295 1366 ad·

115 1400 268 1472 venerint,
290 1400 449 1458 aestimant
472 1416 505 1458 se
529 1397 655 1477 adeptos
678 1398 907 1462 beatitudinem.

204 1501 301 1562 Aliam
322 1503 453 1562 insulam
476 1519 615 1580 magnam
639 1503 669 1562 in
692 1519 807 1563 oceano
831 1520 900 1562 esse
924 1509 1083 1577 asserunt,
1113 1521 1173 1564 non
1197 1504 1296 1569 minus

117 1608 217 1687 priore
240 1607 380 1689 felicem,
405 1607 594 1668 saluberrimi
617 1610 695 1668 alaris
718 1600 885 1686 glebaequc
904 1597 1058 1688 optimae,
1091 1626 1182 1687 quam
1205 1610 1297 1670 etiam

117 1712 289 1792 paradisum
313 1713 473 1792 putabant,
507 1712 545 1774 dc
569 1730 627 1791 qua
650 1711 729 1773 Libr.
755 1711 803 1772 Vl.
829 1712 978 1794 Diodorus
1002 1713 1144 1791 loquitur.
1191 1713 1297 1774 Sicci

117 1816 230 1878 insulas
259 1816 426 1879 fortunatas
448 1803 642 1877 beatitudinis
672 1816 738 1876 lo‘ca
762 1834 831 1876 csse
852 1806 1059 1887 crediderunt,
1092 1825 1122 1879 et
1146 1818 1184 1879 ob
1207 1818 1295 1906 uber·

117 1921 211 1982 tatem
241 1941 341 1984 rerum
364 1922 545 1984 Fortunatae
576 1929 647 1983 sunt
680 1914 920 2000 cognominatae.
968 1921 1031 1983 llae
1067 1923 1148 1982 enim
1178 1920 1296 1982 insulae

118 2027 256 2087 omuibus
280 2030 471 2108 propinquis,
490 2039 564 2088 'non
587 2028 686 2088 solum
710 2029 818 2106 priscis
851 2026 905 2088 sed
929 2029 1021 2088 eliam
1043 2027 1154 2087 uostris
1177 2033 1296 2105 tempo·

117 2131 216 2203 ribus,
240 2133 372 2194 bonitate
397 2134 469 2206 soli,
492 2134 629 2194 locorum
652 2134 834 2194 amoenitate
859 2137 889 2190 ct
912 2131 1101 2202 salubritate,
1126 2130 1204 2191 aeris
1227 2127 1294 2190 ieli-

118 2237 208 2297 citate
231 2243 400 2315 praestant,
424 2239 481 2309 ita,
506 2235 589 2314 quod
609 2253 681 2297 vere
705 2235 811 2296 ielices
833 2235 1001 2313 beataeque
1018 2233 1079 2295 dici
1094 2240 1216 2313 queant.
1248 2231 1296 2295 ln·

117 2358 211 2418 super
233 2339 317 2399 Plato
340 2340 496 2419 paradisos
527 2340 628 2418 posuit
651 2338 799 2416 quosdam
832 2338 936 2398 hortos
959 2337 1060 2409 lovis,
1094 2344 1126 2397 ut
1149 2337 1296 2399 Eusebius

118 2443 156 2504 de
193 2460 329 2521 praepar.
368 2461 473 2522 evang.
507 2441 592 2505 ·Libr.
620 2440 668 2504 12.
700 2442 732 2503 C.
757 2438 786 2504 6.
828 2445 920 2521 ponit.
956 2443 1003 2504 ,Ει
1039 2443 1134 2504 mulla
1170 2444 1218 2503 his
1255 2444 1316 2503 si··

118 2546 200 2607 milia
224 2548 409 2616 invenimus,
433 2555 463 2608 et
486 2548 555 2634 qnia
579 2547 684 2619 Creta,
708 2546 746 2607 de
771 2564 829 2623 qua
844 2537 944 2607 sermo
960 2546 1207 2626 estusmgnlaris
1232 2551 1298 2608 erat

119 2648 245 2710 deorum
269 2650 425 2720 habitatio,
450 2648 488 2710 de
512 2668 570 2728 qua
593 2649 716 2711 utilibus
740 2651 856 2727 legibus
879 2649 1025 2710 mundum
1049 2651 1201 2728 regebant,
1229 2667 1297 2712 eam

117 2761 237 2814 veteres
261 2754 432 2834 paradisum
456 2754 663 2815 aestimabant.
709 2754 792 2814 llaec
815 2754 912 2814 insula
936 2753 995 2814 tale
1018 2753 1113 2815 fertur
1135 2757 1166 2814 in
1185 2751 1296 2816 'fabulis

119 2856 263 2922 habuisse
277 2860 404 2919 initium.
435 2860 514 2920 Dum
532 2858 639 2920 Gracci
657 2856 823 2937 aTrojanis
838 2859 925 2920 bellis
942 2861 1091 2920 continuis
1107 2865 1297 2939 urgerentur,

119 2963 226 3025 Graeci
249 2982 441 3027 uxores-suas
466 2969 498 3026 in
521 2983 588 3026 earn
611 2948 756 3037 insulam,
781 2983 857 3044 quae
875 2964 971 3026 adbuc
986 2944 1098 3027 inculta
1114 2971 1145 3024 et
1163 2964 1296 3029 nondum

115 3067 279 3130 inhabitata
313 3075 392 3141 erat,
414 3069 652 3144 transtulemnl.
698 3068 787 3130 Bello
816 3051 926 3130 autem¹
946 3069 1058 3132 diutius
1081 3065 1207 3130 durante
1230 3068 1295 3131 ioe-

118 3173 216 3234 miuae
240 3192 294 3254 pro
324 3175 395 3234 viris
429 3175 608 3235 anhelabant
642 3181 672 3234 ct
701 3164 966 3252 impatientissime
995 3191 1113 3238 eorum,
1130 3175 1297 3235 absentiam

117 3276 285 3338 tolerabant
316 3277 433 3356 diisque
457 3296 491 3339 se
515 3276 704 3341 devovebant
726 3269 886 3356 precautes
910 3296 964 3357 pro
988 3273 1206 3338 consolatione.
1248 3277 1296 3338 Dii

118 3399 190 3460 vero
215 3402 270 3462 pro
287 3384 455 3443 calamitate
472 3381 610 3444 muliebri
633 3384 749 3442 miserti
773 3384 804 3441 in
827 3375 1206 3468 insulamydescenderunt
1229 3398 1296 3442 eas·

118 3503 176 3564 qua
199 3487 345 3546 mulieres
369 3503 475 3545 omnes
498 3486 783 3564 impraeguaveruut
808 3490 839 3543 et
861 3483 938 3556 lilios
962 3502 996 3544 ac
1017 3482 1093 3545 filias
1117 3490 1296 3563 genuerunt.

117 3591 215 3653 Finito
249 3590 364 3671 praelio
389 3587 495 3649 Graeci
530 3606 600 3649 suas
633 3605 743 3669 uxores
781 3579 1015 3665 reacceperunt,
1054 3570 1297 3667 derelinquentes

117 3714 228 3777 pueros
251 3699 369 3774 genitos
392 3697 422 3755 iu
445 3693 556 3766 insula,
582 3697 632 3773 qui
656 3695 782 3774 pessimi
806 3693 946 3759 homines
966 3693 1037 3767 iacti
1060 3701 1139 3766 sunl,
1162 3696 1206 3756 uti
1229 3713 1296 3774 ger·

116 3819 186 3862 men
210 3800 391 3862 daemonum
415 3798 559 3860 mundum
583 3802 788 3863 turbaverunt.
836 3799 911 3860 Nam
936 3798 978 3860 dii
998 3800 1063 3872 isti,
1098 3807 1200 3877 patres
1225 3797 1297 3860 Gre-
1347 3820 1348 3823 ¹

116 3907 264 3977 tensium,
287 3924 347 3966 uon
372 3907 421 3969 alii
444 3908 503 3967 nisi
526 3905 635 3968 diaboli
658 3907 754 3970 inisse
769 3908 888 3986 probari
910 3912 1012 3985 potest
1035 3924 1070 3972 ex
1094 3924 1178 3968 sacra
1202 3907 1296 3986 scrip·

117 4015 200 4082 tura,
236 4029 313 4089 quae
336 4013 411 4074 dicit
433 4011 470 4073 ad
494 4010 595 4073 Titum
620 4013 692 4093 Cap.
720 4009 753 4074 1:
794 4012 957 4073 Cretenses
980 4014 1103 4092 semper
1124 4010 1297 4083 mendaces,

119 4111 214 4173 malae
228 4114 364 4188 bestiae,
386 4125 513 4180 ventres
528 4118 614 4196 pigri.
647 4116 734 4190 Quod
749 4115 861 4177 dictum
877 4115 1073 4196 Epimenides
1088 4121 1175 4195 poeta
1194 4122 1297 4177 contra

120 4214 418 4295 Cretensesiutulit,
443 4229 475 4283 et
499 4222 529 4282 S.
547 4222 656 4285 Paulus
674 4200 762 4282 idem
785 4223 929 4293 assumit,
953 4221 1075 4281 dicens:
1099 4236 1169 4280 esse
1191 4236 1297 4280 vemm

1040 4333 1112 4388 18*
