2902 4710
1136 1142 1193 1173 ,ὺ-

1145 1174 1230 1241 ,Ο

1173 1256 1180 1265 .

89 1465 90 1469 ¹
133 1492 186 1565 De
214 1491 360 1564 termino
387 1488 519 1560 deserti
545 1491 581 1559 et
597 1486 695 1559 initio
718 1488 835 1558 terrae
853 1434 1011 1574 Aegypti
1029 1488 1065 1556 et
1087 1483 1133 1556 de
1152 1483 1314 1572 ingressu

132 1616 398 1707 peregrinorum
423 1612 459 1683 in
485 1611 705 1700 Aegyptum,
740 1608 786 1681 de
812 1608 968 1680 Matarea
1001 1610 1037 1680 et
1063 1605 1196 1690 Busiri‚
1232 1602 1315 1675 villa

159 1736 272 1826 prima
297 1734 469 1824 Aegypti,
497 1737 532 1805 et
559 1731 605 1804 de
632 1731 870 1805 consolatione
895 1733 1015 1802 nostra
1041 1729 1078 1799 in
1104 1728 1172 1799 hoc
1197 1725 1287 1797 loco.

241 1943 334 2015 Sexto
367 1951 433 2024 die,
466 1956 617 2012 transacta
645 1947 745 2010 media
777 1955 883 2021 nocte,
913 1945 1097 2010 aMaffracb
1120 1948 1314 2017 recessimus,

138 2064 246 2119 euntes
268 2074 325 2135 per
347 2060 466 2116 arentes
482 2071 598 2114 arenas.
629 2051 738 2124 Porro,
761 2053 873 2131 inipso
889 2051 1069 2130 crepusculo
1085 2050 1190 2112 incidit
1204 2048 1315 2110 nebula

133 2161 232 2239 spissa
254 2176 324 2219 cum
346 2155 541 2234 frigidissimo
564 2163 669 2227 vento,
693 2157 807 2232 inquo
830 2156 981 2215 sensimus
1005 2172 1060 2215 nos
1083 2155 1114 2213 iu
1131 2150 1211 2214 aliud
1225 2151 1315 2210 clima

134 2263 265 2324 venisse.
311 2257 384 2319 Post
406 2257 479 2317 solis
503 2263 603 2317 ortum
624 2255 746 2334 repulsa
770 2263 817 2316 est
839 2255 949 2317 nebula
973 2264 1004 2316 et
1026 2259 1163 2317 venimus
1195 2254 1231 2316 ad
1257 2255 1316 2315 alia

135 2362 276 2423 sabulosa
298 2365 439 2420 montana
462 2356 591 2428 mobilia,
613 2358 731 2418 noviter
752 2356 823 2416 illuc
844 2375 900 2436 per
922 2365 1045 2419 ventum
1062 2357 1187 2434 adjecta,
1211 2363 1241 2418 et
1258 2359 1315 2417 cir·

135 2462 267 2526 cumdati
289 2479 393 2523 sumus
417 2478 508 2521 arena
531 2466 570 2533 et,
594 2462 620 2520 si
635 2459 845 2520 habuissemus
860 2461 900 2520 ibi
916 2467 1130 2540 tempestatem
1146 2467 1177 2522 et
1191 2466 1316 2522 ventum
1392 2510 1403 2519 .

136 2567 334 2638 contrarium,
358 2565 456 2625 coacti
480 2563 645 2625 fuissemus
668 2561 766 2624 redire
797 2565 829 2623 in
858 2563 1026 2637 desertum,
1059 2567 1138 2626 sicut
1167 2579 1315 2644 persaepe

134 2670 175 2731 ibi
199 2670 373 2747 contingere
397 2666 493 2737 solet,
525 2672 558 2726 ut
586 2665 779 2727 dictumest.
824 2667 878 2727 Est
902 2669 982 2728 enim
1006 2671 1037 2730 iu
1060 2670 1127 2730 loco
1149 2667 1202 2728 illo
1226 2681 1316 2726 arena

134 2772 253 2834 mobilis
278 2778 309 2832 et
333 2768 440 2841 fluida,
469 2771 548 2831 sicut
571 2776 617 2830 est
640 2771 740 2848 ipsum
762 2787 845 2831 mare
868 2789 1036 2834 arenamm.
1081 2772 1181 2833 Arena
1209 2772 1240 2831 iu
1263 2771 1315 2830 illo
1427 2840 1432 2848 ι

133 2874 201 2937 loco
223 2873 381 2936 ridebatur
402 2872 569 2944 mineralis‚
594 2874 665 2950 quia
687 2873 775 2951 plena
798 2883 863 2935 erat
886 2878 984 2936 aureis
1000 2875 1140 2937 arenulis.
1174 2873 1314 2935 Pertran-

139 2981 264 3041 sivimus
279 2985 381 3039 autem
395 2978 462 3038 loca
477 2976 527 3037 illa
543 2993 669 3038 arenosa
686 2995 755 3037 cum
766 2980 990 3057 tranquillitate,
1006 2981 1200 3059 posttergatis
1213 2984 1315 3038 autem

137 3083 290 3144 montibus
313 3083 380 3141 istis
403 3083 513 3141 iterum
535 3082 567 3141 in
589 3080 770 3142 latissimum
793 3083 929 3142 sterilem
958 3100 1098 3161 campum
1129 3081 1314 3151 devenimus,

137 3202 308 3265 perquem
340 3191 466 3262 repente
495 3186 719 3262 processimus,
747 3185 838 3245 finem
868 3183 933 3262 ejus
964 3186 1191 3265 praestolantes.
1236 3183 1314 3243 Ecce

135 3294 254 3360 aulem,
278 3286 511 3366 procedentibus
534 3286 619 3347 nobis
641 3289 672 3346 in
695 3287 755 3348 alto
778 3306 885 3367 campo
909 3287 1038 3350 vidimus
1061 3289 1149 3366 longe
1167 3287 1243 3347 inira
1258 3303 1313 3346 nos

135 3407 173 3452 cr
196 3393 335 3471 opposito
358 3391 389 3450 iu
411 3386 568 3468 regionem
592 3391 715 3451 alterius
738 3397 875 3462 naturae,
910 3392 1032 3452 alterius
1055 3391 1260 3469 dispositionis
1283 3395 1314 3449 et

133 3492 265 3565 formae,
290 3492 326 3553 ad
349 3509 440 3570 quam
462 3492 520 3551 ista
544 3493 655 3552 sterilis
679 3499 710 3554 et
732 3497 904 3556 vastissima
925 3494 1026 3555 linitur
1043 3494 1183 3555 solitudo.
1229 3492 1312 3554 Vidi·

137 3615 207 3657 mus
223 3597 304 3656 enim
319 3603 436 3674 partem
452 3603 552 3657 terrae
574 3593 719 3674 Aegypti,
742 3605 841 3658 terrae
857 3598 1038 3669 habitabilis,
1062 3600 1093 3658 in
1109 3617 1167 3677 qua
1182 3599 1312 3661 vidimus

134 3705 233 3760 terrae
256 3700 411 3760 nascentia
434 3698 624 3760 diversorum
648 3716 794 3776 genemm
810 3707 840 3761 et
856 3719 999 3779 aquamm
1016 3699 1153 3772 flumina,
1176 3704 1313 3763 civitates

134 3808 166 3862 ct
189 3802 316 3880 villagia.
361 3799 514 3879 Aspectus
539 3807 640 3862 autem
654 3801 705 3862 ille
720 3802 864 3881 gaudium
879 3807 994 3883 pariter
1008 3812 1039 3864 et
1054 3813 1210 3884 stuporem
1226 3807 1312 3867 nobis

132 3904 270 3965 incussit.
317 3901 466 3964 Gaudium
489 3902 624 3982 quidem,
656 3907 726 3982 quia
754 3905 883 3966 vidimus
914 3907 1005 3968 linem
1027 3907 1176 3970 horribilis
1199 3907 1312 3970 deserti

134 4011 166 4068 et
188 4006 352 4089 homiuum·
366 4005 566 4068 habitationes
590 4012 622 4066 et
637 4024 781 4086 aquamm
798 4011 916 4087 copiam
931 4016 962 4071 et
977 4010 1034 4071 alia
1054 4012 1161 4085 multa,
1185 4031 1313 4091 quarum

135 4112 268 4174 omentm
289 4110 377 4174 nobis
400 4108 499 4172 iuerat
520 4110 618 4190 gravis
642 4128 698 4190 per
720 4129 866 4175 eremum.
912 4114 1075 4193 Stuporem
1098 4123 1215 4188 autem,
1242 4117 1313 4196 quia

672 4326 775 4430 lo·
