2874 4770
663 139 728 211 146

108 329 234 388 nitatem
256 323 374 384 illorum
396 318 664 382 Alexandrinorum
689 318 861 387 habuimus,
885 312 966 393 quod
986 331 1047 374 non
1069 312 1207 373 sinerent
1230 327 1289 370 nos

109 426 332 496 indefectam,
365 427 415 504 qui
438 430 559 503 praesto
591 427 670 493 erat,
706 421 819 482 venire.
863 416 912 478 Ad
943 416 1064 497 pulsum
1087 419 1290 515 accurrerunt

109 533 201 611 aliqui
223 549 317 611 prope
340 535 459 610 portam
482 525 667 596 residentes,
699 528 880 601 quaerentes
911 520 949 580 de
981 534 1071 580 causa
1092 516 1289 596 pulsationis,

1 659 3 672 ·
110 652 169 716 qua
192 637 325 714 exposita
347 634 540 713 praebuimus
564 631 608 689 eis
633 627 748 705 aliquos
772 625 908 686 madinos
939 641 994 702 per
1024 623 1167 701 spatium,
1202 622 1290 701 quod

110 745 157 802 est
178 740 257 799 inter
279 745 384 817 portae
406 738 506 799 valvas
530 739 561 793 ct
584 740 696 792 terram
718 730 767 791 vel
790 730 899 798 limen,
923 733 1091 805 precautes,
1113 733 1149 787 ut
1173 745 1288 805 aquam

108 849 140 905 et
161 836 270 922 panem
294 841 452 912 afferrent3
487 844 551 898 erat
584 837 665 895 euim
698 841 816 894 tautum
850 833 980 913 spatium
1012 833 1092 891 iuter
1123 829 1222 891 limen
1258 838 1289 892 et

106 946 227 1018 valvas,
252 945 333 1024 quod
356 947 447 1006 etiam
468 941 626 1020 amphoras
651 945 682 999 et
704 937 853 998 llascones
877 943 959 997 extra
981 937 1134 1014 porrigere
1160 941 1286 1014 potera·

107 1072 184 1114 mus.
230 1051 371 1131 Acceptis
396 1068 467 1128 ergo
489 1048 626 1128 pecuniis
640 1052 681 1115 ,et
704 1044 855 1122 amphoris
879 1045 1074 1121 portaverunt
1095 1038 1182 1100 nobis
1208 1057 1285 1118 gen·

106 1158 176 1218 tiles
209 1156 253 1217 illi
285 1173 394 1234 panes,
428 1150 483 1212 sed
521 1148 652 1219 calidos,
687 1154 827 1208 recenter
859 1147 897 1207 de
930 1145 1053 1206 fornace
1084 1150 1230 1222 acceptos
1256 1149 1287 1203 et

108 1261 266 1340 amphoras
301 1276 396 1336 aquae
420 1263 451 1316 et
481 1251 655 1332 sportellam
686 1270 755 1312 cum
784 1250 911 1329 dactylis
933 1251 1100 1330 palmarum
1121 1249 1285 1310 fructibus.

106 1363 247 1425 Sedimus
271 1380 343 1441 ergo
367 1366 398 1420 et
421 1357 547 1438 quilibet
570 1355 722 1417 modicum
745 1355 783 1416 de
807 1356 913 1416 oblatis
936 1355 1054 1432 accepit
1076 1358 1107 1413 et
1122 1351 1286 1412 confortati

106 1484 221 1538 sumus,
245 1464 299 1526 sed
322 1463 404 1523 nullo
429 1461 518 1521 modo
542 1462 683 1534 saturati,
708 1478 826 1522 eramus
843 1461 924 1520 enim
938 1458 1071 1519 famelici
1085 1458 1164 1517 sicut
1181 1473 1284 1526 canes,

105 1568 249 1631 sitibundi
264 1569 343 1628 sicut
360 1567 449 1636 cervi,
474 1570 504 1624 et
519 1565 682 1643 praedictis
697 1567 797 1644 potius
812 1566 978 1643 appetitum
993 1555 1175 1644 irritavimus
1191 1576 1285 1638 quam

107 1674 320 1742 saturavimus,
351 1670 426 1748 grati
449 1675 553 1729 tamen
573 1669 684 1729 luimus
708 1668 746 1728 de
768 1671 882 1748 pietate
906 1668 1095 1729 ethnicorum
1118 1667 1284 1745 etgratis-

108 1779 177 1839 simi
200 1775 238 1837 de
261 1776 366 1853 requie
391 1779 421 1833 et
439 1773 652 1858 locquiuetis,
676 1773 785 1834 inclusi
809 1774 889 1832 enim
912 1771 1024 1832 luimus
1046 1771 1078 1829 in
1099 1770 1169 1830 loco
1192 1787 1284 1831 secu-

106 1881 226 1940 rissimo
251 1885 281 1938 et
303 1875 434 1946 mundo,
457 1892 515 1936 nec
537 1883 712 1954 poteramus
737 1876 841 1955 egredi
864 1877 911 1937 vel
936 1874 1053 1954 ingredi
1075 1881 1218 1936 sinemo
1245 1873 1286 1934 ad

107 2000 163 2043 uos
185 1983 289 2043 venire
312 1986 444 2060 poterat,
468 1996 485 2037 a
507 1985 592 2058 parte
615 1987 717 2040 tamen
738 1979 859 2041 dextera
871 1979 956 2056 juxta
971 1987 1088 2060 portam
1102 1979 1283 2041 interiorem

106 2083 250 2145 ostiolum
273 2089 409 2162 apertum
424 2083 564 2143 relictum
586 2083 656 2156 fuit,
681 2102 735 2162 per
758 2083 918 2162 quoderat
934 2086 1076 2145 transitus
1092 2085 1124 2144 iu
1139 2086 1283 2163 spatium,

107 2187 190 2268 quod
213 2194 259 2247 est
281 2189 359 2248 intra
383 2205 502 2247 murum
536 2187 629 2247 altum
662 2189 838 2249 interiorem
868 2189 995 2252 civitatis
1027 2195 1058 2248 et
1091 2189 1283 2260 exteriorem,

107 2295 158 2372 qui
181 2310 217 2354 ex
239 2292 359 2354 fossatis
383 2285 610 2371 consurgit,'et
632 2295 665 2354 in
686 2296 745 2355 isto
770 2295 881 2355 ambitu
906 2297 1079 2374 poteramus
1103 2289 1141 2356 ad
1156 2291 1284 2370 longum

106 2400 236 2478 spatium
258 2399 302 2458 ire
325 2399 355 2457 in
379 2415 451 2476 gyro
467 2399 546 2458 iuter
560 2382 723 2477 utrumque
740 2416 860 2459 murum
874 2403 905 2458 ct
920 2415 974 2476 per
988 2400 1107 2458 moenia
1121 2399 1151 2457 in
1166 2396 1285 2459 fossata

104 2479 265 2584 respicere
284 2511 315 2565 et
337 2522 428 2582 supra
458 2521 578 2564 murum
606 2505 787 2565 exteriorem
818 2500 983 2562 ascendere
1015 2503 1047 2562 in
1075 2499 1220 2562 fortalitia
1251 2505 1285 2562 et

105 2616 204 2671 turres
228 2608 357 2686 aliquas,
391 2610 469 2669 sicut
504 2615 535 2667 et
556 2606 624 2667 ieci.
671 2606 768 2667 Credo
803 2612 919 2678 autem,
952 2605 1032 2684 quod
1063 2606 1101 2667 de
1133 2604 1285 2667 industria

104 2712 206 2773 locum
228 2710 312 2771 illum
333 2717 471 2789 apertum
493 2711 578 2769 uobis
602 2711 791 2788 reliquerint,
822 2729 861 2771 ne
885 2727 977 2789 opere
1001 2710 1191 2770 necessitatis
1215 2709 1283 2769 loe-

106 2795 247 2876 daremus
271 2830 463 2873 communem
493 2814 651 2872 transitum
673 2814 751 2872 inter
774 2812 847 2874 duas
871 2821 982 2893 portas.
1030 2814 1104 2874 Cum
1127 2830 1285 2891 ergonox

101 2915 167 2994 jam
189 2921 286 2987 esset,
320 2916 358 2977 ad
386 2913 604 2994 quiescendum
632 2933 689 2975 nos
712 2915 878 2978 locavimus
902 2925 933 2979 et
956 2919 1144 2997 quietissime
1167 2917 1283 2979 dormi-

105 3021 217 3092 vimus,
240 3037 298 3080 nec
320 3020 377 3080 fuit
398 3019 489 3104 homo
511 3018 542 3076 in
565 3019 696 3079 turribus
721 3027 771 3080 aut
794 3025 904 3094 muris,
928 3024 979 3102 qui
995 3040 1050 3082 nos
1065 3022 1170 3099 quovis
1188 3020 1282 3082 modo

104 3122 295 3211 molestaret,
318 3124 563 3202 recuperavimus
587 3124 617 3181 in
639 3123 690 3184 illa
704 3130 795 3185 nocte
812 3124 1002 3199 dormiendo,
1028 3123 1173 3205 quidquid
1187 3141 1283 3204 super

104 3225 205 3287 Nilum
226 3228 397 3305 praeteritis
420 3225 559 3287 noctibus
581 3226 767 3305 negleximus
790 3229 950 3308 vigilando.

106 3441 282 3515 Scrutatio
318 3442 583 3532 peregrinorum
626 3446 691 3517 sub
733 3451 835 3536 porta
876 3447 1115 3522 Alexandriae
1157 3449 1205 3519 et·
1224 3447 1279 3520 in·

436 3586 577 3655 gressus
606 3588 726 3642 eorum
753 3571 789 3642 in
815 3571 947 3643 urbem.

192 3734 342 3795 Vicesima
365 3741 470 3811 quarta
493 3735 557 3809 die,
590 3756 659 3798 cum
682 3738 745 3799 dies
779 3737 939 3810 illuxisset,
972 3737 1197 3816 composuimus
1227 3753 1279 3797 res

104 3845 222 3899 nostras
246 3847 277 3900 et
297 3857 403 3901 saccos
436 3858 470 3900 ac
493 3849 612 3918 sportas
643 3845 808 3920 aptavimus
841 3851 871 3905 et
894 3844 997 3904 resin
1021 3844 1082 3914 eis,
1105 3846 1278 3901 utscruta·

102 3948 185 4002 tores
208 3942 280 4003 nihil
303 3944 429 4021 pretiosi
451 3945 620 4004 invenirent
641 3948 672 4005 in
696 3964 749 4007 ore
771 3948 1032 4014 reservaculorum
1062 3950 1093 4004 et
1122 3943 1166 4005 illi
1188 3924 1277 4022 pere·

103 4047 188 4123 grini,
213 4049 264 4124 qui
279 4046 426 4107 habebant
442 4048 596 4125 pecunias,
621 4050 715 4109 multa
731 4053 981 4130 excogitaverunt,
996 4056 1029 4110 ut
1049 4066 1117 4110 earn
1131 4047 1279 4110 inferrent

104 4152 170 4212 sinc
186 4153 264 4212 scitu
279 4158 311 4212 et
325 4156 397 4213 nota
406 4157 585 4230 ‚exactorum
599 4158 810 4227 scrutatorum,
824 4153 904 4215 uude
919 4153 1041 4232 quidam
1054 4155 1087 4214 iu
1102 4153 1277 4234 amphoram
