2874 4770
736 167 801 237 202

175 348 307 430 pretium
331 345 432 418 dedit,
467 349 502 405 ut
525 344 656 424 gladium
687 347 773 406 illum
797 350 928 416 emeret,
961 349 1115 421 tamquam
1143 361 1199 421 pro
1222 361 1257 403 se
1281 345 1360 422 ipso.

175 452 261 513 Emto
284 469 356 529 ergo
389 448 488 527 gladio
512 447 601 508 rediit
624 449 662 508 ad
684 450 813 510 militem
843 451 960 527 sibique
985 465 1055 508 eum
1084 449 1231 520 restituit,
1269 449 1360 510 miles

177 561 278 615 nutem
301 552 432 632 gladium
463 550 536 611 mihi
560 552 761 630 eportaudum
791 552 922 613 tradidit.
968 552 1083 630 Recepi
1113 569 1185 628 ergo
1215 552 1360 629 gladium,

168 662 207 716 -11
229 661 382 735 tamquam
403 656 479 716 nihil
502 662 656 734 portarem
678 673 734 734 per
757 673 862 715 omnes
878 661 980 733 portas
1002 655 1071 716 veni
1095 672 1191 732 usque
1208 655 1246 714 ad
1263 672 1357 727 marc,

174 761 226 823 ubi
248 760 320 821 dnm
344 759 474 837 gladium
497 759 698 839 producerem
723 765 754 820 11
777 759 864 819 miles
888 760 1055 836 acciperet,
1079 759 1209 817 accurrit
1234 757 1359 835 quidam

176 866 360 926 Sarracenos
390 869 421 924 et
445 864 608 924 conabatur
627 864 718 924 militi
740 862 859 923 auferre
883 879 1006 933 ensem,
1040 860 1096 921 sed
1118 861 1205 919 miles
1235 861 1357 922 11111-

174 970 234 1029 1111
258 971 391 1028 cucurrit
414 986 483 1029 cum
505 966 614 1046 gladio¹
628 966 666 1028 ad
688 966 806 1036 locum,
823 967 874 1027 ubi
887 966 995 1026 barcae
1010 965 1138 1035 stabant,
1166 972 1197 1025 11
1218 967 1249 1024 in
1264 983 1358 1025 unam

173 1073 291 1133 saltavit
313 1072 436 1133 barcam
467 1077 497 1131 11
522 1073 617 1132 evasit
639 1071 822 1131 Sarracenos
851 1067 992 1128 inductus
1015 1070 1046 1128 in
1070 1070 1208 1129 classem.
1254 1067 1357 1129 Aesti-

177 1177 295 1238 mabam
318 1194 368 1235 me
391 1176 573 1253 obsequium
595 1181 750 1254 praestare
774 1174 856 1245 Deo,
881 1172 1000 1251 quando
1015 1175 1100 1251 potui
1118 1172 1231 1251 aliquid
1246 1173 1356 1252 depor-

174 1287 238 1341 tare
263 1279 300 1339 de
324 1281 462 1340 manibus
477 1278 652 1351 infidelium,
677 1281 731 1358 qui
751 1276 863 1355 injusta
879 1282 908 1336 ct
922 1274 1085 1338 indiscreta
1098 1277 1220 1337 telonea
1236 1295 1252 1336 a
1268 1277 1355 1337 Chri·

174 1385 278 1445 stianis
302 1385 438 1461 exigunt,
470 1400 527 1442 neo
550 1383 588 1443 de
611 1384 669 1444 hoc
692 1382 817 1444 formavi
840 1380 915 1440 mihi
940 1383 1172 1452 conscientiam,
1196 1383 1276 1441 sicut
1299 1400 1356 1441 nec

175 1488 339 1548 formarem
362 1487 488 1547 1111111111
513 1486 753 1557 Christianitate,
777 1487 876 1545 11111
900 1482 1115 1546 ecclesiasticis
1130 1488 1270 1563 personis
1288 1505 1355 1565 per-

173 1594 305 1652 tinentes
329 1592 460 1669 possemj
475 1591 595 1651 occulte
617 1589 762 1651 inducere
784 1590 816 1650 in
830 1588 954 1658 urbem,
978 1588 1028 1649 ubi
1051 1593 1134 1648 esset
1155 1589 1354 1659 consuetudo,

175 1689 257 1775 quod
280 1696 372 1755 etiam
395 1694 432 1754 de
456 1694 564 1756 talibus
588 1696 776 1773 reciperetur
798 1694 962 1753 teloneum.
995 1688 1023 1750 A
1044 1691 1159 1751 fortiori
1182 1692 1233 1752 hic
1255 1695 1353 1770 impo-

174 1800 233 1860 sito
257 1803 359 1876 potest
379 1797 461 1869 lieri,
485 1800 555 1876 quia
575 1796 747 1859 Hostiensis
770 1799 800 1857 in
817 1797 949 1858 Summa
973 1795 1059 1867 dicit,
1084 1796 1270 1856 Christianos
1295 1815 1354 1855 non

173 1903 271 1964 teneri
293 1903 467 1962 sarracenis
490 1901 528 1962 ad
550 1884 729 1963 solvendum
745 1903 899 1962 teloneum
924 1913 981 1961 nec
997 1899 1173 1978 pedagium,
1199 1917 1270 1960 cum
1293 1918 1354 1960 non

61 1990 83 2043 Ϊ
174 2005 295 2065 subsint
318 2006 371 2064 111.

261 2108 337 2171 Cum
360 2127 431 2188 ergo
455 2109 761 2171 111111111111111111
785 2128 872 2171 sacro
888 2109 1134 2188 deportasscmus
1150 2108 1205 2180 sic,
1228 2107 1352 2168 tandem

173 2215 304 2293 regressi
333 2231 438 2274 sumus
467 2215 499 2273 iu
520 2219 659 2274 nostrum
681 2214 862 2294 hospitium,
889 2215 1004 2291 inquo
1028 2213 1170 2272 choream
1194 2212 1350 2272 chorizan-

172 2321 248 2380 tium
271 2320 425 2398 aegytiaco
440 2317 529 2378 modo
545 2319 733 2390 invenimus,
751 2311 816 2379 non
839 2324 941 2378 autem
963 2318 1063 2378 solum
1085 2318 1116 2376 in
1139 2319 1222 2377 curia
1237 2323 1350 2385 nostra,

173 2422 280 2484 sedin
302 2423 502 2485 111111111111
526 2428 609 2482 erant
626 2423 754 2483 choreae
770 2428 800 2482 et
815 2421 945 2501 tripudia
962 2421 1198 2482 Sarracenorum
1221 2421 1275 2480 1111
1291 2420 1351 2490 dic,

173 2527 244 2605 quia
266 2527 351 2603 quasi
374 2525 486 2603 pascha
509 2543 614 2586 eorum
636 2527 716 2599 erat,
741 2545 810 2587 oum
828 2525 937 2603 jejunii
960 2543 1065 2586 eorum
1087 2526 1154 2586 finis
1170 2529 1263 2584 11111.
1294 2522 1352 2583 Ρ11

172 2636 269 2690 totum
298 2630 378 2688 enim
407 2646 545 2688 mensem
574 2622 809 2715 praecedentem
838 2626 983 2690 1111111111
1016 2631 1135 2707 quietos
1159 2627 1231 2701 dies,
1251 2633 1283 2687 et
1306 2629 1350 2687 in·

173 2735 290 2811 quietas
313 2736 428 2802 noctes,
451 2736 485 2790 ut
508 2749 599 2810 supra
622 2736 727 2809 patuit,
750 2733 1349 2795 11111111111111111111111111111111111111

171 2836 320 2897 humanae
345 2834 585 2906 consuetudinis,
620 2838 779 2916 vigilantes
803 2841 833 2900 in
857 2839 904 2899 die
929 2846 960 2897 11
983 2836 1167 2897 dormientes
1192 2837 1224 2895 iu
1248 2842 1350 2905 nocte,

173 2942 205 2998 et
226 2937 295 2996 ideo
319 2935 356 2996 de
379 2938 506 2998 naturali
529 2939 633 3000 ordine
658 2950 791 3003 resumto
808 2942 975 3020 gaudebant
992 2947 1023 3001 et
1038 2939 1239 3001 chorizabant.
1271 2939 1351 3000 Cho·

172 3041 304 3101 rizantes
328 3045 428 3099 autem
450 3042 482 3101 in
505 3044 587 3102 curia
604 3052 705 3105 nostra
721 3051 807 3105 erant
822 3048 950 3122 quatuor
965 3043 1116 3121 puellulae
1132 3045 1350 3113 sarracenicae,

173 3143 211 3204 ad
232 3143 370 3221 tympani
388 3146 519 3219 sonitum
542 3145 688 3208 ducentes
712 3150 838 3210 choreas
860 3166 961 3209 coram
986 3149 1072 3208 nobis
1095 3146 1170 3208 adeo
1193 3165 1264 3207 eum
1287 3155 1350 3207 tur·

171 3247 259 3326 pibus
283 3247 561 3324 gesticulationibus
584 3258 614 3311 et
638 3251 791 3313 effrenatis
820 3253 966 3322 motibus,
1001 3251 1082 3329 quod
1110 3269 1201 3311 nemo
1231 3256 1352 3330 poterat

171 3352 321 3430 inspicere
345 3351 486 3412 choream
507 3355 596 3414 istam
620 3357 686 3415 sine
708 3357 921 3433 imaginatione
944 3371 1163 3428 venereorum,
1196 3373 1255 3415 nec
1286 3362 1352 3416 erat

171 3456 290 3532 species
315 3440 436 3517 actuum
458 3457 650 3534 turpitudinis
670 3459 758 3530 illius,
783 3457 869 3535 cujus
893 3461 1014 3535 signum
1037 3478 1096 3520 non
1119 3464 1353 3537 praesentarent

171 3558 305 3637 puellae
327 3561 404 3621 istae
441 3565 504 3622 suis
544 3563 769 3624 collusionibus.
827 3562 1036 3623 Ostendebant
1082 3560 1242 3622 manifeste
1281 3566 1349 3625 suis

170 3661 588 3741 lascivis·gesticulationibus
610 3667 806 3728 bestialitates
840 3684 965 3727 suorum
987 3674 1164 3744 parentum,
1199 3685 1272 3727 nam
1305 3686 1351 3739 ea,

172 3783 248 3845 quae
271 3766 401 3828 ludendo
417 3771 552 3847 agebant,
577 3789 594 3831 a
616 3758 679 3831 suis
701 3772 876 3850 parentibus
892 3774 936 3831 sic
960 3771 1154 3850 operantibus
1170 3768 1351 3844 didicerant,

171 3876 202 3930 et
225 3871 307 3949 quod
336 3874 470 3950 nequitia
497 3892 605 3935 senum
636 3874 844 3945 adinvenerat,
876 3875 934 3934 hoe
967 3872 1108 3951 parvulae
1145 3872 1351 3937 artificialibus

171 3974 304 4054 gestibus
320 3978 534 4057 exprimebant,
559 3984 590 4038 et
612 3977 692 4038 unde
711 3984 852 4056 parentes
877 3979 1059 4038 erubescere
1076 3978 1253 4048 debuerant,
1279 3979 1352 4040 inde

170 4078 288 4141 laudem
306 4082 498 4158 quaerebant.
529 4081 587 4141 Pro
610 4098 717 4159 magna
740 4081 821 4140 enim
843 4079 932 4141 laude
956 4087 1115 4158 parentum
1132 4081 1251 4142 videtur
1268 4100 1352 4155 esse,

170 4185 197 4247 si
218 4187 305 4264 pueri
328 4184 463 4264 gestibus
485 4183 644 4264 impudicis
668 4183 769 4246 sciant
788 4185 905 4245 animos
927 4187 1109 4246 intuentium
1132 4202 1274 4259 movere,
1308 4189 1352 4249 si·
