2874 4770
684 160 749 227 413

124 347 245 423 partem
267 337 340 418 Tyri
365 339 395 399 ei
416 335 604 399 tradiderunt
627 342 657 397 et
680 338 742 396 suis
766 334 1004 396 successoribus.
1035 333 1086 394 Sic
1101 329 1304 396 Ptolemaidae

126 445 175 508 vel
197 443 298 516 Acon,
322 442 495 522 principalis
519 443 667 511 civitatis,
692 446 808 521 partem
831 437 1043 519 possederunt.

214 548 359 622 Quamvis
376 554 477 608 autem
494 545 602 606 Veneti
617 549 783 604 sectatores
805 545 888 623 pacis
908 560 1030 622 semper
1052 545 1124 616 sint,
1148 546 1188 606 ita
1204 551 1305 608 tamen

128 652 251 716 cottidie
275 655 474 714 instrumenta
495 649 603 711 bellica
625 655 730 727 parant
762 666 817 728 pro
840 649 915 708 mari
938 655 970 708 et
991 654 1087 718 terra,
1120 666 1154 708 ac
1177 650 1203 709 si
1226 669 1305 712 nunc

129 758 168 821 ad
190 758 304 819 bellum
336 761 418 817 esset
450 752 686 833 procedendum.
732 751 779 812 Ad
811 751 889 813 latos
923 754 1003 812 enim
1027 752 1200 831 aquilonare
1224 754 1305 817 urbis

129 861 393 923 armamentarium
414 857 526 918 hahent
547 856 595 918 vel
611 856 783 927 ereheneis,
807 858 901 916 muris
925 855 992 916 altis
1016 863 1047 916 et
1070 859 1200 919 turribus
1225 863 1305 921 ciuc-

129 972 213 1037 tum,
236 966 267 1025 in
291 964 367 1024 mari
389 964 497 1034 situm,
520 966 581 1021 tam
605 960 753 1039 amplum,
777 966 810 1020 ut
832 977 893 1020 uon
915 976 1039 1037 parvum
1063 961 1206 1040 oppidum
1229 965 1306 1025 intra

129 1087 232 1133 muros
255 1071 332 1139 istos
355 1069 502 1130 contineri
525 1072 646 1147 posset,
680 1082 738 1126 nec
760 1071 844 1145 patet
875 1064 963 1125 alicui
990 1066 1146 1144 ingressus
1178 1068 1237 1127 nisi
1269 1066 1307 1128 de

129 1174 253 1235 licentia
276 1178 421 1245 senatus,
444 1172 496 1250 qui
518 1170 687 1248 hospitibus
711 1169 861 1232 nobilibus
883 1171 1054 1248 ingressum
1069 1189 1130 1230 non
1145 1169 1304 1249 denegant.

130 1277 185 1339 Fui
208 1295 265 1357 ego
288 1278 383 1338 tribus
404 1276 519 1338 vicibus
541 1276 571 1336 in
595 1293 631 1337 eo
647 1294 716 1336 cum
739 1257 887 1335 nobilibus
902 1273 1086 1335 Alemannis.
1118 1275 1308 1354 Stupendum

130 1382 269 1463 proiecto
292 1389 342 1443 est
361 1380 465 1444 ridere
489 1386 663 1460 apparatum
685 1379 827 1441 bellicum
855 1382 886 1439 in
914 1379 973 1438 hoc
1003 1382 1233 1441 armamentario
1255 1398 1307 1460 pa·

132 1494 240 1549 ratum.
285 1486 361 1548 Nam
384 1484 473 1546 facile
498 1491 529 1545 et
552 1501 656 1564 parum
681 1491 728 1545 cst
750 1490 908 1544 sexcentas
931 1489 1061 1544 armatas
1089 1483 1189 1563 galeas
1212 1502 1248 1548 ea
1272 1503 1308 1547 eo

135 1589 284 1651 archanali
306 1589 475 1669 producere
497 1587 580 1651 bidui
604 1588 746 1649 duntaxat
773 1589 870 1665 spatio
899 1589 931 1647 in
960 1604 1056 1660 mare,
1090 1595 1120 1648 ct
1143 1591 1198 1651 sub
1221 1593 1309 1652 unius

135 1692 437 1757 horulae‘interrallo
460 1692 590 1755 ducenta
614 1693 708 1753 millia
730 1694 863 1753 virorum
887 1690 1096 1770 expeditorum
1119 1692 1157 1753 ad
1179 1712 1310 1773 pugnam

135 1796 186 1859 rel
209 1803 382 1859 terrestrem
405 1793 461 1878 (la)
483 1797 531 1859 vel
551 1776 691 1858 navalem
714 1795 853 1856 omnibns
878 1797 1057 1856 necessariis
1081 1802 1111 1856 et
1134 1800 1309 1876 opportunis

136 1902 228 1963 armis
252 1916 269 1963 a
290 1902 390 1981 planta
411 1901 498 1981 pedis
521 1904 618 1980 us'quc
642 1901 678 1962 ad
701 1903 848 1963 verticem
863 1903 979 1962 munire
1003 1906 1035 1960 et
1056 1901 1216 1978 providere
1240 1920 1309 1982 pos·

134 2010 208 2066 suut
231 2003 269 2067 de
293 2009 452 2068 reservatis
475 2009 507 2067 in
529 2007 588 2067 hoc
611 2009 851 2068 armamentario.
896 2007 963 2066 Non
987 2012 1087 2066 autem
1110 2006 1209 2067 solum
1231 2006 1310 2068 facta

133 2111 269 2183 armaio
278 2110 342 2179 „illo
365 2110 515 2173 arcbaaali
538 2111 703 2183 habentur,
726 2110 781 2172 sed
805 2109 929 2171 cottidie
951 2111 982 2171 in
1005 2126 1043 2169 eo
1064 2127 1141 2173 nora
1163 2110 1309 2175 labricen-

131 2222 181 2276 tur
204 2220 236 2276 et
259 2215 536 2287 condentum-sunt
560 2217 694 2276 enimin
717 2213 939 2275 cohabitacula
962 2230 1059 2292 paene
1081 2217 1217 2275 omnium
1239 2221 1310 2277 arti·

129 2318 284 2392 liciorum,
318 2322 349 2381 in
372 2320 481 2399 quibus
504 2337 626 2399 semper
649 2324 803 2379 morantur
825 2319 1027 2396 expertissimi
1060 2319 1202 2390 artifices,
1237 2319 1311 2382 nulli

134 2423 195 2483 nisi
217 2425 425 2485 communitati
447 2424 635 2495 laborantes,
659 2422 697 2483 de
720 2439 779 2500 qua
802 2429 832 2483 et
855 2423 985 2500 pretium
1009 2425 1166 2502 copiosum
1188 2442 1312 2487 snorum

133 2526 273 2588 laborum
294 2529 470 2608 suscipiunt.
501 2528 544 2589 lbi
559 2529 635 2590 fiunt
650 2545 742 2588 naves
765 2527 864 2589 ramae
887 2527 986 2586 omnis
1003 2530 1138 2604 generis,
1164 2533 1195 2588 et
1210 2531 1310 2591 omnia

137 2633 294 2693 attinentia
315 2631 353 2694 ad
375 2649 440 2705 eas,
475 2632 513 2694 de
536 2633 640 2711 lignis,
663 2630 760 2702 terro,
783 2628 904 2690 funibus
928 2635 958 2689 et
981 2631 1065 2692 velis.
1111 2632 1189 2693 Sunt
1213 2639 1314 2694 autem

137 2737 222 2809 loca,
246 2738 275 2797 in
298 2737 405 2815 quibus
428 2755 520 2800 naves
543 2737 742 2807 fabricantur,
777 2734 941 2814 permulta,
976 2741 1007 2796 et
1029 2735 1167 2798 distincta
1200 2737 1312 2798 hahita·

137 2840 204 2902 cula
228 2840 381 2915 ordinata,
418 2843 486 2921 quia
510 2841 663 2920 quaelihet
691 2841 775 2919 galea
800 2847 830 2902 et
854 2841 978 2919 quaevis
1000 2843 1084 2904 navis
1107 2844 1245 2903 oneraria
1268 2843 1313 2903 in·

138 2944 221 3023 diget
243 2962 304 3007 non
326 2966 419 3027 parco
442 2949 539 3028 spatio
562 2964 617 3025 pro
642 2962 695 3006 sua
719 2947 957 3024 compositione,
981 2950 1011 3005 et
1026 2944 1147 3006 illorum
1161 2946 1313 3008 habitacu-

137 3048 236 3110 lorum
259 3054 332 3110 sunt
354 3051 458 3129 plura,
481 3053 524 3112 ita
546 3051 627 3130 quod
649 3050 738 3112 simul
754 3056 784 3112 et
802 3051 899 3113 semel
915 3059 1042 3131 possunt
1055 3051 1191 3114 fabricari
1213 3071 1315 3125 naves,

139 3158 170 3213 et
192 3152 230 3214 de
252 3153 445 3227 habitaculis,
479 3156 641 3234 inquibus
667 3162 759 3227 sum,
795 3156 930 3218 submitti
952 3159 983 3217 in
1010 3173 1108 3227 marc,
1142 3158 1224 3235 quod
1246 3166 1315 3220 ante

138 3262 296 3336 aperturas
318 3259 556 3321 habitaculorum
579 3265 635 3320 est.
673 3258 716 3319 lbi
740 3267 811 3321 sunt
833 3259 919 3320 multi
943 3260 1133 3337 metallorum
1155 3259 1240 3332 labri,
1264 3262 1316 3339 qui

138 3367 247 3441 parant
268 3360 451 3424 ferramenta
473 3382 528 3442 pro
552 3364 692 3435 navibus,
717 3371 748 3424 et
770 3365 904 3427 invasira
927 3369 958 3423 et
973 3362 1128 3424 delensiva
1151 3380 1243 3423 arma.
1273 3362 1316 3422 lbi

139 3471 212 3524 sunt
235 3482 376 3526 caesores
399 3464 548 3545 lapidum,
582 3469 633 3546 qui
665 3484 735 3528 saxa
765 3467 922 3544 sphaerica
954 3465 991 3525 ad
1013 3465 1166 3526 machinas
1193 3464 1317 3536 iaciunt,

141 3584 252 3646 magna
275 3575 307 3629 et
330 3587 429 3648 parra.
473 3570 516 3632 lbi
539 3578 608 3632 sunt
631 3570 769 3631 mulcihri
791 3575 822 3631 et
843 3568 963 3628 lusores
987 3566 1227 3630 bombardarum.
1273 3567 1317 3629 lbi

140 3676 275 3734 textores
298 3691 466 3753 pannorum
488 3674 526 3735 ad
556 3674 623 3736 vela
645 3675 780 3744 navium,
814 3677 845 3732 ct
867 3669 1017 3732 foeminae
1048 3689 1139 3751 supra
1169 3674 1317 3752 quinqua·

143 3778 239 3854 ginta,
263 3795 342 3858 quae
365 3784 438 3839 nent
461 3785 493 3840 ct
514 3782 664 3839 consuunt
685 3770 759 3857 vela]
780 3780 960 3854 stupamque
982 3780 1089 3854 parant
1114 3782 1144 3837 et
1161 3778 1318 3839 cannabim

143 3887 246 3960 aptant
267 3899 322 3960 pro
345 3882 482 3956 funibus,
516 3888 588 3943 sunt
609 3882 695 3959 quasi
717 3881 852 3942 inclusae
882 3887 1034 3959 tamquam
1064 3882 1226 3955 moniales,
1259 3900 1318 3945 nec

142 3986 330 4065 recipiuntur
353 3985 390 4047 ad
411 3986 462 4048 illa
485 3985 709 4048 communitatis
731 4002 840 4065 opera,
864 3985 923 4046 nisi
937 3985 993 4047 riri
1009 3990 1039 4046 et
1053 3984 1204 4047 foeminae
1218 3986 1317 4048 clarae

144 4085 258 4149 formae
282 4094 313 4150 et
334 4089 450 4152 fidelos.
479 4090 533 4150 Est
556 4094 658 4151 autem
679 4089 710 4149 in
725 4088 825 4150 medio
841 4088 948 4151 domus
964 4106 1090 4169 magna,
1112 4091 1191 4152 sicut
1205 4089 1317 4169 grande

146 4196 179 4251 et
205 4194 368 4273 oblongum
399 4195 624 4267 dormitorium,
661 4200 790 4274 quatuor
822 4193 936 4257 habena
964 4199 1083 4273 portes,
1124 4199 1232 4271 estque
1263 4208 1319 4273 per
