2874 4770
661 135 725 211 145

109 308 283 364 exactorum
304 304 402 383 primo
418 313 600 372 contentato.
631 310 710 384 Quia
732 314 814 376 enim
829 313 949 392 soljam
963 319 1164 400 mergebatur,
1188 319 1279 393 aesti-

108 407 256 471 mavimus
280 415 434 471 exactores
456 409 526 472 ideo
554 433 613 475 non
637 416 744 478 adesse
768 426 798 481 et
820 422 863 481 ita
884 440 939 483 nos
961 423 1081 484 occulte
1104 424 1211 485 urbem
1234 425 1279 483 in-

111 511 195 588 gredi
218 530 326 590 posse,
350 516 443 575 multa
466 517 546 576 enim
568 509 712 580 terribilia
728 540 782 599 per
797 528 891 584 totam
907 518 1180 606 peregrinationem
1195 525 1280 587 audi·

109 615 206 675 vimus
230 614 267 676 de
292 619 477 680 exactoribus
499 619 706 682 Alexandrinis
730 626 785 685 sub
808 626 912 704 portis.
956 626 1052 689 Ponte
1076 647 1148 707 ergo
1175 628 1281 689 fossati

108 718 234 777 transito
258 718 296 778 ad
319 738 457 799 magnam
479 727 617 785 venimus
640 724 770 787 ferream
792 735 927 806 portam,
947 727 1030 806 juxta
1052 713 1143 809 quam
1158 731 1281 810 qnidam

108 818 267 881 Sarraceni
289 824 406 885 stabant
429 844 496 886 cum
521 830 628 901 armis,
651 829 707 890 sed
729 832 850 909 penitus
873 830 945 891 nihil
965 831 1051 892 nobis
1067 832 1207 894 dicebant
1221 850 1280 894 nec

105 923 218 984 bonum
241 943 299 987 nec
322 927 450 1001 malum,
482 948 540 991 nec
562 933 717 993 introitum
739 934 954 1011 prohibebant,
978 932 1034 994 sed
1056 936 1221 997 subsistere
1244 937 1280 998 ab

108 1027 188 1089 intus
207 1026 353 1105 jubebant
371 1033 469 1104 simul,
494 1043 525 1095 et
547 1033 619 1095 dum
642 1053 748 1096 omnes
773 1036 810 1098 de
834 1039 967 1098 exercitu
991 1043 1094 1098 nostro
1109 1039 1282 1111 intrassent,

110 1130 282 1193 clauserunt
303 1130 430 1212 portam,
454 1154 513 1214 qiua
535 1137 637 1199 clausa
656 1138 813 1216 jusserunt
827 1160 883 1201 nos
898 1140 1075 1221 procedere.
1094 1127 1160 1202 ¹Est
1181 1148 1283 1202 autem

108 1242 178 1314 post
208 1230 326 1316 portam
356 1238 441 1334 illam
472 1243 519 1301 via
552 1260 641 1303 curva
671 1246 750 1304 inter
782 1245 945 1305 altissimos
978 1239 1082 1308 muros
1114 1251 1144 1305 et
1173 1251 1282 1317 turres,

108 1356 205 1417 usque
230 1340 268 1401 ad
288 1343 464 1403 interiorem
488 1352 604 1424 portam
624 1346 762 1419 ferream,
787 1365 864 1426 quae
887 1348 970 1409 ducit
993 1349 1031 1410 ad
1053 1351 1220 1420 civitatem;
1245 1348 1284 1408 ad

109 1460 200 1521 quam
222 1463 291 1505 cum
312 1448 518 1520 venissemuS‚
553 1451 670 1511 stabant
699 1453 776 1512 intra
809 1470 876 1512 eam
899 1452 985 1513 multi
1008 1455 1132 1524 armati,
1157 1459 1188 1512 et
1212 1470 1281 1513 cum

109 1545 226 1623 ingredi
248 1547 410 1623 vellemus,
441 1570 511 1613 curn
533 1554 647 1614 baculis
677 1562 707 1614 et
729 1553 857 1615 fustibus
880 1574 935 1616 nos
959 1557 1137 1634 repulerunt
1160 1561 1191 1615 et
1213 1561 1283 1634 post

111 1666 145 1708 se
178 1653 272 1728 portis
304 1653 414 1715 clausis
441 1653 598 1731 jusserunt
622 1661 777 1719 exonerari
797 1660 910 1719 bestias
934 1666 964 1720 et
987 1659 1132 1738 depositis
1156 1661 1282 1720 sarcinis

112 1762 336 1816 reserraverunt
351 1760 530 1839 exteriorem
544 1762 661 1838 portam
685 1767 716 1821 et
734 1764 910 1823 camelarios
925 1771 1045 1823 nostros
1062 1781 1130 1823 curn
1148 1764 1281 1846 camelis,

111 1857 256 1916 asinarios
280 1876 349 1919 curn
371 1862 461 1922 asinis
482 1869 516 1923 et
539 1871 663 1953 cunctos
687 1865 761 1926 alios
785 1874 906 1944 praeter
927 1869 1104 1947 peregrinos
1131 1876 1162 1929 et
1183 1868 1283 1929 Halliu

110 1958 374 2024 Trutschelmanni
395 1968 540 2028 vicarium
564 1970 755 2031 excluserunt
778 1977 808 2030 et
836 1990 891 2031 nos
925 1974 1005 2034 inter
1034 1975 1137 2034 ambas
1167 1972 1282 2034 ferreas

109 2071 212 2143 portas
236 2068 448 2130 concluserunt
481 2089 548 2131 oum
572 2072 662 2132 rebus
693 2075 804 2138 nostris
835 2073 988 2148 dicentes,
1019 2077 1100 2155 quod
1122 2080 1153 2137 in
1177 2078 1281 2138 crasti-

109 2189 182 2231 num
196 2171 330 2235 lustratis
346 2177 437 2237 rebus
451 2179 562 2237 nostris
581 2169 612 2237 et
629 2176 727 2237 soluto
741 2177 884 2238 theloneo
899 2180 1116 2241 intromittendi
1132 2197 1281 2242 essemus.

110 2279 222 2359 Sicque
237 2280 344 2341 ferreis
359 2282 454 2361 portis
479 2287 509 2341 et
531 2271 691 2359 repagulis
707 2298 742 2340 ac
765 2283 878 2341 catenis
901 2281 1008 2343 ferreis
1025 2287 1179 2362 murisque
1195 2283 1282 2345 valde

110 2383 177 2444 altis
200 2384 310 2443 inclusi
333 2386 483 2446 stetimus.
528 2383 561 2445 ln
593 2391 728 2445 mentem
754 2386 837 2445 venit
866 2386 939 2445 milri
962 2386 1015 2446 Dis
1047 2390 1151 2448 civitas
1174 2386 1283 2449 inferni

109 2486 227 2561 ferrea,
251 2507 328 2567 quae
351 2506 441 2567 quam
464 2488 604 2550 terribilis
626 2489 667 2548 sit
689 2487 823 2568 pluribus
846 2491 952 2550 metris
975 2491 1107 2551 ostendit
1130 2491 1282 2570 Virgilius,

111 2592 196 2671 cnjus
229 2610 334 2674 regern
368 2593 483 2675 tingunt
504 2591 664 2652 Plutonem
696 2597 805 2670 poetae
829 2597 860 2651 et
883 2610 989 2654 canem
1021 2597 1184 2675 tricipitem
1215 2613 1281 2656 cer-

109 2697 217 2758 berum
231 2716 308 2759 ·esse
333 2697 399 2776 ejus
423 2698 594 2769 custodem,
626 2696 761 2758 inaudita
791 2698 957 2759 voracitate
988 2706 1096 2760 cuneta
1118 2704 1282 2772 vorantem,

111 2820 203 2882 quern
224 2802 294 2864 ideo
317 2804 480 2882 tricipitem
501 2800 657 2872 vocabant,
680 2802 881 2881 quialatratu
904 2821 1049 2876 sonorus,
1083 2802 1207 2864 mordax
1235 2804 1282 2863 ni·

110 2910 204 2968 mium
238 2913 269 2967 et
299 2909 329 2968 in
360 2905 492 2967 tenendo
526 2904 719 2967 fortissimus.
764 2906 822 2967 Hic
855 2909 937 2969 canis
968 2907 1083 2968 nullum
1112 2908 1284 2968 intromittit

109 3012 223 3079 bonum
245 3015 277 3070 et
288 3008 421 3087 justum,
444 3009 524 3097 unde
539 3011 659 3072 versus:
683 3010 766 3071 Nulli
778 3009 824 3071 fas
840 3018 923 3072 casto
940 3010 1123 3071 sceleratum
1141 3011 1283 3071 insistere

110 3115 212 3176 limen.
242 3113 330 3190 Hunc
345 3130 451 3174 canem
466 3112 552 3174 valde
568 3115 738 3186 timuimus,
755 3117 806 3192 qui
822 3115 976 3177 avaritiam
992 3113 1128 3192 designat
1143 3130 1284 3174 voracem

112 3226 143 3280 et
165 3217 351 3280 iracundiam
373 3216 563 3289 mordacem,
591 3236 652 3278 <nec
684 3217 742 3278 alia
772 3216 809 3279 de
840 3235 930 3279 causa
961 3218 1094 3278 inclusos
1122 3235 1177 3277 uos
1212 3234 1283 3277 esse

110 3325 269 3395 scivimus,
300 3339 390 3400 quaxn
420 3327 453 3381 ut
484 3323 605 3382 avaritia
637 3321 873 3382 sarracenorum
903 3320 1050 3381 laceraret
1080 3339 1144 3380 nos.
1190 3319 1284 3397 lgitur

111 3446 182 3488 cum
204 3426 335 3504 undique
366 3424 460 3484 clausi
490 3442 628 3484 essemus
652 3430 682 3484 ei
706 3441 756 3484 res
778 3429 897 3484 nostras
921 3423 1136 3502 aliquantulum
1160 3441 1282 3501 compo-

111 3531 294 3601 suissemus,
317 3525 467 3588 recordati
490 3545 594 3588 sumus
612 3526 789 3588 delectionis
806 3534 926 3588 nostrae
942 3535 971 3589 ei
986 3528 1118 3589 inediam
1133 3529 1282 3587 sensimus

111 3640 143 3696 et
163 3633 318 3714 productis
341 3631 514 3710 paximaciis
538 3631 687 3710 deglutire
716 3631 765 3692 vel
789 3629 928 3693 dentibus
950 3630 1088 3710 frangere
1115 3651 1175 3692 non
1195 3637 1282 3709 pote-

110 3756 227 3811 ramus,
260 3739 330 3815 quia
353 3734 458 3795 deerat
480 3752 575 3813 aquae
598 3741 698 3813 potus.
735 3735 926 3796 Necessitate
949 3733 1050 3794 autern'
1073 3735 1222 3814 compulsi
1246 3733 1284 3794 ad

110 3848 230 3922 portam
253 3842 429 3901 interiorem
452 3841 660 3912 transivimus,
694 3857 771 3918 quae
803 3838 886 3901 duxit
918 3836 956 3897 ad
987 3841 1138 3900 civitatem
1162 3845 1285 3899 etcum

110 3944 260 4023 lapidibus
282 3944 401 4005 fortiter
425 3941 519 4024 (125
536 3941 580 4023 a)
602 3943 798 4032 pulsavimus.
843 3941 981 4004 Accurrit
1004 3948 1105 4004 autem
1120 3944 1216 4021 primo
1232 3943 1283 4003 ille

111 4053 229 4115 invidus
254 4054 336 4113 canis
358 4050 475 4123 Halliu,
509 4050 561 4127 qui
590 4049 749 4109 nobiscum
772 4052 850 4118 erat,
884 4053 915 4107 et
937 4046 1011 4108 dure
1033 4065 1089 4107 nos
1111 4046 1285 4124 increpabat

111 4155 150 4220 de
172 4159 300 4238 strepitu
320 4155 417 4229 lacto,
440 4154 496 4217 sed
517 4171 573 4216 nos
597 4170 667 4215 eum
689 4172 750 4215 non
774 4153 943 4215 curavimus
966 4156 997 4210 et
1020 4167 1107 4228 spem
1127 4151 1160 4209 in
1178 4149 1284 4213 huma·

1045 4266 1078 4322 10
