2874 4770
688 146 751 226 158

130 335 222 398 vitam
244 333 387 406 reddere,
421 352 510 412 qnam
542 333 634 413 impia
663 334 756 395 caede
786 335 976 415 inquinatum
998 353 1092 414 regno
1111 337 1216 416 potiri.
1262 337 1311 401 lta

130 436 284 518 Aegyptiis
308 456 401 517 regno
425 437 532 499 tradito
555 440 585 498 in
608 435 800 517 Aethiopiam
821 441 969 518 migravit.

172 582 177 598 .
217 540 293 601 Cum
316 559 387 620 ergo
411 541 599 602 Schambeclr
620 542 780 619 pecuniam
803 542 1008 615 imbnrsasset,
1033 544 1169 605 ascendit
1191 564 1309 624 equum

130 660 218 703 sunm
242 652 272 705 et
291 643 396 722 jussit,
429 651 463 705 ut
486 663 556 706 eum
579 662 793 724 sequerernur3
827 646 929 707 eduxit
952 654 1053 708 autem
1074 667 1129 708 nos
1163 648 1243 710 loras
1268 650 1309 711 ad

129 753 246 824 portam
270 751 376 822 maris,
400 769 477 829 quae
501 750 583 812 ducit
606 749 643 810 ad
660 750 896 812 Christianorum
912 757 1051 829 portum,
1073 754 1104 812 in
1120 771 1180 831 qno
1196 771 1307 814 eorum

128 869 219 914 naves
249 860 341 926 stant,
365 862 396 916 et
424 855 557 917 ostendit
578 873 634 916 nos
656 857 810 934 portariis,
834 855 1025 928 thelonariis,
1051 858 1241 917 exactoribus
1274 864 1306 918 et

128 959 344 1018 scrutatoribus
382 961 595 1039 pronuntians,
626 978 682 1019 nos
714 960 861 1021 tributum
891 960 1017 1021 solvisse
1055 965 1085 1020 ct
1119 960 1306 1023 conductum

128 1056 241 1120 domini
265 1060 386 1137 Soldani
419 1060 529 1123 habere
562 1068 593 1123 et
627 1061 696 1122 ideo
726 1065 792 1123 sine
826 1062 1044 1141 impedimento
1078 1062 1224 1124 deberent
1245 1084 1304 1126 nos

128 1162 279 1225 dimittere
314 1168 394 1228 exire
429 1166 466 1227 ad
498 1184 590 1230 naves
624 1172 655 1226 et
685 1168 796 1227 intrare
832 1184 887 1244 pro
929 1168 1078 1246 exigentia
1109 1171 1304 1245 negotiorum

125 1272 308 1330 nostrorum.
354 1270 417 1331 Viri
440 1276 541 1331 autern
565 1286 653 1330 senes
676 1270 717 1331 ibi
740 1268 882 1330 sedentes
906 1270 1065 1350 diligenter
1087 1289 1142 1332 nos
1157 1274 1303 1352 inspicie-

125 1369 206 1444 bant,
229 1377 262 1432 nt
283 1374 422 1436 notitiam
444 1375 541 1434 nostri
565 1380 709 1451 caperent
732 1373 878 1444 dicentes,
902 1372 983 1451 quod
1005 1391 1062 1433 neo
1084 1375 1116 1434 in
1139 1379 1219 1436 exitu
1243 1396 1303 1438 nee

125 1474 155 1533 in
178 1475 301 1537 introitu
323 1477 436 1537 vellent
458 1496 514 1538 nos
535 1475 692 1555 impedire,
715 1476 771 1538 sed
793 1477 908 1537 nollent
929 1496 984 1538 nos
1009 1480 1147 1541 emittere
1171 1482 1219 1542 vel
1242 1483 1300 1542 im-

125 1578 245 1638 mittere
268 1580 529 1659 impersorutatos,
562 1598 601 1642 ne
634 1580 706 1658 quid
741 1580 968 1659 deportaremus
993 1582 1041 1643 vel
1064 1585 1300 1663 importaremus

125 1679 359 1757 thelonaticum,
388 1692 514 1745 cunctos
537 1687 619 1745 enirn
641 1685 774 1756 alienos,
807 1685 871 1746 sive
896 1683 1082 1746 Christianos
1105 1688 1168 1748 sive
1192 1689 1300 1751 Sarra·

125 1785 232 1869 cenosf,
255 1791 370 1848 tamin
394 1788 531 1849 excundo
554 1805 645 1867 quam
667 1787 804 1848 intrando
827 1788 950 1850 visitant
974 1795 1005 1849 et
1028 1791 1221 1867 perquirunt,
1240 1812 1301 1855 nec

123 1892 282 1967 pecuniam
305 1891 465 1971 deportare
490 1894 607 1965 sinunt,
631 1891 687 1953 sed
709 1909 777 1952 eam
798 1898 953 1953 reservant
975 1906 1071 1972 usque
1088 1893 1125 1954 ad
1140 1895 1300 1957 introitum

122 1993 212 2066 illins,
236 1994 321 2072 cujus
337 2003 398 2068 est;
422 2013 528 2058 verum
550 2002 652 2056 tamen
674 1997 747 2056 satis
770 1994 998 2074 superficialiter
1021 2000 1178 2074 quaerunt,
1202 2000 1299 2061 multa

122 2097 206 2157 enim
227 2115 284 2176 ego
307 2101 372 2178 ipse
397 2099 558 2178 deportavi
573 2101 628 2161 sub
657 2117 767 2178 cappa,
799 2115 875 2178 quac
906 2092 967 2160 non
996 2109 1173 2177 repererunt
1203 2105 1298 2163 ctiam

121 2221 171 2264 me
193 2205 330 2278 visitato,
353 2222 445 2285 saepe
469 2207 560 2266 etiam
582 2206 763 2283 pertransire
779 2206 881 2265 sinunt
896 2206 961 2264 sine
977 2205 1181 2282 inquisitione.
1219 2206 1297 2268 Com

122 2327 195 2389 crgo
218 2328 273 2371 nos
296 2312 482 2383 visitassent,
519 2311 663 2371 exivimus
683 2327 762 2376 ⁴cum
786 2308 972 2370 Schambeclr
1003 2308 1039 2368 ad
1061 2325 1144 2369 mare
1168 2317 1199 2370 et
1225 2313 1297 2373 visis

119 2417 244 2479 navibus
275 2416 392 2478 reduxit
419 2434 475 2476 nos
505 2414 542 2487 ad
573 2420 691 2493 portam
715 2418 745 2473 et
767 2415 876 2474 iterum
898 2430 953 2473 nos
977 2413 1241 2490 perscrutabantur
1264 2422 1297 2476 et

119 2517 177 2579 hoe
199 2520 278 2582 lacto
302 2520 416 2583 reversi
440 2536 544 2578 sumus
566 2521 598 2578 in
621 2519 735 2579 curiam
750 2524 897 2604 nostram·
940 2516 1051 2595 Sicque
1067 2504 1150 2578 dedit
1166 2517 1293 2580 Scham-

118 2623 196 2685 beclr
217 2626 303 2686 nobis
326 2608 480 2683 licentiam
504 2620 594 2682 eundi
616 2639 671 2699 per
694 2622 847 2682 civitatem
868 2621 899 2679 in
922 2621 996 2693 vicis
1028 2621 1154 2698 publicis
1185 2628 1217 2681 ct
1248 2625 1294 2683 in-

118 2729 216 2790 trandi
239 2731 270 2789 in
293 2729 424 2790 sonticus
442 2733 473 2786 ct
489 2725 571 2786 loros
588 2719 676 2803 (tora)
693 2730 723 2783 et
739 2725 770 2784 in
786 2726 868 2784 vicos
886 2742 1038 2796 cocorum,
1063 2724 1117 2785 sed
1133 2727 1285 2804 prohibuit

117 2847 165 2904 ne,
179 2850 235 2911 per
257 2833 388 2910 aliquam
420 2833 538 2907 portam
570 2827 719 2886 exiremus
750 2827 851 2889 demta
882 2833 969 2906 porta
1000 2830 1090 2888 maris
1123 2835 1154 2889 ct
1175 2847 1214 2890 ne
1237 2847 1293 2908 per
1344 2914 1347 2919 .

116 2941 201 3002 vicos
225 2940 345 3000 strictos
368 2935 481 2993 iremus
504 2931 586 2990 etin
610 2928 684 2990 locis
709 2933 837 2992 ruinosis
859 2950 921 2991 non
945 2937 1110 3004 staremus,
1134 2950 1191 2993 nec
1215 2951 1291 3012 qno·

115 3043 161 3104 vis
191 3043 281 3104 modo
313 3045 448 3100 montem
480 3036 635 3098 custodiae
668 3039 794 3100 civitatis
826 3037 991 3098 ascendere
1014 3056 1288 3117 praesumeremus.

116 3142 153 3207 Et
176 3146 252 3208 datis
276 3147 341 3206 istis
364 3143 476 3223 regulis
500 3142 646 3203 abscessit
669 3148 700 3202 et
723 3143 787 3204 dies
810 3143 862 3203 illa
884 3145 1011 3204 transiit.

202 3248 335 3311 XXVlll.
361 3247 424 3319 die,
449 3264 526 3326 quae
550 3252 597 3307 est
620 3248 825 3325 apostolorum
848 3249 980 3308 Simonis
1003 3255 1034 3308 et
1056 3248 1166 3322 Judae,
1191 3248 1292 3311 audita

115 3355 208 3416 miss'a
238 3354 449 3416 advocavimus
477 3352 685 3425 Sohambeelr,
718 3359 875 3430 rogantes,
908 3359 942 3414 nt
972 3371 1028 3433 per
1057 3353 1124 3416 loca
1152 3356 1290 3434 martyrii

115 3457 161 3520 st.
185 3458 361 3520 Catharinae
385 3475 439 3517 nos
463 3456 589 3518 duceret
612 3455 702 3517 etad
731 3456 877 3516 ecclesias
902 3456 1146 3519 Christianorum.
1192 3458 1288 3518 Exivi·

114 3581 182 3626 mus
206 3583 278 3645 ergo
303 3583 371 3627 cum
395 3563 581 3624 Sohambeclr
604 3561 641 3622 de
666 3561 754 3621 domo
789 3579 844 3639 per
873 3560 995 3639 longum
1023 3564 1137 3633 vicum,
1167 3562 1199 3621 in
1228 3578 1287 3640 quo

114 3669 201 3730 multi
216 3669 361 3730 sedebant
376 3669 544 3729 mechanici
555 3673 724 3745 operantes,
740 3671 771 3725 et
786 3666 816 3725 in
832 3666 981 3743 quandam
997 3666 1127 3744 plateam
1141 3667 1288 3745 venimus,

112 3773 144 3834 in
168 3791 226 3853 qna
249 3775 345 3835 stabat
367 3790 426 3834 nna
449 3771 607 3850 singularis
625 3769 806 3830 domuncula
819 3771 968 3832 clausam
983 3778 1047 3832 crat
1064 3789 1168 3832 carcer
1180 3774 1287 3833 beatae

114 3879 288 3941 catharinae
312 3878 456 3959 Virginis,
479 3880 509 3937 in
534 3892 592 3953 qua
615 3874 733 3935 reclusa
757 3874 915 3936 tenebatur
931 3874 984 3934 llll
1001 3875 1107 3937 diebus
1129 3878 1195 3937 sinc
1220 3879 1286 3937 cibo

114 3991 145 4046 et
166 3992 240 4064 pctn
262 3986 409 4055 humano,
434 3981 541 4042 sedin
565 3997 601 4039 eo
626 3980 761 4056 angelico
784 3979 923 4041 utebatur
946 3980 1088 4041 alimento
1105 3986 1135 4041 et
1152 3982 1286 4042 claritate

114 4089 238 4150 coelesti
260 4089 438 4151 tenebrosus
461 4084 512 4146 ille
535 4083 621 4143 locus
651 4083 838 4161 replebatur,
873 4090 907 4144 ut
937 4083 1062 4145 babetur
1091 4087 1122 4144 in
1158 4083 1285 4163 legenda

112 4193 241 4258 Sandae
264 4193 453 4258 catharinae.
498 4187 585 4254 llunc
618 4204 772 4251 carcerem
803 4185 985 4266 aperuerunt
1006 4187 1095 4250 nobis
1117 4187 1285 4261 sarraceni,
