2874 4770
788 167 855 236 att

231 347 344 418 ventis,
378 351 409 407 et
431 346 575 424 paulatim
599 346 796 409 movebamur
815 346 846 405 in
869 351 958 424 portu
983 362 999 406 a
1023 344 1092 407 loco
1116 344 1267 416 stationis,
1294 343 1419 405 cohihe-

188 486 196 503 ι
231 452 320 512 batur
342 456 442 511 autern
467 459 547 523 arte,
570 470 608 513 ne
632 455 717 512 navis
732 455 903 528 importune
922 456 1005 511 extra
1021 457 1141 529 portum
1161 449 1338 527 ejiceretur,
1364 448 1422 509 sed

234 572 303 616 oum
338 558 521 627 reverentia,
544 562 587 615 ¹ut
616 557 764 634 oportuit,
797 556 902 614 turrim
931 552 1003 614 Julii
1025 553 1192 632 Phareglan
1220 555 1422 631 pertransiret

233 658 382 719 modeste.
428 659 516 719 Nulla
540 661 619 722 enim
649 660 732 720 navis
750 660 830 720 0sive
864 655 1024 735 egrediens
1057 658 1121 716 sive
1153 656 1325 736 ingrediens
1359 657 1422 716 nisi

234 779 303 822 cum
325 762 505 824 remissione
528 762 587 824 veli
603 765 709 823 turrim
730 762 813 822 illam
828 761 1010 840 pertransire
1025 759 1117 847 ¹audet
1131 763 1161 820 in
1177 762 1421 838 recognitionem

233 861 335 945 r'eglae
373 863 550 942 majestatis.
594 866 640 924 De
674 866 730 925 hao
765 866 839 926 turri
873 882 964 943 supra
994 862 1045 923 lol.
1073 861 1134 926 125
1157 882 1183 924 a.
1230 864 1306 924 Cum
1344 881 1420 941 ergo

230 975 294 1053 jam
319 975 402 1030 extra
426 975 545 1046 portum
569 970 773 1039 venissemus,
798 975 923 1046 repente
947 967 1015 1027 tulit
1031 973 1221 1037 nos‘ventus,
1245 972 1276 1026 et
1298 966 1420 1044 longius

234 1091 290 1152 per
313 1090 395 1133 mare
417 1070 550 1150 Aegypti
573 1070 712 1150 perduxit
733 1073 765 1131 in
786 1070 929 1150 pelagum
953 1070 1111 1148 Syriacum
1142 1070 1302 1148 impellens
1334 1076 1421 1130 extra

234 1179 386 1238 tramitem
410 1177 585 1236 intentionis
607 1181 745 1246 nostrae,
770 1192 829 1252 qua
851 1176 1022 1252 optavimus
1037 1179 1159 1252 portum
1175 1173 1311 1252 Paphum
1327 1173 1421 1251 Cypri

235 1282 366 1360 regionis
391 1278 640 1358 apprehendere,
664 1284 771 1338 ventus
795 1283 897 1337 autem
921 1277 1010 1338 altius
1033 1296 1089 1337 nos
1112 1277 1232 1338 tulitin
1254 1295 1338 1336 mare
1362 1275 1420 1335 Pa-

236 1385 384 1444 laestinae
406 1389 437 1444 et
452 1383 574 1460 Syriae,
597 1384 638 1443 ita
662 1381 744 1460 quod
766 1381 830 1442 non'
843 1381 932 1459 longe
947 1398 973 1440 a
989 1387 1069 1441 terra
1085 1388 1188 1440 sancta
1203 1380 1325 1450 luimus,
1351 1396 1420 1438 eam

237 1492 339 1547 tamen
363 1484 466 1547 videre
489 1502 549 1545 non
572 1485 748 1566 poteramus
771 1502 829 1545 nec
853 1483 982 1563 aliquam
1007 1477 1102 1544 aliam¹
1118 1491 1244 1554 terram3
1268 1484 1301 1542 si·
1317 1488 1422 1542 autem

237 1596 362 1652 ventum
393 1588 507 1649 directe
538 1590 649 1649 secuti.
668 1567 848 1660 fuissemus,
884 1589 986 1648 statim
1015 1590 1046 1647 in
1076 1587 1207 1664 aliquem
1229 1585 1421 1646 Palaestinae

237 1700 359 1770 portum
381 1693 589 1764 venissemus,
622 1695 729 1771 sicque
753 1710 823 1752 cum
847 1671 960 1770 gaudio
985 1689 1081 1751 multo
1112 1696 1143 1750 et
1164 1689 1313 1751 hilaritate
1338 1690 1423 1749 felici

238 1802 269 1856 et
291 1794 361 1856 forti
383 1796 572 1873 navigatione
597 1795 694 1877 (1118
712 1792 755 1875 a)
787 1796 993 1877 processimus
1023 1798 1127 1856 'contra
1157 1796 1276 1874 plagam
1300 1795 1420 1873 aquilo-

236 1915 341 1958 narem
364 1916 433 1957 cum
457 1896 610 1959 tendentia
634 1883 755 1978 aliquali
771 1900 816 1958 m
846 1899 1005 1959 orientem.
1050 1899 1137 1960 Et-si
1168 1899 1421 1976 gubernatoribus

239 1994 419 2079 placuisset,
442 2001 493 2061 illa
516 2002 608 2077 nocte¹
628 2009 751 2081 portum
774 1999 907 2081 aliquem
929 2009 1029 2064 terrae
1053 2010 1175 2064 sanctae
1198 2002 1422 2074 habuissemus,

240 2102 296 2164 sed
329 2110 474 2182 quantum
502 2084 642 2183 poterant
673 2123 690 2166 a
718 2107 806 2185 Syria
836 2123 870 2166 se
901 2108 1077 2182 avertebant
1111 2086 1215 2167 contra
1247 2107 1424 2183 aquilonem

239 2225 309 2268 cum
331 2206 485 2271 tendentia
509 2209 547 2269 ad
568 2208 768 2281 occidentem,
793 2211 898 2287 sicque
921 2227 977 2289 per
992 2209 1126 2271 medium
1141 2211 1357 2287 navigavimus,
1381 2213 1425 2272 ita

239 2310 320 2390 quod
342 2319 466 2373 ventum
487 2315 519 2373 in
542 2315 689 2397 orientem
712 2313 890 2381 tendentem
912 2332 972 2373 non
996 2329 1032 2373 ex
1047 2315 1227 2373 toto‘secuti
1249 2331 1367 2385 sumus,
1391 2320 1422 2375 et

239 2410 307 2476 arte‘
327 2422 485 2476 nautarum
508 2433 568 2493 qua
592 2407 778 2493 conabantur
799 2418 831 2476 in
854 2416 1046 2477 occidentem
1068 2417 1098 2485 vi
1120 2423 1281 2479 ventorum
1306 2416 1422 2477 dimisi-

239 2539 322 2607 mus,
354 2524 446 2581 etita
469 2519 550 2580 diem
572 2520 654 2581 illam
677 2522 901 2580 consumsimus
932 2509 1001 2580 'cum
1033 2527 1155 2591 noctes,
1174 2537 1244 2580 oum
1276 2522 1421 2581 continuo

162 2630 166 2638 '
242 2624 366 2704 quidem
389 2642 493 2696 cursu,
517 2622 656 2684 sednon
680 2623 790 2698 celeri,
813 2628 938 2704 propter
960 2623 1114 2702 praedicta
1137 2622 1197 2684 duo
1221 2627 1391 2685 conamina.

638 2896 640 2903 ⁸
694 2923 800 2994 Terra
828 2923 968 2995 Sancta.
1000 2968 1004 2974 ‚

330 3139 422 3200 Serto
445 3140 494 3203 die
517 3142 585 3203 luce
609 3149 773 3222 apparente
800 3141 929 3205 vidimus
953 3144 1025 3229 licet
1050 3144 1171 3221 alonge
1193 3149 1307 3204 terram
1334 3161 1423 3204 sane·

243 3249 318 3316 tam,
342 3253 477 3305 montem
497 3245 635 3317 Carmeli,
659 3253 689 3306 et
712 3248 737 3306 si
759 3254 882 3309 ventum
906 3249 994 3324 sequi
1008 3248 1219 3318 voluissemus,
1243 3248 1329 3309 brevi
1344 3255 1422 3308 tem-

203 3428 206 3439 Ι
243 3367 317 3427 pore
339 3351 370 3409 in
393 3356 515 3427 portum
538 3351 730 3431 Sidonicum‚
765 3349 937 3422 Berithum‚
972 3357 1022 3411 aut
1043 3349 1264 3429 Tripolitanum
1293 3350 1424 3429 projecti

238 3453 433 3524 -luissemus,
449 3452 505 3513 sed
528 3471 659 3516 cursum
673 3453 758 3513 illum
774 3456 859 3514 navis
881 3456 1122 3533 interceperunt,
1147 3459 1319 3515 avertentes
1343 3472 1423 3526 earn,

244 3563 279 3616 ut
300 3558 330 3615 in
355 3556 496 3634 Cyprum,
520 3575 598 3635 quae
620 3557 795 3617 nohis-erat
818 3557 855 3618 ad
878 3560 1085 3619 sinistramet
1107 3556 1193 3636 Syria
1216 3555 1254 3616 ad
1276 3556 1422 3630 dextram,

245 3661 446 3738 pervenirent.
491 3658 773 3739 Advesperascente
797 3663 900 3720 autem
922 3660 971 3721 die
994 3660 1119 3721 invaluit
1133 3667 1255 3731 ventus,
1277 3679 1339 3721 non
1355 3663 1422 3738 qui-

246 3761 316 3823 dem
339 3765 505 3824 contrarius
527 3763 660 3835 directe,
685 3762 740 3824 sed
762 3765 851 3823 nimis
873 3765 904 3824 in
928 3766 1167 3843 septentrionem
1190 3783 1245 3825 nos
1262 3763 1422 3844 depellens

246 3867 276 3925 in
300 3866 399 3926 sinum
421 3865 548 3927 lssicum
570 3866 733 3927 'conabatur
755 3865 924 3938 deducere3
948 3873 1031 3929 tauta
1056 3875 1158 3928 autem
1180 3872 1210 3930 vi
1227 3870 1423 3948 agitabamur,

246 3975 280 4029 ut
302 3970 421 4047 penitus
444 3968 676 4047 desperaremus
698 3986 790 4047 posse
814 3968 946 4048 Cyprum
970 3974 1130 4051 attingere,
1163 3980 1194 4036 et
1217 3972 1423 4050 disposuimus

246 4089 301 4132 nos
324 4073 353 4132 in
377 4072 517 4132 aulonem
532 4069 659 4131 Cilicum
682 4070 831 4133 divertere
854 4072 892 4134 ad
905 4071 997 4134 Asiae
1021 4078 1097 4148 loca,
1120 4085 1151 4138 et
1173 4095 1209 4138 ea
1231 4078 1424 4154 navigatione

248 4178 381 4258 Cyprum
403 4177 566 4249 accedere,
589 4194 649 4256 qua
671 4177 702 4239 S.
725 4177 835 4241 l'aulus
857 4178 959 4242 Actor.
983 4178 1102 4242 xxvll.
1127 4181 1237 4259 legitur
1264 4180 1305 4242 de
1329 4180 1424 4245 Sidna
