2874 4770
706 303 736 369 5:

130 476 240 554 guntur
262 481 293 536 et
315 477 385 554 post
406 473 571 537 imbibitam
594 485 701 555 aquam
725 480 854 557 emergit
868 484 900 540 ct
913 483 1011 550 natat,
1036 496 1106 541 cnm
1120 486 1223 543 tamen
1238 491 1313 542 con-¹

130 576 335 662 trariqrmodo
358 577 409 664 liat
433 595 502 638 cum
526 578 591 638 aliis
622 578 720 656 lignis.
766 580 812 640 De
843 580 900 641 hoo
930 582 998 642 loco
1020 579 1206 662 Augustinus
1238 583 1311 646 dicit

132 678 314 765 delfflqltate
337 680 394 742 Dei
416 678 520 740 LXXI.
546 699 572 742 c.
597 682 627 745 5.

185 766 280 845 aad
303 782 339 843 ad
363 783 451 844 aliam
474 783 746 847 considerationem
769 793 980 848 convertamus
1002 804 1073 857 nos,
1104 804 1173 847 nam
1195 787 1309 849 arboris

131 878 186 964 (b)
209 884 289 946 illius
313 887 407 964 stipes
430 886 478 948 vel
502 893 627 948 truncus
651 896 698 948 est
722 897 843 951 cavatus
867 896 898 949 et
921 888 998 949 duae
1021 888 1175 967 lampades
1198 890 1230 949 in
1243 891 1310 968 ipsa

130 985 301 1065 pendebant
324 994 474 1048 curatura.
520 989 639 1051 Dicitur
662 997 764 1051 autem
785 992 859 1053 licus
882 991 933 1052 illa
956 990 1044 1052 arbor
1065 991 1171 1052 beatae
1193 989 1309 1054 Mariae

129 1089 275 1169 Virginis;
298 1109 368 1152 nam
393 1094 560 1164 communis
583 1091 662 1153 lama
685 1100 732 1153 est
754 1100 817 1155 tam
841 1094 1078 1155 Christianorum
1101 1110 1190 1172 quam
1206 1093 1308 1154 Sarra·

130 1208 289 1264 cenorum,
313 1191 395 1272 quod
417 1195 500 1272 virgo
524 1194 635 1267 Maria,
666 1194 784 1274 quando
808 1199 839 1257 in
861 1196 919 1256 hoc
941 1195 1008 1255 loco
1032 1194 1149 1273 deguit,
1179 1195 1310 1274 quadam

129 1295 196 1356 vice
219 1293 376 1356 descendit
399 1296 542 1358 delente
571 1316 639 1360 suo
655 1301 687 1359 in
717 1317 822 1378 agrum
853 1315 984 1376 sequens
1013 1298 1159 1369 rivulum,
1191 1299 1242 1376 qui
1270 1296 1309 1360 de

129 1398 211 1459 lonte
243 1396 368 1470 fluebat,
400 1406 583 1479 gestansque
613 1404 644 1462 in
676 1401 800 1463 brachio
823 1419 951 1480 puerum
973 1399 1089 1461 lesum.
1134 1399 1213 1459 Dum
1237 1417 1308 1478 ergo

129 1502 184 1563 sub
207 1490 317 1571 umbra'
336 1502 417 1564 illius
441 1503 555 1564 arboris
572 1522 605 1564 se
622 1504 659 1566 ad
676 1505 843 1566 sedendum
859 1509 991 1583 aptaret,
1015 1519 1089 1563 ecce
1107 1502 1206 1562 subito
1222 1502 1309 1563 arbor

131 1598 249 1685 crepuit
272 1611 303 1666 et
324 1606 516 1666 interioribus
541 1608 692 1668 evacuatis
707 1608 808 1667 locum
823 1607 1013 1685 aptissimum
1029 1604 1154 1665 sedendi
1169 1603 1308 1665 dominae

129 1709 276 1787 praebuit.
323 1707 412 1781 Quod
434 1726 507 1787 ergo
530 1708 705 1771 beatissima
727 1710 819 1789 Virgo
842 1716 966 1789 propter
993 1725 1027 1768 se
1055 1706 1169 1767 lactum
1196 1707 1308 1767 intelli·
1331 1789 1332 1792 Ἴ

129 1828 204 1888 gens
228 1810 365 1871 arborem
388 1818 435 1872 est
457 1813 594 1889 ingressa
617 1819 648 1873 et
663 1814 763 1874 locum
779 1813 836 1873 sibi
849 1819 987 1891 paralum
1003 1811 1039 1872 ad
1054 1807 1222 1871 sedendum
1238 1826 1308 1871 cum

128 1930 223 1991 puero
247 1913 374 1992 accepit.
420 1913 504 1975 Hanc
536 1914 673 1975 arborem
703 1917 782 1975 sicut
812 1920 844 1975 et
870 1914 986 1976 fontem
1013 1916 1195 1976 venerantur
1216 1910 1326 1970 simul

129 2014 288 2077 Christiani
311 2022 342 2077 et
364 2016 522 2078 Sarraceni
545 2017 583 2078 ob
606 2018 800 2079 beatissimae
815 2018 946 2097 Virginis
960 2014 1075 2078 Mariae
1097 2014 1307 2084 reverentiam,

127 2121 273 2181 intrantes
295 2122 387 2181 enim
417 2127 601 2182 reverenter
622 2121 733 2183 habent
761 2121 920 2182 sarraceni
953 2120 1158 2181 beatissimam
1180 2113 1308 2198 Mariam

127 2221 298 2301 Virginem,
321 2230 354 2284 ut
377 2226 477 2284 omnia
500 2223 538 2285 ad
561 2241 627 2285 eam
650 2226 832 2304 pertinentia
854 2224 1016 2285 aestiment
1029 2237 1130 2292 sacra,
1154 2224 1186 2278 et
1200 2220 1228 2278 ei
1244 2235 1306 2278 ma·

126 2324 293 2387 ledicentes
327 2328 376 2388 vel
406 2345 474 2389 eam
496 2326 740 2404 blasphemantes
770 2329 835 2386 sine
866 2326 1100 2403 interrogatione
1128 2319 1308 2382 occiduntur

127 2424 209 2486 duris
233 2430 429 2500 cruciatibus,
452 2435 486 2489 ut
507 2428 634 2489 babetur
655 2431 686 2489 in
707 2428 857 2490 Alcorano
879 2427 912 2486 P.
937 2427 975 2487 de
999 2426 1087 2487 Cred.
1109 2423 1144 2485 L.
1160 2421 1190 2486 3.
1209 2441 1235 2483 c.
1255 2419 1305 2484 17.

129 2528 316 2591 sicutenim
338 2531 425 2591 arbor
447 2529 626 2590 miraculose
649 2529 765 2607 Virgini
787 2528 914 2589 sedendi
937 2530 1037 2589 locum
1054 2527 1153 2599 dedit,
1177 2528 1221 2587 sic
1236 2525 1305 2586 lons

128 2637 254 2710 propter
283 2650 350 2694 eam
382 2633 419 2693 de
450 2633 607 2693 cataractis
637 2636 736 2692 terrae
766 2632 947 2691 miraculose
979 2631 1096 2708 erupit.
1140 2627 1203 2688 Nos
1234 2644 1305 2706 ergo

129 2734 266 2794 arborem
297 2736 427 2814 ingressi
450 2736 631 2813 ‘successive
666 2751 771 2794 sumus
801 2740 832 2793 et
863 2752 932 2794 cum
965 2732 1145 2794 salutatione
1169 2730 1306 2808 angelica

127 2836 194 2898 loca
227 2840 371 2899 sessionis
405 2837 655 2899 deosculabamur
685 2842 716 2897 et
748 2855 802 2897 nos
838 2836 875 2898 ad
909 2836 1076 2911 sedendum
1108 2833 1304 2913 ponebamus,

128 2939 254 3018 quilibet
276 2941 440 3020 paululum.
486 2939 684 3019 Dependebat
706 2947 808 3000 autem
831 2941 918 3001 arbor
940 2940 1029 3020 plena
1051 2938 1166 3001 ficubus
1189 2938 1304 3014 magnis

128 3051 159 3104 st
178 3044 281 3116 bonis,
313 3061 387 3122 quas
410 3049 519 3105 vocant
541 3042 718 3113 Pharaonis,
748 3041 785 3103 de
809 3044 917 3121 quibus
940 3043 1185 3105 manducavimus
1209 3041 1304 3118 magis

127 3153 251 3227 propter
272 3146 402 3225 Virginis
425 3147 588 3218 honorem,
612 3163 703 3224 quam
726 3153 849 3225 propter
871 3132 1101 3209 necessitatem·
1117 3153 1169 3207 aut
1201 3144 1303 3205 delec-

108 3252 280 3318 tationem.
325 3250 483 3329 Siquidem
505 3251 631 3322 dicitur,
656 3248 738 3328 quod
760 3250 847 3311 arbor
862 3251 912 3311 illa
927 3267 1091 3327 numquam
1106 3252 1146 3310 sit
1159 3250 1223 3309 visa
1238 3249 1304 3308 sine

126 3353 243 3425 fructu,
265 3359 297 3413 et
318 3356 432 3432 septies
455 3356 486 3414 in
509 3372 586 3416 anno
611 3354 785 3414 successive
800 3352 968 3412 fruetificat.
1013 3353 1196 3431 Accepimus
1212 3355 1304 3413 etiam

127 3455 165 3517 de
188 3457 277 3535 lignis
293 3455 359 3533 ejus
374 3458 563 3518 ramusculos
578 3474 704 3536 parvos,
729 3457 800 3534 quia
815 3455 957 3516 Saraceni
973 3455 1092 3527 dicunt,
1117 3456 1196 3535 quod
1211 3456 1302 3517 febri·

126 3560 286 3621 uitantibus
309 3561 420 3638 prosit,
445 3559 517 3622 dum
540 3559 578 3620 de
602 3575 639 3618 eo
661 3559 782 3629 bibunt,
806 3560 982 3637 impositum
1005 3561 1073 3620 vino
1096 3560 1143 3620 vel
1167 3576 1252 3637 aqua.

212 3661 284 3722 lnde
307 3664 459 3743 progressi
492 3668 596 3723 contra
625 3662 714 3723 aliam
742 3663 828 3723 nobis
859 3667 942 3723 certe
965 3663 1134 3723 mirabilem
1156 3662 1303 3732 arborem,

125 3764 181 3826 sub
211 3782 268 3843 qua
297 3768 437 3826 stetimus
468 3772 499 3825 et
532 3767 672 3850 suspensi
705 3783 771 3826 eam
802 3766 1001 3825 intuebamur.
1046 3764 1131 3826 Hanc
1155 3765 1302 3836 arborem,

127 3871 194 3946 quia
219 3869 284 3929 aliis
306 3868 459 3930 dissimilis
483 3875 530 3928 est
553 3874 583 3928 et
605 3868 718 3929 insoliti
742 3870 888 3929 crementi
912 3875 943 3929 et
972 3867 1103 3938 formae,
1136 3885 1197 3927 non
1225 3868 1302 3928 bene

125 3989 250 4050 possum
273 3971 455 4032 describere.
501 3970 654 4031 Excrescit
677 3973 759 4031 enim
781 3969 819 4030 de
854 3978 949 4042 terra,
980 3972 1059 4030 sicut
1082 3968 1208 4041 arundo,
1242 3987 1302 4029 non

125 4072 206 4151 quod
228 4076 268 4134 sit
290 4073 420 4146 arundo,
444 4091 501 4133 nec
524 4090 619 4152 genus
643 4073 817 4145 arundinis,
840 4072 896 4134 sed
910 4076 989 4134 sicut
1005 4071 1120 4133 arundo
1135 4072 1302 4133 nonhabet

125 4193 240 4249 runos,
264 4175 319 4238 sed
341 4176 411 4237 lolia
434 4178 465 4237 in
488 4175 729 4237 circumferentia
752 4177 878 4254 stipitis,
896 4171 938 4236 ‘ex
962 4176 1070 4253 quibus
1086 4175 1229 4245 resultat,
1253 4176 1299 4233 sic

125 4284 157 4340 et
177 4281 265 4341 arbor
286 4280 370 4341 haec.
414 4279 467 4341 Est
486 4285 587 4340 autem
609 4278 728 4356 grandis
750 4281 861 4359 stipitis
884 4284 915 4340 et
937 4278 1009 4341 lolia
1036 4277 1127 4338 habet
1156 4277 1299 4358 ingentia.
