<?xml version="1.0" encoding="UTF-8"?>
<!DOCTYPE html PUBLIC "-//W3C//DTD XHTML 1.0 Transitional//EN"
    "http://www.w3.org/TR/xhtml1/DTD/xhtml1-transitional.dtd">
<html xmlns="http://www.w3.org/1999/xhtml" xml:lang="en" lang="en">
 <head>
  <title>
</title>
<meta http-equiv="Content-Type" content="text/html;charset=utf-8" />
  <meta name='ocr-system' content='tesseract 3.04.00' />
  <meta name='ocr-capabilities' content='ocr_page ocr_carea ocr_par ocr_line ocrx_word'/>
</head>
<body>
  <div class='ocr_page' id='page_1' title='image "./fratrisfelicisf00fabrgoog_0183.png"; bbox 0 0 2902 4710; ppageno 0'>
   <div class='ocr_carea' id='block_1_1' title="bbox 622 98 797 271">
    <p class='ocr_par' dir='ltr' id='par_1_1' title="bbox 622 98 797 271">
     <span class='ocr_line' id='line_1_1' title="bbox 622 98 797 271; baseline -0.017 -48"><span class='ocrx_word' id='word_1_1' title='bbox 622 120 626 127; x_wconf 78' lang='grc'>’</span> <span class='ocrx_word' id='word_1_2' title='bbox 729 98 797 271; x_wconf 68' lang='lat' dir='ltr'>leo</span> 
     </span>
    </p>
   </div>
   <div class='ocr_carea' id='block_1_2' title="bbox 99 324 1430 4262">
    <p class='ocr_par' dir='ltr' id='par_1_2' title="bbox 99 324 1430 4262">
     <span class='ocr_line' id='line_1_2' title="bbox 176 324 1353 409; baseline -0.003 -15"><span class='ocrx_word' id='word_1_3' title='bbox 176 331 276 395; x_wconf 90' lang='lat' dir='ltr'>cundo</span> <span class='ocrx_word' id='word_1_4' title='bbox 301 324 458 394; x_wconf 72' lang='lat' dir='ltr'>dicebatur</span> <span class='ocrx_word' id='word_1_5' title='bbox 480 331 607 402; x_wconf 85' lang='lat' dir='ltr'>Essaea,</span> <span class='ocrx_word' id='word_1_6' title='bbox 639 331 726 408; x_wconf 89' lang='lat' dir='ltr'>quasi</span> <span class='ocrx_word' id='word_1_7' title='bbox 757 330 854 409; x_wconf 91' lang='lat' dir='ltr'>ipsius</span> <span class='ocrx_word' id='word_1_8' title='bbox 878 329 955 390; x_wconf 88' lang='lat' dir='ltr'>Esse</span> <span class='ocrx_word' id='word_1_9' title='bbox 978 331 1201 402; x_wconf 75' lang='lat' dir='ltr'>conservativa,</span> <span class='ocrx_word' id='word_1_10' title='bbox 1231 328 1353 409; x_wconf 89' lang='lat' dir='ltr'>dequo</span> 
     </span>
     <span class='ocr_line' id='line_1_3' title="bbox 169 428 1352 514; baseline -0.005 -14"><span class='ocrx_word' id='word_1_11' title='bbox 169 438 248 501; x_wconf 81' lang='lat' dir='ltr'>¹dicit</span> <span class='ocrx_word' id='word_1_12' title='bbox 270 437 419 498; x_wconf 83' lang='lat' dir='ltr'><strong>Eusebius</strong></span> <span class='ocrx_word' id='word_1_13' title='bbox 443 435 481 496; x_wconf 94' lang='lat' dir='ltr'>de</span> <span class='ocrx_word' id='word_1_14' title='bbox 505 431 679 512; x_wconf 90' lang='lat' dir='ltr'>evangelica</span> <span class='ocrx_word' id='word_1_15' title='bbox 701 434 930 511; x_wconf 82' lang='lat' dir='ltr'><strong>praeparatione</strong></span> <span class='ocrx_word' id='word_1_16' title='bbox 952 428 986 492; x_wconf 90' lang='lat' dir='ltr'>L.</span> <span class='ocrx_word' id='word_1_17' title='bbox 1009 430 1046 494; x_wconf 91' lang='lat' dir='ltr'>X.</span> <span class='ocrx_word' id='word_1_18' title='bbox 1071 433 1104 494; x_wconf 86' lang='lat' dir='ltr'>G.</span> <span class='ocrx_word' id='word_1_19' title='bbox 1120 431 1157 499; x_wconf 83' lang='lat'>2:</span> <span class='ocrx_word' id='word_1_20' title='bbox 1184 431 1352 514; x_wconf 83' lang='lat' dir='ltr'>Aegyptus,</span> 
     </span>
     <span class='ocr_line' id='line_1_4' title="bbox 99 527 1353 620; baseline -0.002 -20"><span class='ocrx_word' id='word_1_21' title='bbox 99 537 103 551; x_wconf 92' lang='lat'>&#39;</span> <span class='ocrx_word' id='word_1_22' title='bbox 173 542 286 620; x_wconf 88' lang='lat' dir='ltr'>inquit,</span> <span class='ocrx_word' id='word_1_23' title='bbox 310 544 437 603; x_wconf 88' lang='lat' dir='ltr'>venusta</span> <span class='ocrx_word' id='word_1_24' title='bbox 458 540 557 615; x_wconf 82' lang='lat' dir='ltr'>regio,</span> <span class='ocrx_word' id='word_1_25' title='bbox 579 539 611 597; x_wconf 90' lang='lat' dir='ltr'>in</span> <span class='ocrx_word' id='word_1_26' title='bbox 634 527 693 614; x_wconf 88' lang='lat' dir='ltr'>qua</span> <span class='ocrx_word' id='word_1_27' title='bbox 715 536 837 612; x_wconf 90' lang='lat' dir='ltr'>longam</span> <span class='ocrx_word' id='word_1_28' title='bbox 853 541 983 596; x_wconf 89' lang='lat' dir='ltr'>aetatem</span> <span class='ocrx_word' id='word_1_29' title='bbox 998 536 1085 597; x_wconf 91' lang='lat' dir='ltr'>multi</span> <span class='ocrx_word' id='word_1_30' title='bbox 1101 537 1258 598; x_wconf 79' lang='lat' dir='ltr'>consecuti</span> <span class='ocrx_word' id='word_1_31' title='bbox 1282 543 1353 597; x_wconf 88' lang='lat' dir='ltr'>sunt</span> 
     </span>
     <span class='ocr_line' id='line_1_5' title="bbox 173 629 1352 725; baseline -0.003 -21"><span class='ocrx_word' id='word_1_32' title='bbox 173 651 299 725; x_wconf 91' lang='lat' dir='ltr'>propter</span> <span class='ocrx_word' id='word_1_33' title='bbox 323 629 428 706; x_wconf 87' lang='lat' dir='ltr'>aestivi</span> <span class='ocrx_word' id='word_1_34' title='bbox 450 643 596 720; x_wconf 91' lang='lat' dir='ltr'>temporis</span> <span class='ocrx_word' id='word_1_35' title='bbox 612 643 826 715; x_wconf 85' lang='lat' dir='ltr'>serenitatem,</span> <span class='ocrx_word' id='word_1_36' title='bbox 851 659 941 721; x_wconf 87' lang='lat' dir='ltr'>quam</span> <span class='ocrx_word' id='word_1_37' title='bbox 959 641 1089 703; x_wconf 81' lang='lat' dir='ltr'>maxime</span> <span class='ocrx_word' id='word_1_38' title='bbox 1103 639 1251 720; x_wconf 85' lang='lat' dir='ltr'>possidet.</span> <span class='ocrx_word' id='word_1_39' title='bbox 1274 639 1352 724; x_wconf 78' lang='lat' dir='ltr'>Nam</span> 
     </span>
     <span class='ocr_line' id='line_1_6' title="bbox 173 732 1353 832; baseline -0.002 -24"><span class='ocrx_word' id='word_1_40' title='bbox 173 748 328 809; x_wconf 89' lang='lat' dir='ltr'>calamitas</span> <span class='ocrx_word' id='word_1_41' title='bbox 363 732 465 807; x_wconf 84' lang='lat' dir='ltr'>diluvii</span> <span class='ocrx_word' id='word_1_42' title='bbox 488 745 699 817; x_wconf 87' lang='lat' dir='ltr'>Deucalionis,</span> <span class='ocrx_word' id='word_1_43' title='bbox 729 747 807 819; x_wconf 76' lang='lat' dir='ltr'>cum&#39;</span> <span class='ocrx_word' id='word_1_44' title='bbox 821 746 977 807; x_wconf 90' lang='lat' dir='ltr'>universas</span> <span class='ocrx_word' id='word_1_45' title='bbox 1000 745 1147 823; x_wconf 76' lang='lat' dir='ltr'>regiones</span> <span class='ocrx_word' id='word_1_46' title='bbox 1166 751 1299 808; x_wconf 81' lang='lat' dir='ltr'>vastaret</span> <span class='ocrx_word' id='word_1_47' title='bbox 1312 749 1353 832; x_wconf 82' lang='lat' dir='ltr'>‘et</span> 
     </span>
     <span class='ocr_line' id='line_1_7' title="bbox 174 836 1351 928; baseline -0.002 -16"><span class='ocrx_word' id='word_1_48' title='bbox 174 852 313 912; x_wconf 89' lang='lat' dir='ltr'>homines</span> <span class='ocrx_word' id='word_1_49' title='bbox 337 869 371 912; x_wconf 90' lang='lat' dir='ltr'>ac</span> <span class='ocrx_word' id='word_1_50' title='bbox 387 849 529 927; x_wconf 73' lang='lat' dir='ltr'>&#39;jumenta</span> <span class='ocrx_word' id='word_1_51' title='bbox 552 837 775 928; x_wconf 80' lang='lat' dir='ltr'>submergeret,</span> <span class='ocrx_word' id='word_1_52' title='bbox 798 836 972 928; x_wconf 81' lang='lat' dir='ltr'>Aegyptum</span> <span class='ocrx_word' id='word_1_53' title='bbox 988 850 1179 927; x_wconf 89' lang='lat' dir='ltr'>nontetigit,</span> <span class='ocrx_word' id='word_1_54' title='bbox 1203 849 1259 910; x_wconf 89' lang='lat' dir='ltr'>sed</span> <span class='ocrx_word' id='word_1_55' title='bbox 1284 865 1351 910; x_wconf 93' lang='lat' dir='ltr'>ces·</span> 
     </span>
     <span class='ocr_line' id='line_1_8' title="bbox 171 944 1350 1035; baseline -0.002 -19"><span class='ocrx_word' id='word_1_56' title='bbox 171 944 308 1016; x_wconf 81' lang='lat' dir='ltr'>sontibus</span> <span class='ocrx_word' id='word_1_57' title='bbox 328 956 424 1033; x_wconf 88' lang='lat' dir='ltr'>aquis</span> <span class='ocrx_word' id='word_1_58' title='bbox 455 953 593 1014; x_wconf 89' lang='lat' dir='ltr'>homines</span> <span class='ocrx_word' id='word_1_59' title='bbox 618 959 650 1014; x_wconf 91' lang='lat' dir='ltr'>et</span> <span class='ocrx_word' id='word_1_60' title='bbox 668 951 806 1031; x_wconf 90' lang='lat' dir='ltr'>jumenta</span> <span class='ocrx_word' id='word_1_61' title='bbox 830 952 868 1014; x_wconf 90' lang='lat' dir='ltr'>ad</span> <span class='ocrx_word' id='word_1_62' title='bbox 892 952 965 1014; x_wconf 93' lang='lat' dir='ltr'>alias</span> <span class='ocrx_word' id='word_1_63' title='bbox 989 955 1128 1034; x_wconf 85' lang='lat' dir='ltr'>regiones</span> <span class='ocrx_word' id='word_1_64' title='bbox 1152 954 1190 1016; x_wconf 93' lang='lat' dir='ltr'>de</span> <span class='ocrx_word' id='word_1_65' title='bbox 1212 953 1350 1035; x_wconf 79' lang='lat' dir='ltr'>Aegypto</span> 
     </span>
     <span class='ocr_line' id='line_1_9' title="bbox 172 1058 1351 1146; baseline -0.001 -27"><span class='ocrx_word' id='word_1_66' title='bbox 172 1067 385 1146; x_wconf 19' lang='lat' dir='ltr'>revenerunt..</span> <span class='ocrx_word' id='word_1_67' title='bbox 421 1058 477 1120; x_wconf 86' lang='lat' dir='ltr'>Vel</span> <span class='ocrx_word' id='word_1_68' title='bbox 515 1065 640 1138; x_wconf 89' lang='lat' dir='ltr'>propter</span> <span class='ocrx_word' id='word_1_69' title='bbox 675 1064 775 1119; x_wconf 89' lang='lat' dir='ltr'>terrae</span> <span class='ocrx_word' id='word_1_70' title='bbox 806 1059 1022 1137; x_wconf 89' lang='lat' dir='ltr'>sempiternam</span> <span class='ocrx_word' id='word_1_71' title='bbox 1048 1059 1257 1132; x_wconf 80' lang='lat' dir='ltr'>ubertatem,-</span> <span class='ocrx_word' id='word_1_72' title='bbox 1292 1075 1351 1137; x_wconf 89' lang='lat' dir='ltr'>qua</span> 
     </span>
     <span class='ocr_line' id='line_1_10' title="bbox 172 1162 1349 1245; baseline 0.001 -22"><span class='ocrx_word' id='word_1_73' title='bbox 172 1181 244 1245; x_wconf 91' lang='lat' dir='ltr'>prae</span> <span class='ocrx_word' id='word_1_74' title='bbox 278 1163 343 1224; x_wconf 90' lang='lat' dir='ltr'>aliis</span> <span class='ocrx_word' id='word_1_75' title='bbox 377 1162 482 1234; x_wconf 90' lang='lat' dir='ltr'>floret,</span> <span class='ocrx_word' id='word_1_76' title='bbox 512 1178 582 1223; x_wconf 92' lang='lat' dir='ltr'>nam</span> <span class='ocrx_word' id='word_1_77' title='bbox 622 1163 691 1224; x_wconf 91' lang='lat' dir='ltr'>alibi</span> <span class='ocrx_word' id='word_1_78' title='bbox 724 1162 940 1224; x_wconf 83' lang='lat' dir='ltr'>deficientibus</span> <span class='ocrx_word' id='word_1_79' title='bbox 963 1163 1133 1225; x_wconf 90' lang='lat' dir='ltr'>bominibus</span> <span class='ocrx_word' id='word_1_80' title='bbox 1168 1171 1199 1224; x_wconf 90' lang='lat' dir='ltr'>et</span> <span class='ocrx_word' id='word_1_81' title='bbox 1218 1165 1349 1243; x_wconf 80' lang='lat' dir='ltr'>&#39;pecori-</span> 
     </span>
     <span class='ocr_line' id='line_1_11' title="bbox 171 1263 1349 1347; baseline 0 -19"><span class='ocrx_word' id='word_1_82' title='bbox 171 1268 228 1328; x_wconf 89' lang='lat' dir='ltr'>bus</span> <span class='ocrx_word' id='word_1_83' title='bbox 250 1268 345 1340; x_wconf 89' lang='lat' dir='ltr'>iame,</span> <span class='ocrx_word' id='word_1_84' title='bbox 376 1267 674 1328; x_wconf 79' lang='lat' dir='ltr'>hroconservantur</span> <span class='ocrx_word' id='word_1_85' title='bbox 705 1267 736 1327; x_wconf 94' lang='lat' dir='ltr'>in</span> <span class='ocrx_word' id='word_1_86' title='bbox 758 1265 853 1338; x_wconf 82' lang='lat' dir='ltr'>Esse,</span> <span class='ocrx_word' id='word_1_87' title='bbox 876 1273 910 1327; x_wconf 89' lang='grc'>111</span> <span class='ocrx_word' id='word_1_88' title='bbox 939 1285 1031 1345; x_wconf 91' lang='lat' dir='ltr'>supra</span> <span class='ocrx_word' id='word_1_89' title='bbox 1045 1267 1111 1328; x_wconf 89' lang='lat' dir='ltr'>·fol.</span> <span class='ocrx_word' id='word_1_90' title='bbox 1138 1263 1201 1331; x_wconf 84' lang='lat'>108</span> <span class='ocrx_word' id='word_1_91' title='bbox 1229 1275 1261 1329; x_wconf 91' lang='lat' dir='ltr'>et</span> <span class='ocrx_word' id='word_1_92' title='bbox 1282 1285 1349 1347; x_wconf 88' lang='lat' dir='ltr'>sqq.</span> 
     </span>
     <span class='ocr_line' id='line_1_12' title="bbox 171 1359 1349 1452; baseline 0.001 -21"><span class='ocrx_word' id='word_1_93' title='bbox 171 1371 244 1433; x_wconf 92' lang='lat' dir='ltr'>ldeo</span> <span class='ocrx_word' id='word_1_94' title='bbox 268 1359 389 1432; x_wconf 84' lang='lat' dir='ltr'>Essaea</span> <span class='ocrx_word' id='word_1_95' title='bbox 403 1360 521 1452; x_wconf 81' lang='lat' dir='ltr'>dieitur.</span> <span class='ocrx_word' id='word_1_96' title='bbox 567 1369 624 1432; x_wconf 87' lang='lat' dir='ltr'>Vel</span> <span class='ocrx_word' id='word_1_97' title='bbox 643 1367 764 1444; x_wconf 18' lang='lat' dir='ltr'>,dicitur</span> <span class='ocrx_word' id='word_1_98' title='bbox 785 1369 897 1430; x_wconf 89' lang='lat' dir='ltr'>Essaea</span> <span class='ocrx_word' id='word_1_99' title='bbox 919 1377 1045 1451; x_wconf 90' lang='lat' dir='ltr'>propter</span> <span class='ocrx_word' id='word_1_100' title='bbox 1067 1370 1247 1451; x_wconf 83' lang='lat' dir='ltr'>longaevum</span> <span class='ocrx_word' id='word_1_101' title='bbox 1269 1373 1349 1434; x_wconf 91' lang='grc'><strong>1111111</strong></span> 
     </span>
     <span class='ocr_line' id='line_1_13' title="bbox 174 1460 1350 1554; baseline -0.002 -17"><span class='ocrx_word' id='word_1_102' title='bbox 174 1483 274 1537; x_wconf 88' lang='lat' dir='ltr'>terrae</span> <span class='ocrx_word' id='word_1_103' title='bbox 306 1481 417 1536; x_wconf 91' lang='lat' dir='ltr'>statum</span> <span class='ocrx_word' id='word_1_104' title='bbox 448 1481 479 1534; x_wconf 93' lang='lat' dir='ltr'>et</span> <span class='ocrx_word' id='word_1_105' title='bbox 508 1472 681 1534; x_wconf 84' lang='lat' dir='ltr'>diuturnam</span> <span class='ocrx_word' id='word_1_106' title='bbox 708 1473 964 1535; x_wconf 89' lang='lat' dir='ltr'>inhabitationem.</span> <span class='ocrx_word' id='word_1_107' title='bbox 996 1460 1181 1554; x_wconf 36' lang='lat' dir='ltr'>&#39;‘Reperitur</span> <span class='ocrx_word' id='word_1_108' title='bbox 1210 1477 1292 1536; x_wconf 93' lang='lat' dir='ltr'>enim</span> <span class='ocrx_word' id='word_1_109' title='bbox 1318 1478 1350 1536; x_wconf 92' lang='lat' dir='ltr'>in</span> 
     </span>
     <span class='ocr_line' id='line_1_14' title="bbox 172 1561 1349 1656; baseline -0.001 -16"><span class='ocrx_word' id='word_1_110' title='bbox 172 1579 262 1640; x_wconf 67' lang='lat' dir='ltr'>libris⁴</span> <span class='ocrx_word' id='word_1_111' title='bbox 286 1579 501 1641; x_wconf 89' lang='lat' dir='ltr'>vetustissimis</span> <span class='ocrx_word' id='word_1_112' title='bbox 530 1576 748 1656; x_wconf 82' lang='lat' dir='ltr'>Aegyptiorum</span> <span class='ocrx_word' id='word_1_113' title='bbox 778 1576 990 1650; x_wconf 85' lang='lat' dir='ltr'>sacerdotum,</span> <span class='ocrx_word' id='word_1_114' title='bbox 1017 1586 1052 1638; x_wconf 91' lang='lat' dir='ltr'>ut</span> <span class='ocrx_word' id='word_1_115' title='bbox 1081 1561 1272 1644; x_wconf 81' lang='lat' dir='ltr'>dicitllarro</span> <span class='ocrx_word' id='word_1_116' title='bbox 1298 1579 1349 1640; x_wconf 91' lang='grc'><strong>1111</strong></span> 
     </span>
     <span class='ocr_line' id='line_1_15' title="bbox 171 1661 1348 1763; baseline 0.001 -19"><span class='ocrx_word' id='word_1_117' title='bbox 171 1683 323 1763; x_wconf 91' lang='lat' dir='ltr'>prudens,</span> <span class='ocrx_word' id='word_1_118' title='bbox 348 1687 378 1742; x_wconf 90' lang='lat' dir='ltr'>et</span> <span class='ocrx_word' id='word_1_119' title='bbox 399 1661 517 1752; x_wconf 69' lang='lat' dir='ltr'>Solon,</span> <span class='ocrx_word' id='word_1_120' title='bbox 534 1679 571 1740; x_wconf 94' lang='lat' dir='ltr'>de</span> <span class='ocrx_word' id='word_1_121' title='bbox 588 1679 847 1759; x_wconf 74' lang='lat' dir='ltr'>VILSapientibns</span> <span class='ocrx_word' id='word_1_122' title='bbox 872 1681 976 1743; x_wconf 86' lang='lat' dir='ltr'>mundi</span> <span class='ocrx_word' id='word_1_123' title='bbox 990 1684 1150 1757; x_wconf 88' lang='lat' dir='ltr'>illustrior,</span> <span class='ocrx_word' id='word_1_124' title='bbox 1173 1683 1255 1762; x_wconf 92' lang='lat' dir='ltr'>quod</span> <span class='ocrx_word' id='word_1_125' title='bbox 1277 1702 1348 1745; x_wconf 90' lang='lat' dir='ltr'>oen-</span> 
     </span>
     <span class='ocr_line' id='line_1_16' title="bbox 171 1781 1349 1868; baseline 0 -21"><span class='ocrx_word' id='word_1_126' title='bbox 171 1793 236 1848; x_wconf 91' lang='grc'><strong>111111</strong></span> <span class='ocrx_word' id='word_1_127' title='bbox 269 1786 361 1847; x_wconf 90' lang='lat' dir='ltr'>millia</span> <span class='ocrx_word' id='word_1_128' title='bbox 395 1787 541 1846; x_wconf 88' lang='lat' dir='ltr'>annorum</span> <span class='ocrx_word' id='word_1_129' title='bbox 574 1787 772 1857; x_wconf 88' lang='lat' dir='ltr'>transierunt,</span> <span class='ocrx_word' id='word_1_130' title='bbox 800 1793 965 1865; x_wconf 88' lang='lat' dir='ltr'>postquam</span> <span class='ocrx_word' id='word_1_131' title='bbox 999 1785 1141 1868; x_wconf 83' lang='lat' dir='ltr'>Aegyptii</span> <span class='ocrx_word' id='word_1_132' title='bbox 1170 1781 1349 1867; x_wconf 84' lang='lat' dir='ltr'>religionem</span> 
     </span>
     <span class='ocr_line' id='line_1_17' title="bbox 172 1878 1349 1975; baseline -0.001 -24"><span class='ocrx_word' id='word_1_133' title='bbox 172 1880 482 1969; x_wconf 79' lang='lat' dir='ltr'>comprehenderent,</span> <span class='ocrx_word' id='word_1_134' title='bbox 518 1894 549 1948; x_wconf 92' lang='lat' dir='ltr'>et</span> <span class='ocrx_word' id='word_1_135' title='bbox 580 1878 665 1967; x_wconf 77' lang='lat' dir='ltr'>quo&#39;d</span> <span class='ocrx_word' id='word_1_136' title='bbox 694 1881 840 1975; x_wconf 78' lang='lat' dir='ltr'>sapientia</span> <span class='ocrx_word' id='word_1_137' title='bbox 870 1889 949 1969; x_wconf 90' lang='lat' dir='ltr'>apud</span> <span class='ocrx_word' id='word_1_138' title='bbox 977 1887 1144 1970; x_wconf 84' lang='lat' dir='ltr'>Aegyptios</span> <span class='ocrx_word' id='word_1_139' title='bbox 1177 1893 1272 1971; x_wconf 86' lang='lat' dir='ltr'>viguit</span> <span class='ocrx_word' id='word_1_140' title='bbox 1295 1889 1349 1953; x_wconf 89' lang='lat' dir='ltr'>XL</span> 
     </span>
     <span class='ocr_line' id='line_1_18' title="bbox 171 1984 1349 2074; baseline 0.003 -22"><span class='ocrx_word' id='word_1_141' title='bbox 171 1994 301 2054; x_wconf 92' lang='lat' dir='ltr'>millibus</span> <span class='ocrx_word' id='word_1_142' title='bbox 341 2011 496 2054; x_wconf 91' lang='lat' dir='ltr'>annorum.</span> <span class='ocrx_word' id='word_1_143' title='bbox 554 1984 612 2053; x_wconf 52' lang='lat' dir='ltr'>De‘</span> <span class='ocrx_word' id='word_1_144' title='bbox 640 1994 759 2054; x_wconf 86' lang='lat' dir='ltr'>civitate</span> <span class='ocrx_word' id='word_1_145' title='bbox 796 1985 1231 2074; x_wconf 48' lang='lat' dir='ltr'>etiam“quadam.Aegypti,</span> <span class='ocrx_word' id='word_1_146' title='bbox 1258 1995 1349 2056; x_wconf 73' lang='lat' dir='ltr'>‘Sami</span> 
     </span>
     <span class='ocr_line' id='line_1_19' title="bbox 172 2094 1347 2175; baseline 0.002 -19"><span class='ocrx_word' id='word_1_147' title='bbox 172 2094 269 2169; x_wconf 89' lang='lat' dir='ltr'>dicta,</span> <span class='ocrx_word' id='word_1_148' title='bbox 304 2096 425 2170; x_wconf 89' lang='lat' dir='ltr'>dicunt,</span> <span class='ocrx_word' id='word_1_149' title='bbox 461 2095 541 2174; x_wconf 90' lang='lat' dir='ltr'>quod</span> <span class='ocrx_word' id='word_1_150' title='bbox 574 2097 694 2158; x_wconf 90' lang='lat' dir='ltr'>steterit</span> <span class='ocrx_word' id='word_1_151' title='bbox 729 2101 798 2157; x_wconf 92' lang='lat' dir='ltr'>octo</span> <span class='ocrx_word' id='word_1_152' title='bbox 835 2097 968 2157; x_wconf 91' lang='lat' dir='ltr'>millibus</span> <span class='ocrx_word' id='word_1_153' title='bbox 1002 2114 1164 2169; x_wconf 89' lang='lat' dir='ltr'>annornm,</span> <span class='ocrx_word' id='word_1_154' title='bbox 1183 2104 1233 2157; x_wconf 48' lang='lat' dir='ltr'>*et</span> <span class='ocrx_word' id='word_1_155' title='bbox 1265 2098 1347 2175; x_wconf 89' lang='lat' dir='ltr'>qnod</span> 
     </span>
     <span class='ocr_line' id='line_1_20' title="bbox 131 2185 1430 2289; baseline 0.01 -35"><span class='ocrx_word' id='word_1_156' title='bbox 131 2242 135 2254; x_wconf 93' lang='lat'><em>.</em></span> <span class='ocrx_word' id='word_1_157' title='bbox 172 2201 245 2261; x_wconf 92' lang='lat' dir='ltr'>olim</span> <span class='ocrx_word' id='word_1_158' title='bbox 268 2185 582 2289; x_wconf 36' lang='lat' dir='ltr'>numero&#39;hominum</span> <span class='ocrx_word' id='word_1_159' title='bbox 604 2186 710 2260; x_wconf 92' lang='lat' dir='ltr'>omnes</span> <span class='ocrx_word' id='word_1_160' title='bbox 745 2199 809 2260; x_wconf 90' lang='lat' dir='ltr'>fere</span> <span class='ocrx_word' id='word_1_161' title='bbox 833 2201 913 2288; x_wconf 90' lang='lat' dir='ltr'>orbis</span> <span class='ocrx_word' id='word_1_162' title='bbox 938 2191 1044 2280; x_wconf 82' lang='lat' dir='ltr'>gentes</span> <span class='ocrx_word' id='word_1_163' title='bbox 1068 2202 1230 2280; x_wconf 86' lang='lat' dir='ltr'>superavit.</span> <span class='ocrx_word' id='word_1_164' title='bbox 1275 2199 1348 2262; x_wconf 90' lang='lat' dir='ltr'>ldeo</span> <span class='ocrx_word' id='word_1_165' title='bbox 1423 2238 1430 2267; x_wconf 54' lang='grc' dir='ltr'>ι</span> 
     </span>
     <span class='ocr_line' id='line_1_21' title="bbox 173 2298 1348 2386; baseline 0.002 -21"><span class='ocrx_word' id='word_1_166' title='bbox 173 2307 309 2366; x_wconf 89' lang='lat' dir='ltr'>civitates</span> <span class='ocrx_word' id='word_1_167' title='bbox 340 2309 372 2364; x_wconf 88' lang='lat' dir='ltr'>et</span> <span class='ocrx_word' id='word_1_168' title='bbox 403 2303 512 2386; x_wconf 91' lang='lat' dir='ltr'>oppida</span> <span class='ocrx_word' id='word_1_169' title='bbox 544 2298 650 2363; x_wconf 88' lang='lat' dir='ltr'>decem</span> <span class='ocrx_word' id='word_1_170' title='bbox 673 2309 704 2364; x_wconf 90' lang='lat' dir='ltr'>et</span> <span class='ocrx_word' id='word_1_171' title='bbox 727 2313 796 2364; x_wconf 89' lang='lat' dir='ltr'>octo</span> <span class='ocrx_word' id='word_1_172' title='bbox 820 2303 913 2367; x_wconf 90' lang='lat' dir='ltr'>millia</span> <span class='ocrx_word' id='word_1_173' title='bbox 939 2305 970 2364; x_wconf 94' lang='lat' dir='ltr'>in</span> <span class='ocrx_word' id='word_1_174' title='bbox 992 2302 1131 2386; x_wconf 78' lang='lat' dir='ltr'>Aegypto</span> <span class='ocrx_word' id='word_1_175' title='bbox 1153 2304 1248 2365; x_wconf 84' lang='lat' dir='ltr'>fuisse</span> <span class='ocrx_word' id='word_1_176' title='bbox 1272 2307 1348 2367; x_wconf 89' lang='lat' dir='ltr'>anti—</span> 
     </span>
     <span class='ocr_line' id='line_1_22' title="bbox 172 2408 1347 2489; baseline 0.002 -20"><span class='ocrx_word' id='word_1_177' title='bbox 172 2427 299 2488; x_wconf 90' lang='lat' dir='ltr'>quorum</span> <span class='ocrx_word' id='word_1_178' title='bbox 322 2408 389 2470; x_wconf 91' lang='lat' dir='ltr'>libri</span> <span class='ocrx_word' id='word_1_179' title='bbox 405 2409 579 2480; x_wconf 87' lang='lat' dir='ltr'>continent,</span> <span class='ocrx_word' id='word_1_180' title='bbox 604 2413 635 2467; x_wconf 90' lang='lat' dir='ltr'>et</span> <span class='ocrx_word' id='word_1_181' title='bbox 656 2409 967 2477; x_wconf 85' lang='lat' dir='ltr'>numerum-universi</span> <span class='ocrx_word' id='word_1_182' title='bbox 990 2409 1093 2488; x_wconf 90' lang='lat' dir='ltr'>populi</span> <span class='ocrx_word' id='word_1_183' title='bbox 1115 2408 1211 2470; x_wconf 87' lang='grc'><strong>1111111</strong></span> <span class='ocrx_word' id='word_1_184' title='bbox 1234 2411 1347 2489; x_wconf 87' lang='lat' dir='ltr'>septies</span> 
     </span>
     <span class='ocr_line' id='line_1_23' title="bbox 172 2506 1347 2595; baseline 0.003 -23"><span class='ocrx_word' id='word_1_185' title='bbox 172 2511 274 2574; x_wconf 90' lang='lat' dir='ltr'>decies</span> <span class='ocrx_word' id='word_1_186' title='bbox 290 2520 419 2574; x_wconf 90' lang='lat' dir='ltr'>centena</span> <span class='ocrx_word' id='word_1_187' title='bbox 435 2513 543 2584; x_wconf 90' lang='lat' dir='ltr'>millia;</span> <span class='ocrx_word' id='word_1_188' title='bbox 567 2528 647 2571; x_wconf 90' lang='lat' dir='ltr'>nunc</span> <span class='ocrx_word' id='word_1_189' title='bbox 664 2510 744 2571; x_wconf 89' lang='lat' dir='ltr'>haud</span> <span class='ocrx_word' id='word_1_190' title='bbox 758 2513 926 2590; x_wconf 89' lang='lat' dir='ltr'>pauciores</span> <span class='ocrx_word' id='word_1_191' title='bbox 944 2511 1047 2577; x_wconf 89' lang='lat' dir='ltr'>decies</span> <span class='ocrx_word' id='word_1_192' title='bbox 1070 2506 1255 2595; x_wconf 84' lang='lat' dir='ltr'>tercentenis</span> <span class='ocrx_word' id='word_1_193' title='bbox 1276 2515 1347 2575; x_wconf 87' lang='lat' dir='ltr'>&#39;mil-</span> 
     </span>
     <span class='ocr_line' id='line_1_24' title="bbox 170 2606 1347 2700; baseline 0.003 -24"><span class='ocrx_word' id='word_1_194' title='bbox 170 2616 248 2677; x_wconf 91' lang='lat' dir='ltr'>libus</span> <span class='ocrx_word' id='word_1_195' title='bbox 263 2617 403 2678; x_wconf 85' lang='lat' dir='ltr'>tradunt.</span> <span class='ocrx_word' id='word_1_196' title='bbox 444 2615 531 2700; x_wconf 23' lang='lat' dir='ltr'>AHaec</span> <span class='ocrx_word' id='word_1_197' title='bbox 554 2606 706 2676; x_wconf 89' lang='lat' dir='ltr'>Diodorus</span> <span class='ocrx_word' id='word_1_198' title='bbox 727 2612 800 2683; x_wconf 84' lang='lat' dir='ltr'>L,1.</span> <span class='ocrx_word' id='word_1_199' title='bbox 820 2615 891 2694; x_wconf 87' lang='lat' dir='ltr'>Cap.</span> <span class='ocrx_word' id='word_1_200' title='bbox 913 2610 942 2678; x_wconf 84' lang='lat'>1.</span> <span class='ocrx_word' id='word_1_201' title='bbox 987 2617 1024 2677; x_wconf 90' lang='lat' dir='ltr'>Et</span> <span class='ocrx_word' id='word_1_202' title='bbox 1046 2616 1128 2695; x_wconf 89' lang='lat' dir='ltr'>quod</span> <span class='ocrx_word' id='word_1_203' title='bbox 1149 2617 1196 2678; x_wconf 88' lang='lat' dir='ltr'>his</span> <span class='ocrx_word' id='word_1_204' title='bbox 1219 2618 1347 2698; x_wconf 90' lang='lat' dir='ltr'>amplius</span> 
     </span>
     <span class='ocr_line' id='line_1_25' title="bbox 169 2717 1346 2799; baseline 0.004 -20"><span class='ocrx_word' id='word_1_205' title='bbox 169 2720 291 2781; x_wconf 88' lang='lat' dir='ltr'>tradunt</span> <span class='ocrx_word' id='word_1_206' title='bbox 312 2721 467 2799; x_wconf 81' lang='lat' dir='ltr'>Aegyptii,</span> <span class='ocrx_word' id='word_1_207' title='bbox 492 2720 527 2779; x_wconf 92' lang='lat' dir='ltr'>ab</span> <span class='ocrx_word' id='word_1_208' title='bbox 552 2717 632 2777; x_wconf 91' lang='lat' dir='ltr'>orbis</span> <span class='ocrx_word' id='word_1_209' title='bbox 654 2719 740 2778; x_wconf 93' lang='lat' dir='ltr'>initio</span> <span class='ocrx_word' id='word_1_210' title='bbox 764 2720 878 2796; x_wconf 82' lang='lat' dir='ltr'>primos</span> <span class='ocrx_word' id='word_1_211' title='bbox 902 2719 1041 2781; x_wconf 92' lang='lat' dir='ltr'>homines</span> <span class='ocrx_word' id='word_1_212' title='bbox 1065 2719 1145 2799; x_wconf 89' lang='lat' dir='ltr'>apud</span> <span class='ocrx_word' id='word_1_213' title='bbox 1167 2739 1201 2783; x_wconf 91' lang='lat' dir='ltr'>se</span> <span class='ocrx_word' id='word_1_214' title='bbox 1227 2729 1346 2784; x_wconf 90' lang='lat' dir='ltr'>creatos</span> 
     </span>
     <span class='ocr_line' id='line_1_26' title="bbox 168 2811 1349 2907; baseline 0.004 -25"><span class='ocrx_word' id='word_1_215' title='bbox 168 2823 304 2907; x_wconf 86' lang='lat' dir='ltr'>bonitate</span> <span class='ocrx_word' id='word_1_216' title='bbox 329 2828 360 2882; x_wconf 92' lang='lat' dir='ltr'>et</span> <span class='ocrx_word' id='word_1_217' title='bbox 381 2822 524 2883; x_wconf 86' lang='lat' dir='ltr'>felicitate</span> <span class='ocrx_word' id='word_1_218' title='bbox 548 2818 606 2880; x_wconf 91' lang='lat' dir='ltr'>soli</span> <span class='ocrx_word' id='word_1_219' title='bbox 630 2826 661 2880; x_wconf 90' lang='lat' dir='ltr'>et</span> <span class='ocrx_word' id='word_1_220' title='bbox 683 2814 808 2900; x_wconf 78' lang='lat' dir='ltr'>propter</span> <span class='ocrx_word' id='word_1_221' title='bbox 829 2811 946 2896; x_wconf 91' lang='lat' dir='ltr'>Nilum,</span> <span class='ocrx_word' id='word_1_222' title='bbox 969 2826 1021 2903; x_wconf 90' lang='lat' dir='ltr'>qui</span> <span class='ocrx_word' id='word_1_223' title='bbox 1040 2824 1137 2886; x_wconf 91' lang='lat' dir='ltr'>multa</span> <span class='ocrx_word' id='word_1_224' title='bbox 1159 2832 1293 2904; x_wconf 89' lang='lat' dir='ltr'>generat,</span> <span class='ocrx_word' id='word_1_225' title='bbox 1317 2831 1349 2886; x_wconf 93' lang='lat' dir='ltr'>et</span> 
     </span>
     <span class='ocr_line' id='line_1_27' title="bbox 171 2921 1346 3008; baseline 0.003 -22"><span class='ocrx_word' id='word_1_226' title='bbox 171 2934 277 3004; x_wconf 93' lang='lat' dir='ltr'>suapte</span> <span class='ocrx_word' id='word_1_227' title='bbox 300 2932 415 2998; x_wconf 87' lang='lat' dir='ltr'>natura,</span> <span class='ocrx_word' id='word_1_228' title='bbox 440 2943 516 3003; x_wconf 89' lang='lat' dir='ltr'>quae</span> <span class='ocrx_word' id='word_1_229' title='bbox 535 2921 640 3002; x_wconf 85' lang='lat' dir='ltr'>genuit</span> <span class='ocrx_word' id='word_1_230' title='bbox 657 2924 799 2985; x_wconf 80' lang='lat' dir='ltr'>facillime</span> <span class='ocrx_word' id='word_1_231' title='bbox 822 2929 924 2987; x_wconf 90' lang='lat' dir='ltr'>nutrit.</span> <span class='ocrx_word' id='word_1_232' title='bbox 968 2921 1007 2988; x_wconf 51' lang='lat' dir='ltr'>¹Et</span> <span class='ocrx_word' id='word_1_233' title='bbox 1030 2929 1074 2989; x_wconf 91' lang='lat' dir='ltr'>illi</span> <span class='ocrx_word' id='word_1_234' title='bbox 1095 2931 1186 3008; x_wconf 92' lang='lat' dir='ltr'>primi</span> <span class='ocrx_word' id='word_1_235' title='bbox 1208 2930 1346 2989; x_wconf 89' lang='lat' dir='ltr'>homines</span> 
     </span>
     <span class='ocr_line' id='line_1_28' title="bbox 169 3016 1345 3112; baseline 0.004 -23"><span class='ocrx_word' id='word_1_236' title='bbox 169 3031 201 3091; x_wconf 94' lang='lat' dir='ltr'>in</span> <span class='ocrx_word' id='word_1_237' title='bbox 223 3028 361 3108; x_wconf 83' lang='lat' dir='ltr'>Aegypto</span> <span class='ocrx_word' id='word_1_238' title='bbox 385 3030 478 3108; x_wconf 91' lang='lat' dir='ltr'>geniti</span> <span class='ocrx_word' id='word_1_239' title='bbox 500 3027 580 3088; x_wconf 89' lang='lat' dir='ltr'>huno</span> <span class='ocrx_word' id='word_1_240' title='bbox 611 3016 716 3089; x_wconf 79' lang='lat' dir='ltr'>mundi</span> <span class='ocrx_word' id='word_1_241' title='bbox 739 3037 878 3093; x_wconf 89' lang='lat' dir='ltr'>ornatum</span> <span class='ocrx_word' id='word_1_242' title='bbox 901 3034 1124 3112; x_wconf 87' lang='lat' dir='ltr'>conspicientes</span> <span class='ocrx_word' id='word_1_243' title='bbox 1148 3035 1345 3096; x_wconf 86' lang='lat' dir='ltr'>admirantes-</span> 
     </span>
     <span class='ocr_line' id='line_1_29' title="bbox 171 3133 1345 3216; baseline 0.006 -24"><span class='ocrx_word' id='word_1_244' title='bbox 171 3150 229 3211; x_wconf 90' lang='lat' dir='ltr'>que</span> <span class='ocrx_word' id='word_1_245' title='bbox 253 3135 466 3201; x_wconf 59' lang='lat' dir='ltr'>universorumv</span> <span class='ocrx_word' id='word_1_246' title='bbox 488 3135 640 3204; x_wconf 90' lang='lat' dir='ltr'>naturam,</span> <span class='ocrx_word' id='word_1_247' title='bbox 671 3133 748 3194; x_wconf 90' lang='lat' dir='ltr'>duos</span> <span class='ocrx_word' id='word_1_248' title='bbox 772 3150 841 3195; x_wconf 89' lang='lat' dir='ltr'>esse</span> <span class='ocrx_word' id='word_1_249' title='bbox 858 3135 947 3196; x_wconf 87' lang='lat' dir='ltr'>deos</span> <span class='ocrx_word' id='word_1_250' title='bbox 977 3142 1008 3197; x_wconf 91' lang='lat' dir='ltr'>et</span> <span class='ocrx_word' id='word_1_251' title='bbox 1030 3155 1094 3216; x_wconf 37' lang='lat' dir='ltr'>,eos</span> <span class='ocrx_word' id='word_1_252' title='bbox 1129 3135 1268 3202; x_wconf 86' lang='lat' dir='ltr'>aeternos</span> <span class='ocrx_word' id='word_1_253' title='bbox 1299 3137 1345 3199; x_wconf 89' lang='lat' dir='ltr'>ar·</span> 
     </span>
     <span class='ocr_line' id='line_1_30' title="bbox 153 3233 1346 3321; baseline 0.005 -25"><span class='ocrx_word' id='word_1_254' title='bbox 153 3236 270 3296; x_wconf 48' lang='lat' dir='ltr'>‹bitrati</span> <span class='ocrx_word' id='word_1_255' title='bbox 294 3233 381 3308; x_wconf 86' lang='lat' dir='ltr'>sunt,</span> <span class='ocrx_word' id='word_1_256' title='bbox 406 3237 523 3314; x_wconf 86' lang='lat' dir='ltr'>scilicet</span> <span class='ocrx_word' id='word_1_257' title='bbox 547 3238 698 3298; x_wconf 81' lang='lat' dir='ltr'>solem&#39;et</span> <span class='ocrx_word' id='word_1_258' title='bbox 720 3238 839 3312; x_wconf 86' lang='lat' dir='ltr'>lunam,</span> <span class='ocrx_word' id='word_1_259' title='bbox 866 3247 897 3300; x_wconf 87' lang='lat' dir='ltr'>et</span> <span class='ocrx_word' id='word_1_260' title='bbox 919 3241 1017 3302; x_wconf 92' lang='lat' dir='ltr'>solem</span> <span class='ocrx_word' id='word_1_261' title='bbox 1040 3242 1165 3321; x_wconf 90' lang='lat' dir='ltr'>quidem</span> <span class='ocrx_word' id='word_1_262' title='bbox 1185 3241 1346 3313; x_wconf 88' lang='lat' dir='ltr'>Osiridem,</span> 
     </span>
     <span class='ocr_line' id='line_1_31' title="bbox 171 3322 1347 3428; baseline 0.004 -28"><span class='ocrx_word' id='word_1_263' title='bbox 171 3346 203 3400; x_wconf 91' lang='lat' dir='ltr'>et</span> <span class='ocrx_word' id='word_1_264' title='bbox 229 3341 332 3402; x_wconf 91' lang='lat' dir='ltr'>lunam</span> <span class='ocrx_word' id='word_1_265' title='bbox 361 3337 472 3426; x_wconf 77' lang='lat' dir='ltr'>Isidem</span> <span class='ocrx_word' id='word_1_266' title='bbox 491 3322 707 3419; x_wconf 54' lang='lat' dir='ltr'>&#39;putaverunt&#39;</span> <span class='ocrx_word' id='word_1_267' title='bbox 742 3340 794 3403; x_wconf 84' lang='lat' dir='ltr'>Sic</span> <span class='ocrx_word' id='word_1_268' title='bbox 822 3361 895 3423; x_wconf 89' lang='lat' dir='ltr'>ergo</span> <span class='ocrx_word' id='word_1_269' title='bbox 925 3362 1054 3428; x_wconf 87' lang='lat' dir='ltr'>numero</span> <span class='ocrx_word' id='word_1_270' title='bbox 1084 3347 1241 3409; x_wconf 90' lang='lat' dir='ltr'>hominum</span> <span class='ocrx_word' id='word_1_271' title='bbox 1271 3346 1347 3407; x_wconf 91' lang='lat' dir='ltr'>haec</span> 
     </span>
     <span class='ocr_line' id='line_1_32' title="bbox 169 3438 1346 3531; baseline 0.004 -28"><span class='ocrx_word' id='word_1_272' title='bbox 169 3447 253 3523; x_wconf 91' lang='lat' dir='ltr'>regio</span> <span class='ocrx_word' id='word_1_273' title='bbox 288 3461 394 3511; x_wconf 85' lang='lat' dir='ltr'>omnes</span> <span class='ocrx_word' id='word_1_274' title='bbox 426 3448 549 3523; x_wconf 86' lang='lat' dir='ltr'>superat</span> <span class='ocrx_word' id='word_1_275' title='bbox 581 3449 730 3531; x_wconf 90' lang='lat' dir='ltr'>regiones.</span> <span class='ocrx_word' id='word_1_276' title='bbox 777 3448 837 3509; x_wconf 82' lang='lat' dir='ltr'>Sic</span> <span class='ocrx_word' id='word_1_277' title='bbox 864 3455 894 3509; x_wconf 90' lang='lat' dir='ltr'>et</span> <span class='ocrx_word' id='word_1_278' title='bbox 917 3467 1043 3511; x_wconf 90' lang='lat' dir='ltr'>numero</span> <span class='ocrx_word' id='word_1_279' title='bbox 1067 3438 1237 3524; x_wconf 79' lang='lat' dir='ltr'>civitatum,</span> <span class='ocrx_word' id='word_1_280' title='bbox 1268 3465 1346 3529; x_wconf 91' lang='lat' dir='ltr'>quae</span> 
     </span>
     <span class='ocr_line' id='line_1_33' title="bbox 129 3541 1345 3634; baseline 0.007 -28"><span class='ocrx_word' id='word_1_281' title='bbox 129 3604 136 3615; x_wconf 63' lang='lat'><em>„</em></span> <span class='ocrx_word' id='word_1_282' title='bbox 169 3549 278 3626; x_wconf 87' lang='lat' dir='ltr'>priscis</span> <span class='ocrx_word' id='word_1_283' title='bbox 308 3548 496 3626; x_wconf 90' lang='lat' dir='ltr'>temporibus</span> <span class='ocrx_word' id='word_1_284' title='bbox 526 3550 605 3610; x_wconf 89' lang='lat' dir='ltr'>ultra</span> <span class='ocrx_word' id='word_1_285' title='bbox 627 3549 736 3611; x_wconf 88' lang='lat' dir='ltr'>decem</span> <span class='ocrx_word' id='word_1_286' title='bbox 765 3557 797 3611; x_wconf 91' lang='lat' dir='ltr'>et</span> <span class='ocrx_word' id='word_1_287' title='bbox 818 3559 887 3614; x_wconf 88' lang='lat' dir='ltr'>octo</span> <span class='ocrx_word' id='word_1_288' title='bbox 918 3554 1011 3615; x_wconf 87' lang='lat' dir='ltr'>millia</span> <span class='ocrx_word' id='word_1_289' title='bbox 1034 3541 1136 3616; x_wconf 82' lang='lat' dir='ltr'>luisse</span> <span class='ocrx_word' id='word_1_290' title='bbox 1152 3557 1184 3616; x_wconf 91' lang='lat' dir='ltr'>in</span> <span class='ocrx_word' id='word_1_291' title='bbox 1206 3553 1345 3634; x_wconf 84' lang='lat' dir='ltr'>Aegypto</span> 
     </span>
     <span class='ocr_line' id='line_1_34' title="bbox 168 3643 1347 3740; baseline 0.007 -30"><span class='ocrx_word' id='word_1_292' title='bbox 168 3650 235 3711; x_wconf 92' lang='lat' dir='ltr'>libri</span> <span class='ocrx_word' id='word_1_293' title='bbox 257 3653 334 3711; x_wconf 89' lang='lat' dir='ltr'>sacri</span> <span class='ocrx_word' id='word_1_294' title='bbox 350 3645 504 3713; x_wconf 82' lang='lat' dir='ltr'>continent</span> <span class='ocrx_word' id='word_1_295' title='bbox 519 3652 695 3725; x_wconf 89' lang='lat' dir='ltr'>Ptolomaei,</span> <span class='ocrx_word' id='word_1_296' title='bbox 722 3653 777 3714; x_wconf 91' lang='lat' dir='ltr'>sed</span> <span class='ocrx_word' id='word_1_297' title='bbox 792 3643 862 3732; x_wconf 91' lang='lat' dir='ltr'>post</span> <span class='ocrx_word' id='word_1_298' title='bbox 878 3652 952 3735; x_wconf 91' lang='lat' dir='ltr'>Lagi</span> <span class='ocrx_word' id='word_1_299' title='bbox 974 3665 1113 3740; x_wconf 90' lang='lat' dir='ltr'>tempore</span> <span class='ocrx_word' id='word_1_300' title='bbox 1138 3660 1266 3739; x_wconf 85' lang='lat' dir='ltr'>amplios</span> <span class='ocrx_word' id='word_1_301' title='bbox 1288 3659 1347 3719; x_wconf 92' lang='lat' dir='ltr'>tria</span> 
     </span>
     <span class='ocr_line' id='line_1_35' title="bbox 169 3757 1344 3838; baseline 0.005 -22"><span class='ocrx_word' id='word_1_302' title='bbox 169 3757 273 3828; x_wconf 91' lang='lat' dir='ltr'>millia,</span> <span class='ocrx_word' id='word_1_303' title='bbox 298 3774 375 3834; x_wconf 90' lang='lat' dir='ltr'>quae</span> <span class='ocrx_word' id='word_1_304' title='bbox 403 3774 501 3836; x_wconf 89' lang='lat' dir='ltr'>usque</span> <span class='ocrx_word' id='word_1_305' title='bbox 528 3757 565 3819; x_wconf 88' lang='lat' dir='ltr'>ad</span> <span class='ocrx_word' id='word_1_306' title='bbox 580 3765 714 3821; x_wconf 90' lang='lat' dir='ltr'>nostram</span> <span class='ocrx_word' id='word_1_307' title='bbox 734 3766 865 3820; x_wconf 87' lang='lat' dir='ltr'>aetatem</span> <span class='ocrx_word' id='word_1_308' title='bbox 879 3760 1066 3838; x_wconf 56' lang='lat' dir='ltr'>perdurant&lt;</span> <span class='ocrx_word' id='word_1_309' title='bbox 1085 3763 1169 3826; x_wconf 87' lang='lat' dir='ltr'>llaec</span> <span class='ocrx_word' id='word_1_310' title='bbox 1183 3763 1344 3825; x_wconf 88' lang='lat' dir='ltr'>Diodorus.</span> 
     </span>
     <span class='ocr_line' id='line_1_36' title="bbox 168 3850 1345 3946; baseline 0.007 -26"><span class='ocrx_word' id='word_1_311' title='bbox 168 3859 207 3920; x_wconf 82' lang='lat' dir='ltr'>Et</span> <span class='ocrx_word' id='word_1_312' title='bbox 238 3859 386 3920; x_wconf 89' lang='lat' dir='ltr'>Eusebius</span> <span class='ocrx_word' id='word_1_313' title='bbox 417 3860 663 3942; x_wconf 62' lang='lat' dir='ltr'>deserangelioa</span> <span class='ocrx_word' id='word_1_314' title='bbox 696 3850 926 3942; x_wconf 88' lang='lat' dir='ltr'>praeparatione</span> <span class='ocrx_word' id='word_1_315' title='bbox 947 3864 981 3928; x_wconf 92' lang='lat' dir='ltr'>L.</span> <span class='ocrx_word' id='word_1_316' title='bbox 1005 3865 1027 3929; x_wconf 91' lang='grc'>1.</span> <span class='ocrx_word' id='word_1_317' title='bbox 1049 3867 1085 3929; x_wconf 76' lang='lat' dir='ltr'>t).</span> <span class='ocrx_word' id='word_1_318' title='bbox 1107 3864 1137 3929; x_wconf 88' lang='grc'>2.</span> <span class='ocrx_word' id='word_1_319' title='bbox 1162 3865 1248 3927; x_wconf 87' lang='lat' dir='ltr'>dicit:</span> <span class='ocrx_word' id='word_1_320' title='bbox 1277 3867 1345 3946; x_wconf 91' lang='lat' dir='ltr'>plu·</span> 
     </span>
     <span class='ocr_line' id='line_1_37' title="bbox 168 3951 1346 4053; baseline 0.008 -32"><span class='ocrx_word' id='word_1_321' title='bbox 168 3951 220 4053; x_wconf 80' lang='lat' dir='ltr'>res</span> <span class='ocrx_word' id='word_1_322' title='bbox 244 3965 275 4022; x_wconf 91' lang='lat' dir='ltr'>in</span> <span class='ocrx_word' id='word_1_323' title='bbox 298 3962 520 4046; x_wconf 80' lang='lat' dir='ltr'>sola&#39;Aegypto</span> <span class='ocrx_word' id='word_1_324' title='bbox 543 3967 652 4041; x_wconf 90' lang='lat' dir='ltr'>urbes,</span> <span class='ocrx_word' id='word_1_325' title='bbox 675 3970 960 4051; x_wconf 81' lang='lat' dir='ltr'>quam&#39;in&#39;reliquo</span> <span class='ocrx_word' id='word_1_326' title='bbox 982 3977 1131 4031; x_wconf 88' lang='lat' dir='ltr'>terrarum</span> <span class='ocrx_word' id='word_1_327' title='bbox 1153 3971 1228 4031; x_wconf 89' lang='lat' dir='ltr'>orbe</span> <span class='ocrx_word' id='word_1_328' title='bbox 1249 3969 1346 4031; x_wconf 83' lang='lat' dir='ltr'>iuis&#39;se</span> 
     </span>
     <span class='ocr_line' id='line_1_38' title="bbox 169 4054 1346 4153; baseline 0.006 -25"><span class='ocrx_word' id='word_1_329' title='bbox 169 4054 296 4141; x_wconf 88' lang='lat' dir='ltr'>audivit,</span> <span class='ocrx_word' id='word_1_330' title='bbox 327 4088 344 4131; x_wconf 91' lang='lat' dir='ltr'>a</span> <span class='ocrx_word' id='word_1_331' title='bbox 367 4073 474 4149; x_wconf 91' lang='lat' dir='ltr'>priscis</span> <span class='ocrx_word' id='word_1_332' title='bbox 498 4073 569 4145; x_wconf 92' lang='lat' dir='ltr'>diis,</span> <span class='ocrx_word' id='word_1_333' title='bbox 593 4070 667 4136; x_wconf 90' lang='lat' dir='ltr'>Jove</span> <span class='ocrx_word' id='word_1_334' title='bbox 690 4074 849 4148; x_wconf 86' lang='lat' dir='ltr'>videlicet,</span> <span class='ocrx_word' id='word_1_335' title='bbox 870 4074 969 4147; x_wconf 59' lang='lat' dir='ltr'>bole,</span> <span class='ocrx_word' id='word_1_336' title='bbox 995 4071 1165 4145; x_wconf 87' lang='lat' dir='ltr'>Mercurio,</span> <span class='ocrx_word' id='word_1_337' title='bbox 1195 4071 1346 4153; x_wconf 76' lang='lat' dir='ltr'>Apolline,</span> 
     </span>
     <span class='ocr_line' id='line_1_39' title="bbox 167 4169 1346 4262; baseline 0.008 -29"><span class='ocrx_word' id='word_1_338' title='bbox 167 4169 265 4247; x_wconf 82' lang='lat' dir='ltr'>Pane,</span> <span class='ocrx_word' id='word_1_339' title='bbox 299 4171 415 4251; x_wconf 84' lang='lat' dir='ltr'>Lucina</span> <span class='ocrx_word' id='word_1_340' title='bbox 437 4178 565 4260; x_wconf 88' lang='lat' dir='ltr'>aliisquo</span> <span class='ocrx_word' id='word_1_341' title='bbox 588 4178 832 4259; x_wconf 89' lang='lat' dir='ltr'>quamplurimis</span> <span class='ocrx_word' id='word_1_342' title='bbox 854 4178 1002 4253; x_wconf 88' lang='lat' dir='ltr'>conditas.</span> <span class='ocrx_word' id='word_1_343' title='bbox 1031 4177 1070 4240; x_wconf 86' lang='lat' dir='ltr'>llt</span> <span class='ocrx_word' id='word_1_344' title='bbox 1083 4177 1180 4244; x_wconf 88' lang='lat' dir='ltr'>multa</span> <span class='ocrx_word' id='word_1_345' title='bbox 1195 4177 1346 4262; x_wconf 85' lang='lat' dir='ltr'>stupenda</span> 
     </span>
    </p>
   </div>
   <div class='ocr_carea' id='block_1_3' title="bbox 0 0 1456 4710">
    <p class='ocr_par' dir='ltr' id='par_1_3' title="bbox 0 0 1456 4710">
     <span class='ocr_line' id='line_1_40' title="bbox 0 0 1456 4710; baseline 0 2"><span class='ocrx_word' id='word_1_346' title='bbox 0 0 1456 4710; x_wconf 95' lang='lat' dir='ltr'> </span> 
     </span>
    </p>
   </div>
  </div>
 </body>
</html>
