2874 4770
694 282 737 361 3¹7

128 467 233 529 rebant
247 466 285 528 ad
298 461 463 528 videndum
476 457 680 537 nectendam
689 471 857 530 venitunus
870 471 899 530 in
911 488 999 550 equo,
1015 471 1106 533 homo
1118 488 1255 549 magnus,
1271 479 1303 534 et

128 552 325 648 interrogavit
334 567 537 646 Mamalucum
545 575 691 641 nostrum,
709 573 811 649 quanti
826 575 916 649 pretii
931 592 1068 635 essemus
1083 593 1139 635 nos
1150 573 1301 653 quatuor?

128 672 201 751 Ego,
215 674 328 751 inquit,
345 674 400 733 hos
417 680 544 752 quatuor
560 689 674 742 emam,
692 681 722 732 et
737 673 889 735 sufficiens
904 679 1035 755 pretium
1051 675 1140 746 dabo,
1158 678 1301 754 exprime,

129 781 274 857 quantum
289 776 341 835 tibi
352 773 470 852 justum
485 774 613 836 videtur.
645 775 699 836 Cui
714 779 871 856 respondit
885 776 1084 839 Mamalucus:
1110 782 1140 839 in
1162 779 1220 840 hoc
1235 780 1301 841 foro

127 871 219 938 nemo
231 877 312 939 dabit
326 877 399 937 mihi
416 877 568 938 sufficiens
584 879 715 954 pretium
727 896 781 957 pro
792 879 851 940 iliis
864 887 993 957 quatuor
1001 881 1124 952 sclavis3
1141 886 1211 943 sunt
1221 885 1303 942 eninr

128 982 193 1041 sine
217 979 354 1052 defectu,
388 981 498 1057 integri
522 987 553 1040 et
577 983 660 1051 sani,
694 984 812 1042 mittam
840 998 911 1061 ergo
935 999 989 1041 eos
1011 980 1238 1057 Alexandriam,
1271 991 1303 1045 ct

127 1083 168 1143 ibi
192 1083 340 1144 ducentur
363 1082 401 1144 ad
416 1065 637 1144 transmarinas
661 1090 777 1160 partes,
801 1086 851 1145 ubi
875 1085 976 1161 magni
998 1087 1088 1163 pretii
1104 1092 1200 1147 erunt.
1239 1086 1301 1148 Hac

127 1183 325 1265 responsione
348 1203 409 1247 non
432 1185 488 1247 suit
511 1191 671 1246 contentus
703 1185 904 1258 Sarracenos,
936 1195 966 1246 et
995 1187 1135 1265 produxit
1162 1189 1200 1249 de
1231 1207 1303 1269 pera

128 1306 183 1349 sua
206 1289 233 1349 X
256 1289 397 1360 ducatos,
431 1288 536 1350 volens
568 1291 599 1348 in
632 1295 772 1367 promptu
806 1291 871 1349 sine
894 1290 987 1367 proba
1010 1289 1208 1351 emendorum
1231 1291 1302 1352 dare

96 1415 99 1422 f
127 1410 182 1470 pro
207 1390 340 1470 quolibet
364 1391 486 1462 decem,
519 1396 553 1450 ut
576 1391 632 1450 sibi
656 1409 714 1452 eos
734 1391 909 1452 dimitteret.
955 1391 1036 1452 Inter
1069 1393 1145 1454 haec
1178 1412 1302 1473 magnus
1375 1426 1377 1429 v

127 1495 185 1556 fuit
206 1513 370 1556 concursus
393 1495 490 1556 factus
514 1493 646 1564 aditos,
671 1497 755 1573 quia,
780 1494 899 1572 quando
921 1495 1029 1574 aliquis
1052 1498 1125 1557 emit
1140 1497 1303 1570 hominem,

129 1607 290 1660 accurrunt
313 1600 417 1671 multi,
441 1592 475 1660 ut
496 1600 629 1679 pretium
652 1606 683 1660 et
706 1581 906 1677 appretiatum
928 1599 1059 1662 videant.
1091 1581 1181 1662 'Cum
1196 1619 1303 1680 magna

124 1700 313 1777 jucunditate
337 1703 382 1761 sic
404 1687 545 1762 stetimus
568 1700 706 1762 venales:
719 1686 762 1761 ‘et
785 1701 857 1761 dum
880 1702 1065 1764 Sarracenos
1080 1709 1228 1764 ¹cerneret
1246 1722 1301 1765 nos

128 1803 223 1863 laetos
255 1810 286 1864 et
309 1803 496 1864 corridentes
529 1801 717 1874 Mamaluco,
753 1803 954 1866 consideravit
984 1824 1040 1866 nos
1072 1824 1133 1866 non
1156 1822 1225 1865 esse
1248 1825 1300 1866 ve-

128 1905 214 1965 nales
238 1912 268 1966 et
290 1907 370 1966 abiit.
401 1905 464 1965 Nos
487 1906 577 1965 etiam
594 1907 786 1967 transivimus
802 1905 840 1967 ad
855 1907 970 1979 locum,
993 1910 1043 1968 ubi
1060 1915 1091 1969 et
1106 1904 1161 1989 (h)
1177 1905 1300 1968 Aethio-

127 2025 183 2088 pes
203 2007 328 2069 venales
345 1993 445 2069 erant:
470 2006 607 2068 dominus
626 2011 707 2069 enim
724 2009 833 2071 Comes
845 2008 989 2087 juvenem
1003 2010 1183 2090 Aethiopem
1200 2028 1302 2072 emere

129 2113 285 2192 cupiebat,
309 2113 365 2174 sed
388 2113 486 2174 nullus
511 2114 539 2172 ei
562 2112 694 2174 vendere
717 2114 828 2186 voluit,
853 2131 907 2186 eo,
931 2114 1012 2194 quod
1032 2114 1218 2174 Christianus
1235 2112 1300 2175 fuit

127 2214 250 2276 Nullum
273 2219 355 2277 enim
377 2218 531 2277 hominem
549 2216 726 2276 Christianis
742 2216 891 2288 vendunt,
915 2216 970 2277 sed
986 2216 1172 2277 Christianos
1188 2222 1301 2277 emunt.

127 2311 246 2379 Deinde
270 2318 307 2379 ad
330 2320 388 2380 alia
410 2318 477 2379 loca
498 2319 708 2387 transivimus,
744 2323 774 2378 et
798 2319 838 2378 ibi
862 2320 935 2394 emit
957 2318 1065 2379 Comes
1088 2319 1208 2378 simiam
1232 2335 1301 2379 cau-

128 2418 228 2497 datam
267 2425 298 2479 et
336 2437 451 2497 pannos
485 2422 635 2497 pretiosos
672 2422 807 2480 sericos>
832 2429 862 2480 et
893 2428 994 2482 vestes
1026 2423 1236 2482 sarracenicas
1271 2427 1302 2481 et

129 2522 187 2583 alia
209 2520 392 2597 hujusmodi.
437 2520 474 2580 Et
496 2523 538 2581 ita
559 2523 589 2581 in
613 2520 738 2581 domurn
760 2527 894 2583 nostram
917 2525 1030 2584 reversi
1054 2540 1167 2583 sumus.

216 2622 327 2705 Quarta
350 2623 466 2684 decima
489 2623 554 2693 die,
587 2641 664 2703 quae
688 2630 735 2684 est
759 2623 872 2703 Caiyxti
895 2642 1003 2704 papae,
1036 2643 1123 2686 mane
1147 2625 1304 2690 adscendit

129 2725 352 2807 Tangwardinis
376 2744 503 2805 equum,
537 2733 574 2788 et.
592 2729 695 2788 exiens
726 2711 839 2788 curiam
868 2728 1021 2805 prohibuit
1043 2747 1099 2789 nos
1122 2729 1226 2807 egredi
1250 2730 1302 2791 do-

128 2849 226 2902 mum,
251 2837 282 2892 et
303 2838 373 2910 post
396 2831 547 2893 modicum
571 2838 726 2894 revertens
750 2827 871 2891 adduxit
892 2848 998 2892 secum
1021 2831 1097 2892 duos
1117 2832 1302 2894 Mamalucos

129 2943 303 3015 equestres,
329 2941 359 2995 et
375 2934 558 2995 Sarracenos
575 2953 645 2996 cum
662 2941 707 2995 tot
722 2936 829 3005 asinis,
853 2940 927 3013 quot
942 2943 1027 2995 erant
1042 2939 1203 3016 peregrini.
1240 2935 1301 2998 Ad·

128 3039 302 3100 scendimus
326 3057 398 3117 ergo
423 3039 523 3099 asinos
548 3045 578 3100 et
595 3040 710 3117 egressi
727 3037 850 3098 domum
865 3055 920 3116 per
934 3037 1057 3116 longum
1075 3045 1105 3121 et
1121 3039 1303 3119 populosum

127 3145 228 3205 vicum
249 3144 451 3203 transivimus.
496 3140 543 3202 Ad
565 3160 655 3204 unam
672 3147 773 3202 autem
788 3147 906 3220 portam
920 3140 1051 3202 ferream
1067 3143 1204 3202 venimus
1219 3160 1301 3221 mag·

127 3263 196 3306 nam
219 3252 250 3305 et
272 3240 525 3317 vetustissimam,
556 3262 610 3323 per
633 3263 722 3323 quam
745 3247 919 3306 intravimus
941 3245 1031 3306 alium
1053 3246 1153 3306 vicum
1175 3245 1324 3324 populo.

128 3351 296 3418 sissimum‚
318 3350 377 3419 ita,
402 3347 482 3425 quod
504 3366 564 3408 non
585 3330 762 3427 =poteramus
786 3341 841 3407 no's
864 3349 893 3408 in
918 3350 1008 3408 asinis
1025 3365 1146 3409 movere
1161 3368 1217 3409 nec
1233 3369 1301 3428 per-

127 3454 272 3513 transire:
296 3449 457 3512 Mamaluci
481 3469 553 3529 ergo
576 3453 671 3511 nostri
693 3452 912 3529 praecedentes
936 3451 1061 3512 elevatis
1085 3449 1214 3513 fustibus
1238 3455 1301 3514 suis

130 3555 310 3621 clamoribus
334 3559 365 3613 et
388 3555 477 3614 minis
500 3555 645 3637 populum
668 3556 866 3616 obsistentem
888 3555 1030 3634 fugabant
1064 3555 1101 3615 ad
1133 3555 1301 3617 iaciendum

128 3659 215 3720 nobis
238 3660 329 3728 viam,
355 3663 386 3717 et
408 3656 467 3716 hoc
483 3673 575 3735 saepe
591 3657 676 3717 nobis
693 3660 832 3737 contigit,
854 3676 1068 3736 nonnunquam
1084 3665 1185 3720 autem
1201 3665 1301 3720 tantus

127 3764 187 3825 fuit
208 3763 314 3843 popuii
335 3760 484 3822 tumultus
508 3765 539 3820 et
562 3779 728 3822 concursus
751 3764 781 3822 in
797 3762 898 3841 aliquo
914 3763 997 3832 loco,
1018 3760 1098 3840 quod
1115 3779 1171 3821 neo
1188 3763 1301 3824 clamor

128 3887 186 3928 nec
218 3869 316 3927 minae
347 3862 587 3926 Mamalucorum
620 3862 865 3935 advertebantur,
899 3871 929 3926 et
962 3871 1036 3925 tunc
1070 3883 1139 3926 cum
1172 3865 1301 3928 fustibus

129 3973 313 4051 incipiebant
335 3968 463 4029 caedere
487 3973 518 4028 et
541 3973 701 4046 pereutere
724 3969 755 4028 in
778 3968 897 4045 vulgus,
933 3973 963 4027 et
990 3970 1038 4028 via
1068 3969 1156 4030 tiebat
1188 3970 1300 4047 populo

129 4075 296 4144 abietibus
320 4073 489 4135 declinante
513 4077 545 4131 et
561 4072 596 4132 ab
612 4088 758 4153 equorum
774 4073 905 4150 impetu;
931 4089 1000 4131 curn
1022 4072 1108 4150 equis
1132 4073 1214 4131 onim
1238 4073 1300 4132 suis

129 4179 283 4241 irruebant
306 4179 338 4238 in
360 4177 521 4258 populum,
545 4181 577 4235 et
600 4176 725 4237 elevatis
744 4174 888 4244 fustibus,
912 4176 1011 4235 minus
1027 4181 1166 4237 curantes
1179 4166 1301 4234 laedere

131 4283 284 4353 homines,
318 4298 408 4360 quam
440 4281 467 4341 si
492 4282 566 4359 ,quis
589 4285 726 4341 nostrum
747 4280 888 4341 transiret
909 4295 963 4357 per
986 4295 1108 4358 gregem
1130 4294 1300 4361 porcorum.
