2902 4710
711 145 814 235 aaa¹

156 327 220 386 tota
241 322 360 400 Europa
382 327 494 400 gyrata,
518 324 631 384 reversi
656 329 727 384 sunt
748 321 950 403 Argonautae.
996 323 1042 384 De
1065 325 1124 386 hoo
1147 327 1255 387 itinere
1278 329 1338 392 mis

157 425 242 495 rabili
265 424 335 487 vide
359 424 435 485 infra
457 423 508 486 iol.
533 423 595 491 226
612 445 638 488 a.
684 427 767 492 Haec
782 435 882 491 tamen
903 430 1007 507 omnia·
1016 429 1188 508 legentibus
1210 449 1267 492 suo
1290 449 1338 493 ar·

156 528 245 591 bitrio
265 528 402 606 judicare
425 529 528 590 licet·
568 588 571 593 ,

210 650 212 655 “
246 631 373 711 Insuper
396 638 465 692 ante
488 632 639 710 trojanum
659 635 775 695 bellum
797 634 853 695 tuit
875 634 954 697 facta
969 635 1093 698 Rhodus
1118 656 1244 718 regnum
1267 658 1338 718 pro·

157 738 275 818 prium;
300 738 411 815 legitur
427 739 522 810 enim,
547 739 627 816 quod
642 738 846 818 Hypolemus‚
869 729 952 801 lovis
968 741 1047 823 filius
1057 789 1065 814 ,
1088 760 1215 821 magnus
1230 743 1339 817 factus,

159 840 310 901 fabricatis
325 841 449 903 navibus
465 861 534 902 curn
550 843 742 904 multitudine
769 847 904 923 gentium
917 844 1025 906 fratres
1041 827 1160 927 fugiens
1176 854 1208 908 et
1223 847 1339 919 aflines,

160 947 229 1024 quia
253 945 404 1007 occiderat
427 945 640 1018 Licemonem,
664 965 681 1010 a
702 946 801 1008 Marte
824 951 1002 1027 progeniem
1019 947 1196 1022 ducentem,
1218 953 1340 1013 intravit

161 1066 244 1110 mare
255 1056 286 1109 et
295 1049 422 1109 Rhodon
437 1051 508 1110 abiit
523 1051 624 1128 ibique
639 1051 937 1130 imperavitRhodiis.
978 1052 1201 1116 lnde‘euntibus
1215 1055 1339 1137 Graecis

162 1155 194 1224 in
214 1152 376 1230 Trojanam
399 1153 621 1231 expeditionem
644 1172 713 1214 cum
737 1156 782 1220 eis
806 1155 876 1215 abiit
899 1154 937 1215 ad
955 1154 1067 1232 =Trojae
1091 1144 1339 1232 destructionem,

246 1256 344 1317 Insula
369 1257 444 1318 haec
462 1257 526 1324 ,duo
550 1257 784 1344 hahet—uomina
808 1241 1003 1336 principaliar
1031 1251 1140 1327 dicitur
1162 1259 1284 1321 Rhodos
1310 1267 1341 1323 et

160 1361 288 1432 Choloe,
320 1361 368 1423 vel
390 1359 518 1422 Rhodon
542 1366 572 1420 et
596 1360 707 1432 Colon,
738 1361 786 1423 vel
810 1361 923 1422 Rhodis
947 1368 978 1422 et
1003 1362 1120 1434 Chelis,
1144 1363 1192 1425 vel
1207 1363 1341 1439 Rhodus

161 1473 191 1526 et
205 1465 332 1535 Cholus,
356 1465 404 1527 vel
425 1462 566 1525 Rhodum
590 1471 621 1525 et
647 1465 754 1525 Colum
788 1462 868 1545 (vide
891 1463 984 1544 plura
1002 1467 1123 1527 nomina
1139 1466 1200 1526 iol.
1221 1462 1282 1529 157
1298 1469 1340 1541 h.‚

160 1568 232 1632 Inde
255 1567 445 1631 Rhodienses
469 1574 499 1628 et
523 1568 717 1631 Colocenses.
750 1569 862 1631 Volunt
884 1576 985 1630 tamen
1008 1569 1099 1648 aliqui
1124 1569 1235 1641 dicere,
1259 1570 1342 1649 quod

160 1671 284 1734 Rhodus
307 1673 346 1734 sit
366 1691 477 1733 nornen
510 1674 602 1734 totius
625 1674 766 1744 insulaer
794 1680 825 1733 et
848 1673 960 1758 Cholus
994 1676 1034 1734 sit
1064 1688 1177 1733 nomen
1209 1675 1341 1735 civitatis

36 1775 42 1788 ‘
160 1778 335 1857 principalis
358 1778 387 1836 in
411 1794 465 1848 ea,
490 1776 544 1845 sed
567 1795 660 1847 unum
683 1795 737 1855 pro
762 1777 820 1838 alio
835 1779 972 1838 sumitur.
1005 1777 1146 1837 Samium
1169 1782 1224 1838 est.
1240 1784 1343 1838 autern

161 1881 220 1943 hoc
243 1897 354 1940 nomen
370 1879 495 1942 Rhodus
518 1880 555 1941 ab
579 1898 634 1951 eo,
658 1880 739 1959 quod
762 1880 834 1942 dum
850 1882 931 1942 urhis
946 1880 1140 1944 fundamenta
1156 1878 1342 1955 foderentur,

163 2001 251 2044 rosae
275 1984 416 2061 capulum
440 1984 548 2047 dicitur
562 1985 657 2052 fuisse
673 1987 836 2059 inventum,
847 2005 849 2008 ·
861 1986 975 2048 dicitur
993 1988 1074 2065 enim
1089 1984 1200 2046 rhodus
1224 2002 1344 2065 graece,

163 2104 233 2147 rosa
255 2086 357 2148 latine.
1009 2156 1011 2162 A
1148 2100 1150 2107 ⁴
1225 2150 1227 2155 .

251 2190 362 2264 Choloe
382 2182 486 2255 autem
508 2191 619 2274 ¹dicitur
641 2194 688 2258 vel
712 2195 805 2256 Culus
832 2201 955 2274 propter
988 2192 1178 2255 co'lossorum
1207 2194 1351 2260 multitu·

165 2295 267 2358 dinem
297 2303 327 2357 et
350 2303 474 2379 propter
495 2300 627 2376 ingentis
654 2298 773 2360 Colossi
793 2297 1042 2383 magnitudinem.
1088 2299 1143 2359 Est
1167 2305 1268 2358 autem
1285 2294 1345 2359 Co·

163 2400 263 2463 lossus
287 2403 502 2464 simulachrum
525 2402 677 2481 quoddam
694 2411 730 2480 ‘et
754 2410 867 2475 statua,
898 2390 988 2481 aliqui
1011 2402 1114 2463 dicunt
1138 2400 1236 2474 lovis,
1261 2383 1346 2463 com-

164 2509 295 2567 muniter
318 2507 427 2568 dicitur
449 2506 564 2568 idolum
586 2507 666 2568 Solis
690 2507 801 2580 fuisse,
835 2514 866 2568 et
888 2506 1011 2568 fuerunt
1031 2512 1156 2594 centum
1179 2505 1291 2566 colossi
1313 2507 1347 2565 in

166 2611 217 2671 illa
239 2610 350 2682 insula,
374 2629 468 2671 unum
483 2616 585 2671 tamen
600 2613 795 2673 simulacrum
809 2618 840 2672 et
856 2593 934 2671 uuus
951 2592 1087 2673 oolossus
1112 2610 1193 2670 adeo
1212 2609 1347 2686 ingentis

168 2720 232 2774 erat
255 2712 484 2793 magnitudinis3
518 2713 600 2792 quod
623 2721 856 2775 connumeratus
872 2698 936 2774 ‘tuit
957 2716 1036 2774 inter
1059 2721 1184 2792 septem,
1200 2710 1348 2773 mirabilia
1421 2773 1426 2785 x

168 2819 270 2880 mundi
294 2822 431 2891 tertium,
456 2837 532 2897 quae
556 2820 640 2896 ponit
662 2817 813 2896 Josephus
837 2824 907 2896 post
930 2818 1048 2884 librum⁴
1062 2811 1243 2894 vigesimum
1258 2813 1347 2886 Anti·

168 2925 326 3000 quitatum.
365 2922 433 2982 Fuit
456 2929 557 2982 autem
579 2922 774 2991 simulacrum
798 2931 833 2983 e'x
858 2940 927 2983 aere
943 2921 1219 3002 fabrefactumper
1234 2920 1350 2982 clarum

167 3025 295 3088 Liddum
320 3025 656 3107 statuarium,'fusum‚
680 3026 844 3087 altitudinis
867 3024 949 3088 LXX
973 3028 1152 3087 cubitorum.
1182 3025 1261 3086 Alibi
1275 3024 1347 3114 legi,

169 3131 249 3210 quod
274 3136 337 3190 erat
359 3132 458 3217 imago
482 3110 584 3202 aerea,
608 3130 717 3194 CXXX
739 3110 866 3209 pedum,
882 3132 1008 3209 longior
1027 3129 1082 3192 XV
1105 3128 1234 3209 pedibus
1258 3145 1350 3206 quam

169 3235 265 3314 major
281 3235 418 3296 colossus
434 3236 514 3296 inter
529 3236 678 3308 colossos
695 3238 746 3314 qui
761 3238 791 3297 in
803 3235 948 3296 Colosseo
964 3236 1080 3295 Romae
1096 3240 1190 3294 erant.
1234 3229 1349 3293 Mirum

168 3340 306 3420 proiecto
329 3339 401 3413 fuit,
427 3335 577 3418 quomodo
594 3346 655 3400 tam
671 3341 819 3400 immensa
842 3339 938 3399 moles
954 3338 1037 3399 fundi
1053 3339 1199 3416 potuerit,
1224 3342 1257 3397 ct
1270 3335 1351 3398 faeta

99 3447 101 3449 ’
170 3444 323 3525 quomodo
348 3462 414 3506 earn
438 3443 611 3506 erexerint?
638 3444 752 3505 Verum
775 3444 851 3514 hoc,
877 3442 1093 3521 quodvulgus·
1110 3441 1204 3502 refert
1227 3440 1265 3500 de
1284 3438 1350 3500 isto

170 3550 296 3612 Colosso
320 3551 414 3628 magis
438 3536 573 3610 mirabile
597 3545 653 3620 est,
678 3548 759 3627 quod
782 3547 878 3608 fateor
899 3564 949 3608 me
966 3564 1026 3605 non
1049 3545 1162 3623 legisse
1186 3544 1241 3632 sed
1263 3543 1349 3623 audi·

169 3655 259 3716 visse.
304 3654 415 3714 Dicunt
437 3655 534 3724 enim,
552 3652 640 3732 quod
657 3652 803 3713 Colossus
825 3652 876 3713 ille
894 3653 930 3710 in
953 3652 1029 3711 mari
1056 3649 1153 3710 stabat
1176 3656 1207 3709 et
1229 3652 1351 3727 portum

166 3759 350 3819 rhodianum
373 3759 566 3829 observabat,
601 3757 740 3818 distentis
770 3756 851 3816 enini
881 3756 916 3815 ab
939 3757 1069 3815 invicem
1092 3754 1229 3827 cruribus
1253 3751 1352 3812 stabat

170 3865 200 3922 in
225 3864 348 3923 introitu
372 3867 475 3941 portus
505 3863 546 3921 ita
568 3861 720 3930 inultum
745 3867 880 3932 erectus,
905 3859 984 3938 quod
1008 3877 1102 3921 naves
1118 3848 1351 3937 quantumcum-

172 3988 231 4049 que
255 3969 331 4030 altae
356 3975 386 4030 et
402 3984 527 4046 magnae
544 3985 598 4044 per
614 3967 748 4027 crurium
764 3964 897 4025 medium
915 3964 969 4026 sub
986 3949 1091 4024 ventre
1108 3953 1179 4039 ejus
1190 3961 1351 4021 intrabant.
1386 3981 1389 3989 ·

171 4077 263 4155 Digiti
287 4073 352 4152 ejus
376 4071 506 4149 majores
530 4075 615 4131 erant
643 4061 799 4147 olerisque
822 4070 938 4129 statuis.
984 4065 1078 4129 Porro
1102 4066 1181 4127 anno
1203 4065 1352 4143 quinqua-

171 4180 288 4260 gesimo
304 4182 403 4251 sexto,
425 4173 602 4254 quo-imum
625 4181 681 4247 est,
709 4174 824 4237 idolum
847 4172 906 4235 hoo
921 4178 1021 4234 terrae
1038 4166 1092 4252 (b)
1115 4167 1354 4241 motuinsulam
