2902 4710
732 149 799 222 426

179 341 230 397 tus
252 346 330 394 anno
353 328 475 391 Domini
500 324 585 397 1312
606 346 662 409 per
683 327 851 401 Marinum,
884 329 996 391 ducem
1018 325 1071 395 73.
1095 328 1304 402 Venetorum,
1334 335 1369 394 et

178 436 209 496 ln
232 434 364 497 eeclesia
388 433 526 514 sepultus
549 439 607 494 est.
639 433 693 494 Est
716 437 818 494 antem
842 440 1009 496 conventus
1031 434 1084 496 illo
1106 450 1216 513 parvus
1239 428 1368 511 quidem

179 540 410 610 instructoris,
434 537 490 599 sed
512 528 734 599 ordinatissime
757 521 948 609 aedificatus,
982 542 1014 598 et
1038 537 1160 599 hortum
1184 539 1368 599 amoenissi-

179 658 262 702 mum
284 641 374 702 hahet
397 648 427 701 et
449 639 543 702 latum
567 646 671 702 contra
695 648 830 702 austrum
851 642 882 701 in
899 658 981 703 mare
996 647 1194 719 protensum,
1218 645 1249 700 et
1272 639 1364 701 undi-

180 762 239 825 que
270 745 354 823 aquis
387 745 503 805 cinctus
530 749 586 804 est.
634 731 748 805 Verum
778 762 855 805 anno
877 744 1000 805 Domini
1026 738 1110 806 1486
1142 748 1229 804 erant
1250 742 1366 805 fratres
1416 791 1419 796 .

179 847 276 911 nostri
304 848 334 907 in
357 847 493 925 periculo
516 848 687 908 amissionis
717 846 797 908 illius
829 853 1011 919 conventum
1045 844 1105 908 dux
1135 847 1217 906 enim
1238 844 1366 908 Marcus

178 949 340 1028 Barbarigo
363 951 580 1013 monasterium
604 950 635 1010 S.
659 950 799 1022 Antonii,
822 947 904 1029 quod
926 956 1031 1024 nostro
1055 951 1217 1010 conventui
1241 947 1365 1027 adjacet

178 1050 217 1114 ad
238 1052 397 1115 meridiem
417 1071 472 1132 per
494 1053 704 1115 intermediam
734 1053 893 1128 lacunam,
921 1053 959 1116 de
988 1071 1067 1117 novo
1096 1051 1280 1125 aedificavit,
1315 1059 1358 1126 et,

180 1162 213 1218 ut
236 1156 361 1229 dicitur,
393 1176 448 1239 pro
472 1158 603 1237 hospitio
627 1158 858 1237 peregrinorum
880 1164 980 1220 terrac
1004 1163 1128 1220 sanctae
1150 1156 1286 1218 officinas
1310 1174 1364 1218 or·

180 1257 306 1333 dinavit,
331 1262 456 1341 cupiens
480 1267 583 1322 autem
605 1259 787 1340 amplificare
810 1260 926 1334 locum,
950 1262 1090 1324 lacunam
1111 1259 1365 1340 interpraedlca·

179 1369 279 1424 torum
313 1365 433 1427 hortum
467 1372 498 1427 et
530 1364 675 1426 Sanctum
704 1363 869 1427 Antonium
901 1372 964 1427 arte
995 1365 1152 1451 exhaurire
1187 1369 1219 1425 et
1249 1369 1366 1427 terram

179 1465 339 1529 infundere
371 1473 403 1529 et
433 1468 554 1529 hortum
583 1468 699 1541 facere,
731 1469 782 1530 uhi
806 1468 870 1547 jam
893 1488 976 1532 mare
1006 1474 1068 1542 est,
1099 1469 1248 1542 decrevit,
1283 1470 1366 1531 sicut

180 1571 301 1633 solitum
323 1577 372 1634 est
393 1572 434 1633 ibi
456 1572 531 1634 fieri.
562 1571 623 1632 Sed
638 1574 708 1651 quia
724 1571 821 1634 adhuc
842 1571 1002 1636 videbatur
1014 1573 1201 1636 insufficiens
1223 1575 1367 1653 spatium,

180 1672 218 1736 dc
242 1675 329 1736 horto
352 1674 478 1736 fratrum
500 1674 744 1738 Praedicatorum
766 1676 900 1738 mediam
929 1684 1055 1756 partem
1087 1679 1144 1739 sihi
1174 1677 1238 1743 dari
1266 1677 1367 1755 petiit,

180 1777 262 1858 quod
293 1778 365 1840 dum
390 1773 630 1842 fratres‘facere
652 1787 844 1851 recusarent,
876 1781 1024 1858 promisit
1053 1783 1112 1853 eis,
1147 1780 1227 1860 quod
1259 1786 1368 1854 contra

180 1885 301 1964 plagam
324 1886 520 1955 orientalem,
555 1885 606 1946 ubi
629 1898 712 1945 mare
736 1885 864 1946 liberum
887 1891 934 1945 est
966 1889 997 1945 et
1025 1883 1153 1964 paludes
1175 1885 1257 1946 nullo
1280 1883 1365 1947 acdi-

179 1988 247 2050 ficio
271 1994 451 2066 occupatae,
476 1986 571 2049 vellet
593 1989 722 2067 propriis
746 1990 886 2066 expensis
908 1989 1045 2050 lacunam
1072 1989 1285 2050 exhaurirent
1309 2006 1361 2050 er·

180 2092 295 2153 siccare
331 2091 430 2153 solum
467 2097 498 2152 et
529 2090 725 2152 fundamenta
753 2090 858 2168 jacere
888 2093 920 2153 in
957 2097 1041 2154 tanto
1070 2091 1184 2169 spatio,
1216 2097 1365 2168 quantum

179 2200 320 2277 peterent
342 2195 472 2267 fratrem
497 2193 553 2256 sed
574 2194 682 2256 fratres
696 2194 848 2256 nolebant.
893 2193 980 2257 Unde
996 2195 1055 2256 dur
1077 2201 1107 2255 et
1131 2199 1254 2255 senatus
1278 2212 1364 2256 conr·

179 2300 255 2361 moti
277 2302 306 2361 vi
328 2298 468 2362 fratribus
497 2298 598 2360 locum
622 2299 741 2378 eripere
765 2298 964 2372 conabantur,
989 2299 1045 2360 sed
1069 2299 1177 2389 fratres
1200 2303 1234 2357 ut
1254 2295 1365 2360 leones

179 2420 214 2466 se
236 2403 402 2465 formaliter
432 2408 642 2485 opposuerunt
671 2409 703 2463 et
725 2402 851 2464 consilio
875 2409 906 2464 et
928 2404 1038 2466 anulio
1061 2419 1186 2466 suorum
1208 2400 1365 2464 fautorum

180 2524 268 2568 suum
291 2508 393 2570 locum
416 2509 568 2585 integrum
591 2511 796 2567 servaverunt.

269 2610 440 2674 Conventus
464 2610 516 2671 ille
539 2616 587 2671 est
607 2612 686 2671 bene
709 2610 905 2682 reformatus,
941 2615 971 2670 et
993 2609 1101 2687 fratres
1123 2610 1165 2671 ibi
1186 2625 1298 2688 magno
1321 2610 1363 2669 ri-

180 2732 253 2796 gore
277 2704 390 2793 defigunt
412 2714 467 2776 sub
490 2714 680 2775 observantia
703 2714 842 2793 regulari.
883 2711 917 2772 ln
941 2710 1050 2774 eodem
1077 2718 1230 2775 conventu
1254 2712 1362 2792 sepul·

180 2824 230 2879 tus
253 2824 300 2878 est
322 2821 438 2898 primus
472 2817 628 2879 confessor
651 2824 773 2878 sanotae
797 2816 974 2878 Catharinae
989 2846 991 2850 ·
1008 2815 1045 2877 de
1068 2816 1172 2888 Senis,
1205 2818 1258 2894 qui
1290 2823 1363 2895 post

181 2926 311 2981 mortem
334 2920 485 2982 miraculis
508 2919 618 2981 dicitur
641 2919 786 2981 claruisse
810 2915 877 3000 (b).
924 2917 992 2980 Vidi
1013 2921 1045 2981 in
1067 2919 1176 2981 eodem
1208 2926 1363 2982 conventu

180 3023 319 3093 fratrem,
355 3025 406 3103 qui
435 3026 471 3086 ab
499 3024 639 3085 omnibus
671 3031 793 3085 sanctus
826 3031 984 3103 reputatur
1017 3029 1048 3084 et
1070 3022 1223 3085 nonnullis
1254 3022 1363 3084 claruit

181 3127 342 3188 miraculis.
388 3128 435 3189 De
458 3125 524 3205 ojus
549 3127 632 3189 vultu
654 3129 825 3188 innocentia
848 3127 1001 3206 splendet,
1024 3144 1116 3206 saepe
1140 3126 1209 3187 cum
1232 3142 1270 3187 eo
1286 3145 1361 3187 con·

179 3238 317 3295 versatus
340 3250 408 3294 sum
431 3249 503 3294 cum
525 3231 620 3292 multo
644 3228 813 3303 desiderio,
837 3239 885 3293 eat
901 3233 983 3293 enim
997 3232 1043 3293 vir
1064 3229 1151 3294 valde
1166 3229 1264 3293 dulcis
1288 3248 1364 3291 con·

179 3339 358 3400 versationis
382 3344 413 3401 et
435 3343 518 3399 lotus
543 3334 772 3397 aedificatorias.

266 3440 386 3504 Tertius
410 3449 577 3503 conventus
600 3438 846 3501 Praedicatorum
869 3445 916 3498 est
938 3438 970 3498 S.
986 3438 1068 3500 l’etri
1091 3438 1229 3519 martyris
1252 3453 1363 3507 novus,

178 3547 209 3606 in
231 3543 370 3607 Murlano
401 3547 478 3609 mari
511 3538 646 3616 cinctus,
682 3541 720 3605 de
749 3540 981 3614 reformatione,
1015 3541 1065 3603 hic
1097 3557 1175 3602 nuno
1209 3540 1361 3619 superiori

177 3649 362 3710 incineratus
384 3649 456 3721 fuit,
480 3649 535 3710 sed
554 3645 619 3722 jam
641 3646 851 3709 reaedificatus
873 3648 905 3708 in
927 3647 1141 3725 pretiosiorem
1163 3651 1285 3706 statum.

264 3750 357 3813 Porro
386 3760 507 3831 praeter
530 3751 741 3813 mendicantes
772 3756 900 3829 quatuor
931 3756 1001 3811 sunt
1023 3749 1110 3812 valde
1132 3749 1227 3811 multa
1257 3765 1364 3809 mona·

178 3854 271 3915 steria
293 3855 480 3917 diversorum
503 3855 642 3917 ordinum
673 3861 704 3915 et
722 3855 901 3937 ¹regularum
930 3857 1091 3935 utriusque
1121 3869 1227 3925 sexus,
1262 3859 1295 3912 et
1317 3857 1365 3914 tot

177 3956 317 4016 monachi
341 3964 372 4018 et
394 3958 540 4019 moniales
562 3960 603 4020 ibi
626 3958 758 4037 degunt,
793 3959 874 4037 quod
897 3977 1057 4021 numerum
1080 3976 1186 4021 eorum
1209 3975 1271 4018 non
1294 3973 1363 4018 cre·

178 4060 282 4122 dorem
313 4062 448 4123 faciliter.
502 4064 588 4124 Sicut
617 4064 698 4124 enim
732 4062 804 4123 olim
833 4063 962 4125 Romani
995 4064 1031 4125 all
1065 4062 1195 4124 extemis
1223 4060 1364 4138 partibus

177 4165 284 4227 mundi
305 4165 387 4228 idola
408 4165 543 4228 tulerunt
572 4173 604 4229 et
625 4168 657 4228 in
679 4167 808 4229 liomam
831 4166 978 4229 ducentes
1007 4169 1051 4228 eis
1072 4165 1188 4246 templa
1219 4162 1365 4225 aedifica·
