2874 4770
725 126 787 226 aar

163 338 309 399 Deultum
332 341 363 396 et
393 337 539 414 unguium
568 337 755 398 immanitate
790 342 922 397 armatus
956 341 1003 399 est
1039 338 1234 411 cocodrillus,
1271 357 1352 418 quos

165 441 373 504 adeoacutos
396 439 501 512 habet,
533 442 614 500 sicut
636 457 719 500 serra
742 440 855 512 terrea,
889 445 918 500 et
951 440 988 501 ad
1020 445 1084 520 apri
1107 442 1232 503 modum
1255 443 1354 504 babet

167 546 299 616 culmos;
331 550 445 607 tantam
470 546 560 605 etiam
583 544 673 605 habet
706 547 783 605 cutis
808 544 965 615 duritiem,
998 552 1040 616 ut,
1065 548 1200 624 quamvis
1223 545 1353 608 fortium

163 649 297 728 lapidum
319 651 398 710 ictus
421 651 450 709 in
474 655 559 728 tergo
583 649 724 726 recipiat,
749 648 822 708 nibil
847 665 951 708 curare
974 648 1121 710 videatur.
1167 649 1220 709 Est
1242 657 1350 710 autem

165 757 242 816 cutis
266 772 375 832 rugosa
399 756 488 833 grisei
504 753 632 823 coloris,
658 749 695 812 ad
710 750 803 810 latera
821 758 923 810 tamen
939 749 977 811 ad
993 769 1134 812 croceum
1149 751 1247 812 tendit
1264 753 1350 812 colo-

165 859 248 931 rem,
271 866 409 920 ventrem
431 859 521 918 babet
542 855 630 919 valde
653 854 793 927 mollem3
818 854 887 914 ideo
910 857 1029 933 pisces,
1054 862 1199 916 serratam
1223 857 1352 917 cristam

165 963 324 1033 habentes,
360 969 464 1030 tenera
487 961 599 1022 ventris
624 957 690 1035 ejus
711 956 859 1019 'desecant
883 961 976 1019 etita
999 961 1185 1029 interimunt.
1232 957 1352 1042 Oculos

164 1066 253 1127 babet
287 1065 399 1136 claros,
435 1055 583 1142 profunde
617 1065 647 1123 ln
680 1063 877 1133 foraminibus
912 1065 1018 1142 cepitis
1048 1063 1201 1140 jacentes,
1238 1064 1352 1141 quibus

165 1177 252 1231 acute
275 1169 365 1229 videt.
412 1167 518 1228 Rictus
541 1169 602 1226 oris
626 1165 692 1242 ejus
718 1173 876 1244 estusque
894 1166 929 1227 ad
945 1167 1013 1227 loca
1027 1169 1144 1227 surium
1161 1172 1192 1225 et
1208 1184 1349 1226 morsum

164 1273 255 1334 babet
288 1288 484 1333 venenosum.
531 1269 678 1330 Gulosum
711 1269 818 1331 animal
850 1276 897 1330 est
934 1270 1123 1350 multumque
1151 1269 1286 1329 comedit
1317 1279 1349 1330 et

163 1379 194 1436 in
209 1383 324 1437 tantum
340 1393 373 1435 se
389 1373 496 1452 replet,
513 1372 594 1450 quod
606 1372 688 1448 jacet
704 1380 825 1434 ructans
842 1380 872 1434 et
888 1376 918 1434 in
936 1390 1012 1451 aqua
1028 1378 1124 1432 ructat
1141 1374 1216 1432 acsi
1233 1381 1345 1451 gemat.

166 1481 258 1542 Crura
280 1480 368 1540 babet
391 1480 506 1548 brevia,
531 1475 599 1536 ideo
622 1477 842 1561 uonjmultum·
858 1477 943 1539 velox
966 1482 1014 1537 est
1030 1482 1060 1536 et
1076 1475 1166 1535 homo
1183 1462 1345 1555 expeditus

164 1585 332 1664 praecurrit
355 1583 393 1642 ei.
440 1580 537 1640 Nocte
560 1582 591 1640 in
615 1599 691 1659 aqua
714 1588 829 1653 manet,
862 1581 911 1642 die
943 1593 1015 1643 vero
1039 1582 1070 1641 in
1093 1586 1172 1641 terra
1195 1580 1341 1658 greditur,

164 1705 312 1769 quaerens
335 1688 469 1765 rapinam
492 1690 522 1744 et
545 1691 679 1762 pastum,
702 1687 733 1744 in
756 1685 856 1744 hieme
879 1704 952 1746 vero
976 1702 1009 1744 se
1033 1682 1188 1745 abscondit
1211 1690 1242 1744 et
1264 1685 1341 1745 nihil

166 1793 286 1872 penitus
311 1788 454 1850 comedit.
492 1787 583 1848 Cibus
604 1802 677 1849 suus
699 1790 729 1848 in
754 1805 830 1868 equa
854 1796 924 1850 sunt
946 1791 1046 1869 pisces
1069 1795 1100 1848 et
1124 1789 1180 1850 alia
1204 1791 1345 1851 animalia

165 1895 318 1972 aquatica,
343 1897 425 1952 extra
448 1908 556 1968 aquam
578 1910 651 1953 vero
676 1892 783 1952 herbas
806 1893 900 1953 bonas
922 1895 1053 1971 quaerit,
1078 1912 1152 1972 quas
1168 1893 1342 1955 manducat.

166 1996 346 2059 Hominibus
370 1997 497 2055 maxime
521 1979 679 2073 insidiatur
702 1984 853 2057 el'uisum
877 1996 1032 2058 bominem
1048 2000 1226 2077 insequitur,
1252 2016 1346 2076 quern

166 2100 237 2162 dum
260 2098 493 2177 apprehenderit
516 2101 615 2177 primo
647 2112 717 2160 curn
747 2100 889 2161 interficit
918 2107 948 2160 et
977 2118 1044 2162 mox
1074 2120 1166 2180 super
1196 2101 1346 2163 intectum

164 2204 263 2284 plorat
297 2210 326 2264 et
359 2202 546 2282 deploratum
576 2203 708 2265 devorat.
764 2203 836 2266 Lac
859 2204 924 2282 ejus
958 2204 1088 2265 effusum
1121 2205 1279 2267 induratur
1313 2214 1347 2270 ut

164 2312 248 2390 lapis.
292 2308 448 2387 Aegyptii,
479 2311 641 2388 praecipue
664 2311 697 2369 in
721 2309 809 2370 Delta
831 2310 943 2381 insula,
980 2316 1076 2370 artem
1106 2310 1215 2370 habent
1248 2314 1345 2390 capti-

164 2415 251 2478 vandi
275 2416 305 2474 in
329 2431 405 2492 aqua
428 2414 504 2474 hanc
536 2415 684 2486 bestiam,
717 2420 751 2474 ut
780 2413 894 2475 dictum
923 2419 970 2474 est
999 2413 1061 2473 Fol.
1096 2411 1166 2476 113.
1189 2415 1343 2493 „Captam

163 2527 265 2580 autem
289 2517 441 2578 excoriant
465 2526 495 2578 et
528 2518 656 2596 pellem,
692 2535 768 2595 quae
802 2513 963 2581 durissima
993 2523 1055 2588 est,
1089 2517 1232 2578 vendunt.
1279 2520 1345 2582 Has

163 2624 261 2703 pelles
296 2621 511 2683 circumferunt
543 2620 723 2700 quandoque
757 2621 922 2700 Gyrogavi‚
962 2618 1098 2682 dicentes
1137 2640 1205 2682 esse
1246 2624 1345 2701 pelles

165 2728 337 2789 draconum.
384 2724 504 2802 Longae
526 2727 605 2785 vitae
630 2730 676 2782 est
698 2723 774 2783 baec
796 2723 894 2784 bestia
918 2726 996 2784 etsi
1020 2726 1142 2786 nonita
1171 2740 1260 2788 avare
1290 2748 1344 2791 vo-

164 2837 244 2892 raret
267 2829 381 2899 cibum,
406 2828 499 2888 multo
524 2826 635 2886 diutius
660 2828 788 2897 viveret3
813 2844 882 2886 uana
905 2829 984 2887 inter
1006 2828 1130 2901 herbas,
1155 2848 1230 2908 quas
1247 2841 1343 2906 vorat,

163 2932 260 2994 latitat
293 2947 518 3008 nonnumquam
555 2931 681 3000 vermis,
723 2932 774 3007 qui
807 2930 927 2991 emdros
960 2931 1085 3004 dicitur,
1125 2953 1217 3013 quem
1250 2937 1343 2996 simul

165 3052 234 3095 cum
258 3033 359 3093 herbis
383 3032 521 3099 devorat,
546 3023 596 3108 qui
620 3035 763 3094 interiora
780 3031 845 3109 ejus
861 3035 938 3096 radit
954 3044 985 3097 ct
1000 3039 1145 3099 interimit
1161 3046 1190 3101 et
1206 3041 1344 3119 repletus

165 3141 224 3199 erit
246 3137 379 3197 illaesus.
424 3135 568 3195 Aviculae
592 3137 741 3214 quaedam
757 3139 785 3197 ei
800 3139 978 3200 insidiantur
994 3148 1024 3202 et
1039 3141 1214 3205 dormientis
1236 3152 1344 3224 aperto

166 3259 218 3304 ore
241 3248 379 3302 ventrem
396 3243 526 3318 ingressi
543 3258 613 3302 eum
629 3242 779 3304 occidunt.
826 3244 858 3304 Si
875 3245 993 3323 quando
1011 3248 1045 3309 ab
1062 3247 1218 3328 Aegyptiis
1235 3255 1344 3327 captus

164 3345 273 3416 fuerit,
309 3350 420 3421 cogunt
452 3345 551 3422 ipsum
579 3346 723 3424 praedam
747 3356 912 3408 comestam
937 3367 1078 3412 evomere
1102 3359 1134 3413 et
1156 3371 1225 3412 mox
1248 3370 1344 3432 saepe

165 3448 388 3511 multitudinem
411 3450 541 3527 piscium
564 3452 683 3518 evomit.
730 3451 775 3511 De
799 3452 845 3511 bis
868 3452 977 3513 belluis
1001 3472 1092 3533 saepe
1116 3457 1230 3516 mentio
1254 3456 1286 3515 ur
1310 3460 1343 3518 in

164 3554 241 3615 Vitis
256 3551 387 3613 Patrum.
410 3551 552 3632 Legimus
568 3557 661 3628 enim,
686 3555 757 3619 dum
772 3556 894 3634 quidam
911 3559 1049 3618 monachi
1064 3561 1144 3619 irent
1159 3562 1190 3619 in
1203 3559 1341 3635 Vitriam,

164 3657 294 3735 Aegypti
310 3674 429 3734 pagum,
454 3663 484 3716 et
500 3658 536 3718 ad
552 3658 652 3719 locum
670 3659 819 3737 quendam
834 3663 996 3733 venisseut,
1019 3664 1048 3721 in
1066 3681 1124 3740 quo
1140 3669 1203 3724 erat
1220 3664 1343 3741 grandis

164 3759 269 3830 fovea,
304 3777 381 3836 aqua
404 3761 511 3839 plena,
543 3765 673 3841 quaein
697 3780 763 3822 eam
786 3762 957 3825 decurrerat
981 3772 1119 3844 tempore
1135 3768 1343 3829 exundantiae

165 3863 241 3932 Nili,
263 3862 401 3923 viderunt
426 3883 517 3943 super
540 3870 689 3945 margines
713 3869 811 3945 stagni
834 3869 944 3928 multos
964 3867 1067 3946 jacere
1085 3870 1176 3952 (121
1191 3868 1234 3948 a)
1250 3890 1341 3933 coco-

167 3964 324 4025 drillos'et
347 3972 486 4045 magnos,
510 3972 561 4048 qui
585 3970 772 4031 dormiebant
795 3971 831 4032 ad
856 3973 967 4045 solem,
991 3975 1129 4035 monachi
1152 3993 1223 4037 vero
1248 3979 1341 4036 aesti-

166 4070 285 4129 mabunt
308 4087 361 4130 cos
385 4082 537 4145 mortuos,
569 4072 624 4134 sed
654 4073 724 4134 dum
757 4075 938 4136 accederent
967 4080 1092 4156 propius
1115 4078 1342 4144 adridendum

166 4175 314 4235 immanes
336 4176 464 4250 bestias,
488 4181 648 4250 continuo,
669 4185 702 4239 ut
724 4179 858 4241 sonitum
879 4179 992 4259 pedum
1016 4188 1194 4254 senserunt,
1218 4187 1342 4249 excitati
