2874 4770
734 172 786 241 '52

325 478 375 549 ue
404 477 612 568 quibusoam
640 430 723 547 usis
750 480 787 548 et
813 476 943 547 auarus
970 477 1202 550 mansurus.

262 661 316 723 llis
338 664 467 739 peractis
491 678 544 739 per
567 660 687 739 longam
710 663 790 722 viam
823 661 854 719 in
885 661 991 721 urbem
1024 663 1056 721 in
1087 662 1181 722 asinis
1212 661 1361 741 sedentes

176 763 366 826 ascendimus
396 773 427 825 et
458 767 487 825 in
519 763 607 825 aliam
636 766 717 826 urbis
740 771 859 844 partem
881 766 1033 836 venimus,
1063 765 1114 825 ubi
1136 765 1261 826 stabant
1285 767 1359 826 anti-

176 871 312 947 quissimi
335 877 366 929 et
387 871 478 948 spissi
500 871 578 929 muri
601 866 639 928 de
661 865 781 945 quadris
805 859 912 937 sectis,
942 866 1044 945 politis
1075 875 1106 928 et
1128 860 1260 949 sculptis
1284 869 1358 949 lapi-

176 969 272 1032 dibus.
318 971 359 1032 lbi
384 970 550 1050 quondam,
573 979 606 1031 ut
630 972 733 1031 ruinae
757 968 905 1047 produnt,
930 969 986 1029 luit
1008 969 1173 1031 residentia
1196 977 1358 1049 potentum

175 1082 206 1135 et
228 1083 422 1154 tyrannorum
444 1072 591 1153 Aegypti,
614 1073 670 1134 sed
692 1091 771 1133 nunc
787 1080 835 1134 est
848 1074 991 1135 habitatio
1006 1092 1189 1154 pauperum,
1213 1084 1246 1136 et
1264 1093 1358 1153 super

174 1181 231 1239 ista
261 1186 379 1241 vetuste
413 1176 547 1237 aedificia
575 1183 644 1236 sunt
675 1176 773 1255 posita
809 1182 840 1235 et
869 1175 943 1236 viles
976 1177 1097 1239 casulae
1127 1186 1159 1238 et
1187 1178 1358 1239 habitacula

175 1287 292 1345 misera.
340 1283 483 1343 Venimus
508 1287 608 1341 autem
632 1277 668 1338 ad
691 1295 782 1339 unam
805 1279 932 1350 curiam,
964 1283 995 1340 iu
1026 1298 1084 1359 qua
1115 1283 1284 1342 intromissi
1312 1283 1355 1343 vi·

175 1387 273 1449 dimus
298 1389 328 1447 in
351 1404 386 1446 ea
410 1391 489 1444 stare
505 1383 688 1451 obeliscum,
712 1381 743 1442 id
766 1388 814 1442 est
837 1382 1006 1443 columnam
1021 1381 1173 1461 lapideam
1187 1383 1356 1463 stupendae

176 1489 341 1551 altitudinis
366 1495 397 1548 et
419 1484 572 1546 mirandae
596 1482 824 1563 magnitudinis,
848 1488 935 1545 unius
959 1484 1065 1564 lapidis
1090 1486 1216 1559 molem,
1241 1494 1273 1547 et
1291 1493 1356 1547 erat

175 1593 318 1664 rotunda,
342 1592 455 1652 habens
479 1590 645 1667 insculptas
669 1589 774 1647 latinas
798 1588 913 1648 litteras
937 1589 1082 1667 grandes,
1107 1592 1168 1661 ita,
1190 1589 1273 1666 quod
1297 1608 1355 1650 una

175 1696 274 1756 littera
297 1695 393 1755 stabat
416 1710 508 1772 super
531 1700 620 1770 caput
643 1691 782 1762 alterius,
806 1698 837 1750 et
851 1693 947 1771 prima
962 1692 1017 1752 sub
1034 1693 1174 1772 capitello
1191 1693 1351 1754 columnae

176 1799 287 1869 stabat,
311 1796 445 1858 secunda
467 1797 522 1856 sub
545 1813 594 1865 ea,
626 1796 721 1855 etita
744 1802 909 1873 sequenter
931 1794 1053 1875 luerunt
1074 1795 1193 1857 litterae
1216 1796 1353 1857 subordi-

175 1907 262 1961 natae
285 1919 301 1960 a
324 1918 442 1960 summo
465 1917 561 1977 usque
586 1897 728 1958 deorsum
759 1899 790 1957 in
821 1904 950 1968 terram,
972 1916 1054 1978 prae
1077 1902 1230 1962 vetustate
1252 1906 1355 1960 autem

175 2005 223 2066 vix
245 2011 417 2082 poteramus
442 2021 493 2063 eas
518 2020 697 2080 agnoscere,
721 2001 877 2063 videbatur
900 2009 1001 2063 tamen
1023 2001 1126 2070 nobis,
1161 2003 1244 2081 quod
1265 2009 1355 2063 tenor

177 2125 280 2168 earum
298 2115 395 2168 esset:
411 2105 758 2184 lorinianusilugustus
782 2103 874 2165 Porro
886 2103 1047 2167 Mamaluci
1063 2094 1257 2177 mirabantur,
1275 2104 1356 2185 quod

176 2213 290 2272 litteras
313 2213 379 2273 illas
396 2227 665 2290 cognosceremus,
689 2208 824 2269 dieentes
841 2227 875 2269 se
891 2227 1045 2287 nunquam
1061 2194 1217 2271 hominem
1232 2208 1353 2279 vidisse,

177 2319 227 2395 qui
249 2319 392 2390 notitiam,
411 2333 516 2376 earum
538 2314 701 2373 habuisset.
747 2310 780 2371 ln
813 2312 952 2390 capitello
967 2357 969 2364 .
985 2311 1075 2389 hujus
1105 2312 1265 2374 columnae
1295 2317 1354 2373 stat

176 2438 235 2482 una
256 2422 358 2482 tumba
380 2418 501 2499 grandis
532 2416 663 2496 lapidea,
695 2415 866 2476 firmissime
899 2415 1044 2493 operculo
1073 2416 1187 2490 clausa,
1220 2424 1251 2477 et
1282 2414 1354 2495 qnid

176 2525 257 2585 intus
287 2527 326 2586 sit
355 2542 445 2585 nemo
480 2523 577 2583 adhue
596 2512 744 2598 ¹eupertus
768 2527 824 2580 est.
870 2520 946 2580 Nam
979 2532 1067 2598 reges
1100 2519 1232 2599 Aegypti
1260 2535 1353 2597 saepe

177 2629 276 2687 conati
299 2634 370 2688 sunt
391 2643 462 2685 eum
484 2626 617 2703 aperire,
648 2622 703 2683 sed
726 2640 816 2701 quam
839 2624 899 2683 cito
922 2623 1129 2682 instrumentis
1150 2622 1258 2682 ferreis
1283 2639 1352 2682 con·

178 2729 317 2804 tingitur,
351 2735 385 2786 ut
411 2727 604 2804 effringatur,
635 2745 704 2787 mox
739 2727 878 2787 columna
900 2724 1202 2803 incipitterribiliter
1222 2733 1353 2785 tremere

177 2845 246 2887 cum
268 2828 386 2898 tumba,
411 2835 441 2889 et
464 2836 563 2889 tantus
587 2847 680 2907 pavor
702 2832 845 2890 incutitur
869 2833 1008 2889 conatum
1030 2827 1241 2900 inferentibus,
1274 2827 1354 2906 quod

177 2930 275 2990 nullus
299 2930 427 2992 evadere
451 2940 551 3012 potest
567 2933 680 3010 absque
698 2935 796 3012 aliqua
811 2924 963 3023 laesiong,
985 2931 1032 2993 vel
1047 2933 1171 3014 rationis
1187 2933 1354 3008 privatione

176 3031 225 3094 vel
248 3033 404 3094 oculorum
427 3037 657 3107 excomedens,
681 3037 729 3097 vel
751 3036 912 3107 surditate,
936 3041 987 3095 aut
1000 3033 1130 3112 paralysi
1145 3032 1352 3096 dissolutione.

177 3135 222 3196 De
244 3138 301 3197 ista
324 3123 461 3199 columna
485 3137 522 3199 ad
539 3136 627 3198 aliam
642 3131 834 3198 transivimus
852 3139 880 3197 ei
892 3138 1109 3214 coaequalem,
1133 3135 1354 3214 demtisscrip-

175 3240 250 3298 turis
280 3246 311 3299 et
343 3243 454 3302 tumba.
511 3239 701 3317 Quicumque
734 3248 835 3300 autem
874 3259 967 3318 super
998 3259 1065 3302 eam
1093 3240 1259 3301 ascendere
1287 3246 1354 3300 ten·

175 3345 299 3414 taveril,
324 3362 385 3403 non
408 3343 566 3404 descendit
589 3344 647 3403 nisi
671 3345 800 3420 graviter
822 3344 922 3403 laesus
946 3344 977 3404 in
994 3337 1093 3423 aliquo
1109 3361 1202 3404 sensu
1218 3345 1355 3423 corporis

176 3448 232 3506 sui.
278 3446 342 3508 llae
365 3446 441 3508 duae
466 3449 624 3510 columnae
648 3456 727 3510 stant
753 3468 770 3509 e
795 3448 930 3535 diverso,
963 3457 1068 3510 contra
1096 3465 1130 3506 se
1152 3448 1283 3507 invicem
1305 3465 1354 3507 re-

175 3551 355 3629 spicientes,
388 3559 419 3613 et
447 3552 519 3612 olim
550 3552 623 3611 nihil
656 3559 726 3612 'erat
765 3551 978 3611 intermedium
1022 3550 1229 3623 aedificatum,
1273 3569 1356 3611 nunc

175 3670 246 3713 vero
291 3652 491 3714 domunculae
534 3658 604 3716 sunt
640 3657 845 3734 interpositae.
901 3656 994 3715 Porro
1032 3656 1063 3714 in
1102 3652 1202 3714 medio
1236 3654 1357 3715 illarum

178 3753 304 3816 duarum
329 3754 535 3817 columnarum
558 3765 606 3818 est
628 3757 842 3818 subterraneus
866 3759 1025 3827 transitus,
1049 3775 1104 3836 per
1128 3773 1219 3834 quem
1234 3759 1357 3818 venitur

177 3857 214 3919 ad
237 3859 390 3936 ingentem
414 3865 530 3936 portam
548 3861 697 3931 ferream,
721 3850 836 3920 catenis
848 3867 890 3921 ct
907 3860 1062 3941 'repagulis
1083 3859 1254 3943 firmissime
1271 3859 1355 3921 clau·

178 3978 257 4031 sam,
280 3970 312 4022 et
333 3961 415 4021 nulla
438 3967 501 4022 arte
524 3963 668 4042 nulloque
693 3971 800 4024 conatu
824 3970 925 4040 potest
940 3963 1015 4023 baec
1032 3970 1119 4042 porta
1135 3964 1261 4041 aperiri;
1287 3966 1355 4043 qui-

177 4080 307 4141 cumque
330 4071 431 4125 autem
453 4065 661 4137 instrumentis
684 4068 791 4128 ferreis
815 4068 937 4129 molitur
960 4065 1167 4128 effractionem
1188 4072 1354 4145 portarum,

177 4170 228 4227 aut
251 4183 358 4228 sensus
380 4168 503 4240 aruitdt,
538 4176 589 4230 aut
623 4177 705 4231 certe
735 4176 823 4250 porta
853 4172 919 4250 ipsa
941 4172 977 4233 ab
1001 4170 1067 4248 ejus
1090 4170 1232 4235 duntaxat
1254 4174 1354 4236 oculis
