2874 4770
742 148 789 223 bb

175 328 304 391 Adultus
327 337 427 391 autem
451 328 545 391 multa
575 327 656 390 illius
683 335 784 390 torrae
812 324 957 389 mhacula
979 326 1137 403 inspexit,
1171 327 1255 387 inter
1286 342 1364 406 quae

177 439 311 493 montem
334 433 533 511 periuratum,
557 432 635 494 ultra
657 449 748 510 quem
771 430 888 493 incolae
911 427 1051 490 dicebaut
1079 430 1242 492 thesauros
1264 429 1364 491 Octu-

177 537 255 597 viani
278 535 466 608 reconditos,
495 536 690 614 ferebantque
719 536 831 597 multos
863 535 990 614 periisse
1014 533 1190 611 quaerendo
1212 533 1286 594 illos
1310 551 1365 612 per

178 637 389 698 subterraneos
414 637 575 700 anfractus.
622 637 678 698 iiic
702 645 803 700 autem
836 636 1015 698 adolescens
1046 635 1147 696 studio
1177 634 1304 698 videndi
1333 643 1363 697 ct

179 740 339 820 praedandi
374 741 428 803 ΧΗ
459 746 585 804 comites
615 734 758 814 habuits
776 742 828 820 qui
857 758 963 801 secum
995 745 1159 817 pergerent
1199 745 1361 818 portantes

177 845 284 921 ingens
307 843 442 922 glomum
466 845 520 916 lili,
544 852 709 922 sequentes
731 840 1050 924 ingenium‘Daedalh
1074 844 1125 920 qui
1148 840 1309 901 Theseum
1324 841 1361 902 dc

178 946 346 1026 labyrintho
370 947 530 1026 perillum
553 946 663 1008 eduxit.
709 947 802 1026 igitur
824 945 968 1027 paxillum
990 947 1021 1005 in
1050 947 1189 1033 ingressu
1222 945 1360 1016 morunt,

178 1052 327 1131 principio
351 1050 391 1111 iili
414 1051 451 1111 ad
475 1067 544 1111 cum
567 1052 673 1129 ligato,
696 1053 833 1113 accensis
856 1051 980 1111 laternis
1002 1050 1081 1110 intro
1096 1056 1306 1126 perrexerunt,
1330 1056 1360 1109 et

178 1172 233 1234 per
267 1173 361 1215 unum
393 1154 534 1232 quodque
565 1155 738 1216 milliarium
767 1153 909 1232 paxillum
942 1152 1085 1221 fixerunt,
1124 1152 1358 1230 vespertiliones

179 1278 253 1322 vcro
289 1259 326 1319 de
357 1261 491 1320 cavernis
523 1257 714 1336 egredientes
744 1258 849 1318 oculus
879 1262 910 1316 et
932 1271 985 1314 ora
1001 1253 1198 1331 infestabant.
1247 1255 1359 1315 Semita

179 1368 244 1424 erat
267 1368 365 1433 arcta,
400 1368 430 1421 et
453 1379 469 1422 a
493 1362 578 1423 laeva
601 1361 810 1440 praecipitium
834 1365 865 1419 et
887 1358 1095 1437 suptcrlabens
1118 1356 1245 1430 fluvius;
1276 1357 1359 1421 vide·

179 1473 248 1526 runt
270 1465 422 1524 tramitem
445 1463 568 1542 plenum
592 1462 786 1524 cadaveribus
810 1479 932 1533 eorum,
955 1462 1007 1538 qui
1029 1461 1189 1522 thesauros
1207 1462 1251 1522 ibi
1265 1479 1356 1540 quae·

180 1567 273 1629 rendo
307 1569 467 1645 perierant.
513 1566 649 1628 Tandem
684 1566 721 1627 ad
755 1582 893 1643 gressum
926 1563 1102 1626 ulteriorem
1141 1568 1356 1645 pervenientes

180 1670 319 1731 viderunt
343 1677 482 1749 stagnum
505 1669 656 1750 placidum
679 1675 855 1749 et÷pontem
890 1685 1029 1739 aereum,
1062 1675 1094 1729 et
1122 1670 1201 1730 ultra
1232 1676 1357 1748 pontem

92 1794 95 1800 ·
181 1773 359 1835 videbantur
381 1776 476 1834 mirae
499 1773 712 1852 magnitudinis
743 1776 813 1853 equi
846 1775 944 1844 aurei,
979 1790 1049 1832 oum
1077 1775 1218 1834 sessoriis
1248 1775 1357 1844 aureis,

184 1883 215 1938 et
236 1878 338 1937 omnia
361 1884 446 1937 erant
469 1895 569 1938 aurea.
615 1875 699 1938 Unus
724 1895 830 1938 curram
859 1875 931 1937 dum
964 1882 1089 1954 pontem
1112 1879 1241 1937 transire
1264 1883 1358 1955 parat,

183 1997 252 2039 mor
275 1981 374 2056 pontis
398 1979 476 2057 pede
500 1979 646 2059 depresso
664 1979 739 2041 alter
755 1979 888 2040 elevatus
905 1979 1045 2058 produxit
1058 1981 1206 2040 rusticum
1225 1997 1356 2052 aereum,

182 2099 257 2155 curn·
274 2100 365 2145 aereo
389 2083 513 2154 malleo,
549 2102 608 2162 quo
631 2084 683 2142 illc
706 2082 801 2145 undas
824 2083 987 2144 verberans
1009 2084 1052 2142 ita
1075 2081 1259 2144 obnubilavit
1280 2087 1358 2163 abre

184 2194 217 2247 ut
240 2184 321 2247 diem
345 2186 525 2264 coelumque
542 2187 730 2258 subtexeret;
755 2192 883 2246 retracto
907 2185 986 2265 pede
1010 2185 1150 2265 perluit
1195 2170 1358 2249 Tentatum

185 2296 234 2353 est
256 2290 339 2375 idern
361 2306 378 2350 a
400 2288 551 2367 pluribus,
583 2288 725 2367 idemque
756 2295 923 2368 expertum.
970 2289 1175 2368 Desperantes
1205 2292 1271 2351 solo
1294 2294 1358 2353 visu
1406 2334 1409 2344 v

181 2394 430 2463 hbabanteurum,
448 2400 519 2453 tunc
534 2409 588 2471 per
603 2393 730 2470 vestigia
745 2392 888 2470 glomeris
905 2393 1020 2469 egressi
1035 2398 1171 2470 pateram
1186 2401 1359 2471 argenteam

181 2503 374 2576 repererunt,
409 2513 500 2574 quam
530 2497 609 2554 iuter
639 2510 673 2552 se
705 2495 805 2572 partiti
835 2500 913 2554 suut.
959 2493 1086 2555 Postero
1104 2495 1158 2560 ‚die
1180 2497 1358 2573 magistrum

182 2601 336 2672 adierunt,
359 2601 410 2678 qui
433 2599 588 2660 dicebatur
610 2614 720 2656 nomen
743 2596 800 2656 Dei
822 2596 973 2657 inellabilc
990 2598 1090 2670 scire,
1115 2600 1166 2675 qui
1189 2597 1274 2659 duxit
1294 2598 1360 2658 illos

184 2706 266 2783 prius
291 2702 328 2764 ad
350 2701 483 2772 iontem,
516 2701 553 2762 de
585 2719 644 2779 quo
676 2700 784 2761 hausta
814 2717 890 2778 aqua
912 2703 944 2761 in
969 2700 1069 2780 phiala
1091 2709 1234 2780 argentea
1255 2709 1360 2764 tacens

182 2805 298 2865 litteris.
316 2803 468 2881 signabat,
503 2802 600 2864 donec
622 2805 666 2864 illi
690 2804 785 2864 oculis
807 2804 1036 2877 intellexerunt;
1071 2805 1153 2884 quud
1174 2805 1229 2867 lari
1252 2809 1360 2885 u'equi-

181 2907 268 2977 bant:
299 2912 371 2966 tuuc
394 2904 432 2965 ad
454 2914 588 2967 montem
618 2907 797 2969 fiducialiter
825 2915 1036 2979 accesserunt,
1069 2907 1122 2970 sed
1147 2911 1258 2970 exitum
1283 2911 1361 2972 ulte-

183 3010 311 3078 riorem,
335 3013 408 3088 puto
432 3025 448 3068 a
472 3009 675 3085 Daemonibus
699 3012 905 3082 observatum,
936 3014 1128 3083 invenerunt,
1159 3013 1361 3076 invidentibus

184 3112 301 3172 scilicet
323 3113 436 3172 nomini
458 3113 593 3186 Domini,
616 3114 702 3192 cujus
725 3120 808 3176 tanta
830 3117 924 3176 virtus
946 3117 1049 3176 inesse
1074 3115 1198 3187 dicitur,
1221 3122 1255 3178 ut
1279 3119 1363 3178 nulla

184 3216 213 3275 ei
235 3216 333 3293 magia
355 3232 412 3275 nec
428 3216 571 3278 mathesis
589 3219 735 3280 obsistere
752 3222 857 3299 possit.
890 3219 1003 3293 Auctor
1017 3227 1120 3306 tamen
1136 3221 1246 3294 credit,
1271 3241 1361 3303 prae-

183 3317 279 3379 latum
300 3321 477 3397 magistrum
500 3338 560 3381 non
583 3339 693 3383 nomen
709 3323 766 3383 Dei
789 3323 844 3383 sed
866 3323 1021 3384 daemonis
1046 3341 1140 3402 aquae
1156 3326 1361 3405 inscripsisse,

183 3422 262 3482 sicut
290 3423 400 3500 legitur
428 3422 465 3484 de
504 3424 626 3484 canibus
653 3423 743 3504 Mago
771 3427 802 3485 in
831 3427 955 3487 historia
986 3426 1016 3486 S.
1047 3426 1177 3505 Sylvest.
1223 3427 1361 3492 Audiens

69 3591 74 3599 ,
184 3524 305 3603 quidam
320 3523 469 3597 iudaeus,
493 3543 570 3604 quae
588 3526 667 3587 dicta
684 3536 762 3598 sunl,
778 3531 829 3606 qui
844 3531 1078 3607 nigromanticus
1094 3535 1175 3600 erat,
1200 3530 1272 3593 dixit
1287 3534 1361 3594 ado-

183 3627 338 3688 lescenti:v
359 3627 498 3688 delecisti
527 3631 558 3689 in
582 3637 659 3700 arte,
692 3630 803 3692 videsis
827 3640 971 3709 quantum
994 3633 1091 3712 possit
1113 3649 1161 3691 ars
1192 3652 1275 3705 mea3
1308 3640 1363 3715 qui

185 3732 394 3791 incunctanter
416 3737 551 3791 montem
573 3735 717 3794 introiens
740 3753 800 3794 uon
823 3732 918 3798 multo
934 3742 1004 3813 post
1019 3752 1160 3813 egressus
1177 3744 1239 3810 est,
1265 3740 1363 3800 multa

184 3832 313 3894 afferens
337 3834 374 3894 ad
396 3833 539 3894 indicium
563 3837 610 3895 sui
633 3840 790 3909 transitus,
823 3854 899 3915 quae
930 3839 981 3899 illc
1012 3841 1089 3900 ultra
1112 3847 1248 3902 montem
1272 3849 1361 3904 uota-

182 3943 282 4007 verat‚
305 3939 383 3997 inter
405 3953 483 4014 quae
508 3943 538 3996 et
561 3937 717 4016 pulverem
737 3940 1025 4019 locupletissimum,
1050 3943 1101 4021 qui
1124 3943 1270 4022 quidquid
1286 3963 1360 4007 eon-

183 4042 308 4118 tigerat‚
330 4043 361 4102 in
385 4058 490 4101 aurum
513 4043 662 4112 vertebat,
685 4060 745 4103 uon
768 4044 849 4122 quud
872 4046 912 4105 ita
926 4057 981 4124 pro
998 4066 1069 4109 vcro
1085 4052 1182 4119 essct,
1206 4047 1262 4108 sed
1278 4050 1362 4127 quod

184 4146 225 4205 ita
246 4142 412 4216 videretur,
436 4143 535 4222 quoad
558 4162 654 4224 usque
679 4159 755 4223 aqua
777 4146 956 4211 dilueretur:
978 4152 1053 4212 nihil
1076 4152 1174 4224 euim,
1199 4151 1281 4229 quod
1303 4170 1361 4231 per
