2874 4770
631 164 693 236 156

70 344 183 422 hospes
205 345 327 415 noster,
350 340 440 415 dixit,
473 342 555 423 qnod
576 343 651 404 nihil
672 344 822 423 prolicere
844 349 970 423 possent
993 351 1101 407 contra
1126 345 1256 408 Scham-

72 449 165 520 beclr,
189 452 241 528 qui
263 448 298 510 ab
321 450 459 510 omnibus
482 441 638 511 vir'verax
660 450 823 511 habebatur
845 456 877 510 11
898 449 1058 529 1111111111117
1076 456 1109 510 et
1135 454 1162 511 si
1187 470 1256 512 enm

74 552 307 625 offenderemus,
332 572 392 613 non
414 554 493 613 bene
515 555 546 614 in
558 551 738 623 Alexandria
760 560 920 614 staremus.
966 552 1017 612 Sic
1036 570 1111 631 ergo
1129 556 1255 616 inclina-

71 662 180 717 verunt
203 674 236 718 se
261 657 374 718 domini
397 648 434 718 ad
455 657 643 720 solvendum.
688 658 783 736 Igitur
804 658 884 718 iacto
907 657 1031 736 prandio
1055 662 1142 720 venit
1165 660 1254 722 Trut-

72 760 265 822 scelmannns
288 766 319 820 et
342 764 442 839 exegit
466 763 626 839 pecuniam
650 762 686 822 ab
709 761 847 822 omnibus
869 759 1040 838 aequalem,
1076 778 1093 821 a
1117 781 1254 842 paupere

73 864 152 924 sicut
176 880 192 924 a
215 863 316 936 divite,
341 866 375 925 ab
399 866 521 945 ignobili
537 867 616 925 sicut
639 881 655 925 a
677 864 778 936 nobili,
803 864 911 925 demtis
927 863 1147 926 sacerdotibus.
1182 866 1254 938 Qui-

10 1028 23 1053 ,
73 984 203 1046 cumque
227 970 308 1029 enim
330 970 416 1048 signa
438 968 598 1029 sacerdotii
621 970 667 1029 sui
691 966 869 1028 ostendebat
890 969 921 1030 in
952 985 1057 1028 rasura
1089 975 1122 1028 et
1156 979 1253 1044 veste,

72 1072 158 1132 illum
180 1072 274 1132 libere
297 1072 426 1144 dimisit;
451 1073 486 1133 ab
510 1074 633 1150 antiquo
657 1075 740 1132 enim
762 1073 898 1131 innatum
921 1077 968 1132 est
982 1068 1142 1150 Aegyptiis
1164 1075 1255 1134 liber·

73 1178 130 1238 tali
149 1177 220 1238 dare
244 1177 434 1248 sacerdotes,
462 1194 533 1236 nam
556 1176 666 1236 Genes.
690 1173 743 1237 47.
768 1176 893 1253 legitur,
919 1173 998 1252 quod
1022 1193 1092 1235 cum
1112 1183 1254 1255 tempore

73 1279 161 1341 famis
188 1286 366 1340 cunctorum
394 1278 611 1359 Aegyptiorum
641 1286 752 1340 terram
780 1279 896 1338 Pharao
925 1284 1040 1339 emeret
1063 1297 1118 1357 pro
1148 1279 1255 1341 dandis

73 1383 268 1454 vicinalibus,
300 1390 391 1462 atque
421 1383 477 1444 sub
509 1381 617 1444 eodem
650 1383 730 1443 lame
763 1389 886 1443 cunctos
919 1384 1055 1443 servituti
1078 1381 1254 1460 subjiceret,

74 1486 280 1548 sacerdotibus
302 1487 344 1548 ita
365 1489 536 1548 necessaria
560 1488 755 1558 ministravit,
779 1492 812 1547 ut
835 1502 892 1546 nec
915 1486 1173 1563 possessionibus,
1195 1504 1252 1546 nec

73 1591 211 1652 libertate
233 1591 420 1670 privarentur
444 1597 474 1651 ct
495 1590 688 1652 nudarentur.
735 1591 864 1650 Domino
880 1607 916 1650 er
931 1595 1003 1649 tunc
1029 1592 1253 1666 pronunciante

75 1693 250 1755 sacerdotes
280 1693 416 1753 inomni
448 1700 539 1772 gente
564 1694 674 1754 liberos
699 1698 939 1772 esseoportere
969 1694 1068 1770 inquit
1091 1691 1254 1753 Gratianus

33 1809 36 1812 ’
75 1795 181 1859 xxlll.
205 1813 231 1859 a.
255 1794 329 1856 v111.
354 1797 383 1875 §.
408 1799 543 1875 quamvis
568 1803 626 1858 111.
885 1797 888 1800 ’

162 1898 199 1957 111
221 1904 254 1958 ut
277 1898 365 1959 altius
388 1898 426 1959 de
449 1900 506 1961 boc
530 1900 641 1979 aliquid
672 1899 819 1971 referam,
852 1898 1026 1969 sciendum,
1061 1897 1144 1976 quod
1178 1898 1257 1978 apud

76 2001 250 2080 Aegyptios,
273 2008 307 2062 ut
322 2004 389 2064 libri
409 1990 569 2082 gentilium
592 1999 718 2078 docent,
734 2007 831 2083 primo
854 1998 982 2065 inerunt
997 2002 1129 2062 instituti
1154 2019 1256 2062 sacer-

77 2106 164 2168 dotes
188 2106 226 2167 ad
251 2107 527 2180 deorum-cultum,
560 2108 617 2169 boc
648 2109 755 2180 modo,
789 2115 822 2169 ut
845 2108 935 2168 babet
957 2104 1108 2166 Diodorus
1131 2102 1201 2165 Lib.
1229 2102 1256 2168 1.

77 2228 142 2290 cap.
166 2207 195 2274 2.
230 2212 418 2289 antiquarum
448 2231 566 2273 rerum:
602 2213 716 2285 Osiris,
748 2213 839 2272 bomo
873 2212 974 2291 valens
1004 2208 1143 2288 ingenio,
1175 2208 1256 2270 filius

76 2314 159 2377 lovis
181 2321 212 2376 11
232 2315 377 2388 lunonis,
401 2317 509 2378 111111
532 2317 663 2378 foemina
686 2316 969 2385 industriosissima,
994 2330 1063 2373 cum
1080 2314 1258 2390 antiquissi-

77 2422 134 2482 mis
165 2422 369 2500 temporibus,
403 2408 531 2500 amplius
562 2439 653 2500 qnam
683 2421 792 2482 decem
822 2418 953 2479 millibus
984 2434 1150 2488 annorum,
1188 2423 1258 2478 ante

75 2524 278 2587 Alexandrum
293 2525 346 2596 Μ.,
364 2531 403 2586 ut
425 2525 677 2596 babentiabulae,
699 2529 859 2603 regnarent
873 2524 905 2582 in
920 2505 1069 2598 Aegypto,
1093 2525 1260 2580 erexerunt

76 2628 189 2707 templa
212 2634 243 2689 et
265 2634 378 2688 statuas
404 2647 510 2690 aureas
534 2631 725 2707 parentibus,
758 2627 824 2690 Jovi
857 2624 1025 2687 1111111111
1054 2628 1086 2684 et
1107 2625 1258 2702 populum

78 2733 154 2794 haec
176 2731 324 2792 honorare
349 2731 515 2792 docuerunt
538 2738 570 2790 et
592 2732 717 2791 multam
740 2731 1011 2792 humanitatemin
1023 2733 1149 2805 gentem
1162 2728 1258 2800 illam,

79 2851 156 2913 quae
180 2839 267 2894 antea
289 2834 454 2894 bestialiter
474 2834 614 2904 vivebat,
636 2833 825 2896 induxerunt.
872 2833 1019 2893 Triticum
1043 2837 1073 2892 et
1095 2830 1259 2920 bordeum,

77 2938 181 3000 vinnm
204 2942 235 2996 11
256 2938 433 2998 cerevisiam
455 2937 544 3015 primi
566 2938 744 2997 invenerunt
769 2944 800 2997 et
822 2938 936 2997 litteras
952 2935 1091 2995 scribere¹
1106 2939 1137 2994 et
1152 2934 1259 3012 legere

78 3039 275 3102 tradiderunt.
320 3037 446 3116 Propter
480 3056 557 3117 qnae
588 3041 716 3118 populus
749 3043 795 3101 eis
826 3041 941 3101 divinos
975 3037 1100 3100 contulit
1123 3038 1259 3098 honores

80 3150 111 3206 et
133 3142 236 3203 Osirin
258 3143 354 3202 solem
377 3149 408 3203 et
429 3142 541 3203 isidem
564 3144 665 3204 lunam
688 3162 757 3205 esse
781 3144 928 3205 dicebant.
974 3142 1047 3212 Post
1066 3140 1143 3201 haee
1159 3140 1259 3202 Osiris

78 3247 136 3308 fuit
159 3264 176 3307 a
197 3245 288 3307 111111
318 3263 373 3306 suo
396 3246 547 3326 Typhone
570 3249 749 3309 interemtus
782 3255 811 3307 11
841 3249 871 3306 in
891 3243 992 3306 XXV}
1015 3250 1115 3323 partes
1145 3262 1258 3324 corpus

80 3350 218 3412 divisum.
264 3349 318 3410 1111
343 3369 414 3429 ergo
437 3368 564 3429 regnum
588 3353 705 3430 accepit
730 3357 761 3411 et
783 3351 877 3412 divisa
899 3350 1033 3411 membra
1057 3346 1184 3407 Osiridis
1210 3365 1259 3408 re·

80 3452 202 3530 collegit
228 3471 323 3532 eaque
346 3443 377 3515 in
399 3458 559 3533 pristinum
582 3456 717 3534 corporis
740 3453 878 3515 ordinem
900 3454 1002 3531 posuit
1026 3456 1057 3510 11
1078 3452 1109 3511 in
1140 3453 1257 3528 pretio-

80 3559 200 3619 sissimo
225 3576 315 3619 aureo
339 3562 499 3639 sepulchro
524 3562 696 3631 collocavit,
729 3561 963 3636 convocavitque
988 3556 1093 3633 dignos
1116 3553 1258 3615 homines

81 3668 113 3724 et
135 3662 337 3725 sacerdotium
359 3665 488 3725 instituit
511 3684 570 3743 pro*
588 3666 712 3725 ¹servitio
729 3662 867 3723 Osiridis.
913 3660 953 3721 Ut
968 3667 1068 3720 autem
1084 3675 1136 3717 eos
1153 3675 1259 3736 prom-

81 3765 173 3825 tiores
198 3765 234 3825 ad
258 3766 371 3826 cultum
386 3768 478 3848 xillum
507 3767 637 3839 laceret,
673 3768 793 3827 tertiam
828 3767 871 3825 eis
895 3773 1042 3842 'agrorum
1070 3767 1189 3840 partem
1221 3759 1260 3820 ad

81 3885 168 3929 sacra
190 3867 316 3928 deorum
339 3873 499 3931 concessit.
546 3870 609 3930 Sed
624 3877 655 3930 et
670 3869 741 3930 lsidi
757 3876 903 3940 mortuae,
926 3870 1005 3928 sicut
1020 3867 1115 3939 vivae,
1139 3862 1259 3925 divinos

82 3973 281 4033 exbibuerunt
303 3972 451 4046 honores,
475 3991 604 4051 quorum
627 3973 799 4034 sacerdotes
824 3972 1007 4050 singularem
1023 3968 1172 4029 ducebant
1187 3967 1260 4026 reli-

81 4080 195 4156 giosam
219 4080 326 4150 vitam,
350 4076 401 4138 'de
426 4079 531 4156 quibus
557 4077 726 4137 Cberemon
749 4078 884 4148 Stoicus,
917 4082 951 4136 nt
972 4072 1099 4135 habetur
1128 4073 1159 4131 in
1182 4071 1260 4152 lieg.

81 4181 161 4244 beati
183 4165 361 4262 Hieronymi
385 4181 495 4255 evin,
518 4187 627 4254 narrat,
643 4181 732 4260 'quod
746 4182 884 4242 omnibus
899 4179 1147 4254 mundinegotiis
1162 4177 1260 4237 111111-
