2874 4770
683 171 747 244 toa

125 353 220 416 simul
250 371 320 416 cum
351 350 417 414 aliis
446 349 621 412 consulibus
648 338 783 413 consiliis
812 349 1046 432 rempublicam,
1060 365 1243 430 promovere
1272 349 1305 408 in

128 458 393 535 negotiationibus.
440 457 652 518 Convenimus
681 474 754 536 ergo
783 475 840 517 uos
862 457 961 535 primo
991 455 1030 517 ad
1051 452 1306 518 considerandum

129 576 251 623 merces
274 569 306 622 et
328 562 560 642 dispositionem
583 559 687 621 loutici
710 561 807 621 nostri
822 559 1064 632 catalonorum,
1085 561 1141 622 sed
1158 560 1211 621 illo
1225 566 1304 618 tem·

128 683 203 745 pore
219 683 277 726 nec
294 683 411 725 merces
427 682 485 725 nec
507 670 692 725 mercatores
714 665 755 725 ibi
779 669 879 733 crant,
906 663 966 722 nisi
987 665 1084 740 pauci
1127 663 1182 724 llst
1203 669 1306 722 tamen

127 768 259 831 louticus
284 771 366 830 curia
388 767 526 847 grandis,
559 785 630 826 cum
651 767 755 827 multis
777 766 957 826 habitaculis
979 783 1035 845 per
1056 768 1233 838 circuitum,
1263 766 1305 825 si·

128 879 181 937 out
210 874 438 933 monasterium.
493 872 579 932 Ratio
615 877 733 943 autem,
764 888 857 949 quare
883 868 948 946 jam
970 886 1061 929 nemo
1091 868 1210 940 aderat,
1239 867 1305 939 luit,

128 979 198 1058 quia
221 976 376 1039 Gathaloui
398 982 469 1040 sunt
497 975 590 1036 maris
612 975 742 1052 piratae,
771 981 803 1034 et
835 990 918 1033 mare
947 971 1091 1033 infestum
1117 971 1247 1041 habent,
1274 976 1307 1030 et

96 1082 244 1160 ‚siquos
284 1063 498 1161 spoliaverant,
537 1085 569 1138 et
608 1077 800 1139 turbaverant
835 1084 996 1156 potentes,
1038 1093 1115 1154 quos
1150 1073 1307 1144 timebant,

127 1184 200 1246 ideo
224 1193 290 1247 nou'
309 1185 475 1257 audebant,
498 1200 532 1243 se
555 1183 632 1267 mari
653 1181 706 1241 illo
730 1177 893 1259 (tempore)
914 1182 1122 1250 committere,
1144 1185 1176 1239 et
1197 1163 1307 1237 domus

124 1287 182 1350 tuit
197 1307 299 1351 vacua.
333 1287 450 1348 Deinde
474 1286 513 1347 de
536 1285 652 1346 lontico
669 1283 916 1345 cathaloniorum
939 1290 1085 1345 exeuntes
1107 1285 1138 1342 in
1160 1281 1308 1342 lonticum

127 1391 323 1453 lanuensium
354 1393 565 1461 transivimus,
603 1391 654 1467 qui
694 1396 742 1450 est
772 1388 881 1450 domus
911 1389 1010 1468 ampla
1040 1396 1072 1449 et
1104 1385 1308 1466 pulcherrima

127 1513 198 1556 eum
220 1497 304 1556 curia
325 1512 448 1575 magna,
478 1496 509 1555 in
533 1491 619 1569 cujus
643 1476 729 1571 parte
755 1499 816 1554 stat
842 1493 948 1554 hortus
971 1492 1099 1553 diversis
1121 1492 1197 1551 raris
1219 1490 1306 1569 plan·

128 1598 207 1660 tulis
224 1582 368 1665 consitus.
396 1598 429 1658 ln
451 1596 505 1659 illo
524 1596 637 1680 loutico
652 1595 784 1658 vidimus
800 1597 913 1657 multos
929 1603 1133 1666 mercatores,
1155 1601 1187 1655 et
1210 1589 1306 1672 (cum)

128 1701 299 1779 ingentibus
322 1703 451 1762 cumulis
474 1701 666 1780 specierum,
703 1707 734 1761 et
756 1700 850 1761 multa
871 1700 1011 1760 animalia
1033 1701 1122 1761 nobis
1155 1696 1309 1775 incognita

129 1806 171 1867 ibi
195 1806 364 1866 currebant.
409 1806 533 1884 Egressi
555 1801 640 1863 illum
660 1804 793 1881 primum
807 1803 955 1864 sonticum
968 1803 1156 1865 Venetorum
1177 1801 1309 1880 ingressi

129 1925 249 1979 sumus,
273 1926 363 1985 quem
377 1910 418 1968 ita
432 1909 584 1986 repletum
605 1913 637 1966 et
658 1905 804 1967 refertum
828 1909 926 1968 saccis
948 1915 980 1969 et
1001 1910 1113 1987 sportis
1135 1908 1308 1992 specierum

128 2015 311 2093 reperimus,
336 2013 416 2092 quod
439 2014 488 2075 vir
511 2018 577 2072 erat
598 2010 686 2071 locus
708 2010 904 2083 transeundi,
923 1994 1073 2090 ‘quamvis
1096 2014 1178 2074 curia
1200 2025 1309 2087 magna

115 2118 167 2178 ¹sit
200 2123 231 2178 et
259 2116 428 2177 habitacula
459 2117 562 2178 multa.
616 2114 660 2175 lbi
687 2116 771 2176 ibant
802 2122 872 2176 octo
902 2116 1088 2176 struthiones
1117 2121 1149 2175 et
1172 2113 1233 2175 duo
1256 2130 1307 2193 ga·

127 2220 321 2298 relli,⁴quasi
343 2219 460 2280 hinnuli
482 2237 658 2291 cervorum,
689 2237 818 2297 quorum
840 2216 953 2280 multos
974 2235 1031 2297 per
1051 2216 1208 2279 desertum
1230 2215 1307 2278 vidi·

128 2340 207 2384 mus.
251 2322 405 2384 Sedebant
436 2324 467 2383 in
490 2321 581 2382 domo
603 2322 655 2381 illa
678 2323 735 2383 viri
765 2320 914 2381 notabiles
935 2320 1045 2382 Veneti
1074 2337 1145 2381 eum
1174 2321 1306 2400 potenti·

128 2425 186 2486 bus
201 2424 377 2497 sarracenis
399 2430 565 2484 tractantes
588 2441 678 2484 suum
700 2423 810 2484 lorum.
854 2423 971 2485 Abinde
1001 2426 1117 2503 egressi
1140 2422 1308 2485 secundum

129 2527 278 2588 ionticum
298 2526 446 2603 majorem
468 2527 566 2605 primo
590 2526 776 2589 Venetorum
804 2528 934 2606 ingressi
957 2544 1078 2600 sumus,
1108 2528 1140 2588 in
1163 2543 1221 2606 qua
1244 2533 1310 2589 erat

132 2631 282 2711 stupenda
312 2629 476 2691 multitudo
505 2633 655 2692 mercium
684 2630 885 2705 diversarum,
914 2651 990 2713 quas
1018 2635 1077 2714 ipsi
1106 2633 1144 2695 de
1173 2632 1308 2714 partibus

130 2736 243 2797 nostris
267 2735 443 2806 attulerant,
467 2740 499 2794 et
522 2751 596 2812 quas
620 2735 769 2798 reducere
792 2738 945 2799 volebant.
979 2736 1021 2799 lbi
1045 2745 1166 2818 praeter
1187 2739 1308 2817 species

129 2840 260 2902 vidimus
289 2839 384 2901 multa
413 2846 620 2913 monstruosa,
646 2838 775 2918 juvenes
798 2840 970 2914 leunculos,
1002 2840 1179 2921 leopardos,
1203 2841 1306 2901 simias

130 2942 317 3005 diversamm
340 2943 529 3022 specierum,
559 2944 762 3018 struthiones,
795 2952 826 3005 et
848 2946 996 3025 psittacos
1019 2944 1103 3007 albos
1125 2943 1213 3007 valde
1234 2962 1305 3024 pre·

128 3049 242 3118 tiosos,
265 3048 376 3109 rubeos
400 3065 436 3107 er
458 3052 537 3119 toto,
563 3053 595 3107 et
617 3048 733 3126 aliquos
756 3049 869 3110 rubeos
897 3067 968 3111 curn
991 3051 1085 3131 nigris
1108 3050 1250 3122 maculis,
1274 3057 1306 3111 et

129 3150 243 3211 multos
267 3168 446 3212 communes
470 3150 592 3212 virides.
635 3151 1015 3233 lle·psittacissupe1ius
1039 3152 1154 3218 dictum
1177 3153 1229 3216 iol.
1253 3149 1305 3215 73,

128 3251 211 3315 luter
232 3254 289 3314 alia
311 3261 414 3316 tamen
435 3254 564 3315 vidimus
580 3255 731 3334 quandam
751 3257 893 3331 bestiarii,
916 3259 1003 3319 nobis
1018 3256 1228 3330 domesticam,
1250 3257 1307 3318 sed

129 3355 305 3418 Sarracenis
328 3361 567 3429 monstruosam
602 3357 812 3422 deambulabat
833 3363 916 3422 enim
936 3363 968 3422 in
990 3362 1072 3424 curia
1093 3378 1173 3422 unus
1194 3378 1306 3440 porcus

129 3477 270 3539 grossus,
300 3457 339 3520 de
371 3474 433 3537 quo
456 3477 513 3521 nos
536 3461 666 3523 multum
689 3465 889 3538 mirabamur,
920 3466 989 3544 quia
1010 3464 1155 3527 lethalem
1176 3467 1305 3528 iuimici-

127 3564 203 3625 tiam
225 3563 337 3624 habent
359 3563 519 3627 sarraceni
554 3562 592 3624 ad
620 3583 730 3644 porcos
759 3573 790 3628 et
819 3568 1029 3630 abominantur
1050 3584 1119 3642 eos,
1150 3572 1230 3632 sicut
1252 3569 1305 3631 Ju-

130 3665 219 3741 daei,
250 3685 308 3728 nec
332 3668 439 3746 quovis
462 3665 554 3728 modo
576 3670 729 3730 sustinent
751 3687 857 3733 secum
878 3689 1004 3751 porcos,
1029 3670 1110 3734 unde
1132 3689 1189 3754 per
1207 3680 1307 3736 totum

128 3771 189 3833 iter
219 3772 336 3833 nullum
368 3771 460 3852 (131
483 3768 527 3852 a)
554 3770 702 3845 vidimus,
732 3775 792 3836 nisi
820 3776 923 3837 tatum.
967 3775 1091 3840 Dictum
1120 3785 1222 3840 autem
1250 3776 1308 3839 luit

129 3877 232 3950 nobis,
256 3876 338 3957 quod
360 3876 470 3938 Veneti
494 3876 596 3938 multis
620 3880 756 3956 pecuniis
782 3888 921 3944 emerunt
943 3880 1059 3944 salvum
1082 3880 1307 3944 conducturos

132 3980 265 4044 soldano
287 4001 343 4063 pro
366 4000 461 4063 porco
483 3981 549 4054 illo,
582 3980 656 4042 alias
679 3981 839 4045 Sanaccni
860 4003 920 4047 non
944 3984 1081 4047 sinment
1101 4002 1173 4047 eum
1193 3986 1306 4059 vivere,

131 4085 193 4164 imo
223 4085 348 4148 domum
375 4091 502 4168 propter
529 4103 656 4164 porcum
686 4091 868 4149 everterent.
912 4086 949 4149 itt
977 4089 1088 4150 transit
1115 4104 1227 4169 porcus
1254 4089 1306 4150 llle

132 4190 175 4254 ibt
195 4208 252 4274 pro
273 4188 405 4277 qnidam
433 4192 658 4275 magnificentia
687 4188 879 4257 dominorum
899 4189 1104 4265 Venetorum
1133 4192 1193 4255 nist
1224 4192 1309 4255 eadm

1037 4304 1098 4365 11·
