<?xml version="1.0" encoding="UTF-8"?>
<!DOCTYPE html PUBLIC "-//W3C//DTD XHTML 1.0 Transitional//EN"
    "http://www.w3.org/TR/xhtml1/DTD/xhtml1-transitional.dtd">
<html xmlns="http://www.w3.org/1999/xhtml" xml:lang="en" lang="en">
 <head>
  <title>
</title>
<meta http-equiv="Content-Type" content="text/html;charset=utf-8" />
  <meta name='ocr-system' content='tesseract 3.04.00' />
  <meta name='ocr-capabilities' content='ocr_page ocr_carea ocr_par ocr_line ocrx_word'/>
</head>
<body>
  <div class='ocr_page' id='page_1' title='image "./fratrisfelicisf00fabrgoog_0188.png"; bbox 0 0 2902 4710; ppageno 0'>
   <div class='ocr_carea' id='block_1_1' title="bbox 672 177 737 250">
    <p class='ocr_par' dir='ltr' id='par_1_1' title="bbox 672 177 737 250">
     <span class='ocr_line' id='line_1_1' title="bbox 672 177 737 250; baseline -0.015 0"><span class='ocrx_word' id='word_1_1' title='bbox 672 177 737 250; x_wconf 80' lang='lat'>185</span> 
     </span>
    </p>
   </div>
   <div class='ocr_carea' id='block_1_2' title="bbox 113 352 1300 1688">
    <p class='ocr_par' dir='ltr' id='par_1_2' title="bbox 113 352 1300 943">
     <span class='ocr_line' id='line_1_2' title="bbox 114 352 1289 438; baseline 0.004 -21"><span class='ocrx_word' id='word_1_2' title='bbox 114 352 222 435; x_wconf 90' lang='lat' dir='ltr'>piscis,</span> <span class='ocrx_word' id='word_1_3' title='bbox 245 353 414 418; x_wconf 87' lang='lat' dir='ltr'>Mercurius</span> <span class='ocrx_word' id='word_1_4' title='bbox 430 355 461 417; x_wconf 94' lang='lat' dir='ltr'>in</span> <span class='ocrx_word' id='word_1_5' title='bbox 480 356 631 432; x_wconf 86' lang='lat' dir='ltr'>ciconiae,</span> <span class='ocrx_word' id='word_1_6' title='bbox 655 358 766 438; x_wconf 80' lang='lat' dir='ltr'>Cybele</span> <span class='ocrx_word' id='word_1_7' title='bbox 789 358 821 418; x_wconf 90' lang='lat' dir='ltr'>in</span> <span class='ocrx_word' id='word_1_8' title='bbox 843 359 995 432; x_wconf 87' lang='lat' dir='ltr'>merulae,</span> <span class='ocrx_word' id='word_1_9' title='bbox 1017 357 1079 422; x_wconf 90' lang='lat' dir='ltr'>Pan</span> <span class='ocrx_word' id='word_1_10' title='bbox 1102 361 1133 421; x_wconf 93' lang='lat' dir='ltr'>in</span> <span class='ocrx_word' id='word_1_11' title='bbox 1156 359 1289 422; x_wconf 89' lang='lat' dir='ltr'>fluminis</span> 
     </span>
     <span class='ocr_line' id='line_1_3' title="bbox 115 460 1288 540; baseline 0.004 -19"><span class='ocrx_word' id='word_1_12' title='bbox 115 467 275 523; x_wconf 90' lang='lat' dir='ltr'>evaserunt</span> <span class='ocrx_word' id='word_1_13' title='bbox 297 460 419 532; x_wconf 83' lang='lat' dir='ltr'>formis,</span> <span class='ocrx_word' id='word_1_14' title='bbox 451 467 483 522; x_wconf 90' lang='lat' dir='ltr'>et</span> <span class='ocrx_word' id='word_1_15' title='bbox 503 464 603 522; x_wconf 90' lang='lat' dir='ltr'>omnis</span> <span class='ocrx_word' id='word_1_16' title='bbox 627 463 761 540; x_wconf 87' lang='lat' dir='ltr'>reliquus</span> <span class='ocrx_word' id='word_1_17' title='bbox 788 465 937 524; x_wconf 84' lang='lat' dir='ltr'>exercitus</span> <span class='ocrx_word' id='word_1_18' title='bbox 960 462 1086 526; x_wconf 91' lang='lat' dir='ltr'>deorum</span> <span class='ocrx_word' id='word_1_19' title='bbox 1108 483 1167 525; x_wconf 95' lang='lat' dir='ltr'>non</span> <span class='ocrx_word' id='word_1_20' title='bbox 1191 471 1288 526; x_wconf 90' lang='lat' dir='ltr'>trans·</span> 
     </span>
     <span class='ocr_line' id='line_1_4' title="bbox 113 565 1300 660; baseline 0.003 -35"><span class='ocrx_word' id='word_1_21' title='bbox 113 565 310 626; x_wconf 87' lang='lat' dir='ltr'>lormatomm</span> <span class='ocrx_word' id='word_1_22' title='bbox 340 567 482 643; x_wconf 73' lang='lat' dir='ltr'>prostrati</span> <span class='ocrx_word' id='word_1_23' title='bbox 505 572 575 627; x_wconf 89' lang='lat' dir='ltr'>sunt</span> <span class='ocrx_word' id='word_1_24' title='bbox 598 585 615 628; x_wconf 91' lang='lat' dir='ltr'>a</span> <span class='ocrx_word' id='word_1_25' title='bbox 637 565 763 627; x_wconf 88' lang='lat' dir='ltr'>Titanis.</span> <span class='ocrx_word' id='word_1_26' title='bbox 810 567 892 639; x_wconf 83' lang='lat' dir='ltr'>Deos</span> <span class='ocrx_word' id='word_1_27' title='bbox 916 573 1017 628; x_wconf 88' lang='lat' dir='ltr'>autem</span> <span class='ocrx_word' id='word_1_28' title='bbox 1038 566 1139 655; x_wconf 64' lang='lat' dir='ltr'>Apis,</span> <span class='ocrx_word' id='word_1_29' title='bbox 1159 567 1300 660; x_wconf 79' lang='lat' dir='ltr'>Aegypti</span> 
     </span>
     <span class='ocr_line' id='line_1_5' title="bbox 115 669 1289 748; baseline 0.003 -20"><span class='ocrx_word' id='word_1_30' title='bbox 115 673 235 741; x_wconf 91' lang='lat' dir='ltr'>custos,</span> <span class='ocrx_word' id='word_1_31' title='bbox 265 669 396 747; x_wconf 90' lang='lat' dir='ltr'>hospitio</span> <span class='ocrx_word' id='word_1_32' title='bbox 430 671 581 748; x_wconf 79' lang='lat' dir='ltr'>suscepit,</span> <span class='ocrx_word' id='word_1_33' title='bbox 619 675 650 731; x_wconf 88' lang='lat' dir='ltr'>et</span> <span class='ocrx_word' id='word_1_34' title='bbox 671 669 788 732; x_wconf 84' lang='lat' dir='ltr'>Busiris</span> <span class='ocrx_word' id='word_1_35' title='bbox 819 671 955 748; x_wconf 83' lang='lat' dir='ltr'>hospites</span> <span class='ocrx_word' id='word_1_36' title='bbox 986 671 1024 732; x_wconf 92' lang='lat' dir='ltr'>ad</span> <span class='ocrx_word' id='word_1_37' title='bbox 1046 690 1080 732; x_wconf 90' lang='lat' dir='ltr'>se</span> <span class='ocrx_word' id='word_1_38' title='bbox 1104 670 1289 733; x_wconf 79' lang='lat' dir='ltr'>divertentes</span> 
     </span>
     <span class='ocr_line' id='line_1_6' title="bbox 114 759 1290 854; baseline 0.003 -22"><span class='ocrx_word' id='word_1_39' title='bbox 114 773 291 835; x_wconf 86' lang='lat' dir='ltr'>sacrificavit</span> <span class='ocrx_word' id='word_1_40' title='bbox 324 775 383 833; x_wconf 90' lang='lat' dir='ltr'>aris</span> <span class='ocrx_word' id='word_1_41' title='bbox 414 759 589 854; x_wconf 87' lang='lat' dir='ltr'>imponens,</span> <span class='ocrx_word' id='word_1_42' title='bbox 623 792 716 854; x_wconf 89' lang='lat' dir='ltr'>quem</span> <span class='ocrx_word' id='word_1_43' title='bbox 737 774 885 836; x_wconf 86' lang='lat' dir='ltr'>Hercules</span> <span class='ocrx_word' id='word_1_44' title='bbox 915 773 1089 846; x_wconf 89' lang='lat' dir='ltr'>trucidavit,</span> <span class='ocrx_word' id='word_1_45' title='bbox 1107 780 1150 836; x_wconf 87' lang='lat' dir='ltr'>ut</span> <span class='ocrx_word' id='word_1_46' title='bbox 1175 774 1290 836; x_wconf 92' lang='lat' dir='ltr'>dictum</span> 
     </span>
     <span class='ocr_line' id='line_1_7' title="bbox 116 876 314 943; baseline 0.005 -5"><span class='ocrx_word' id='word_1_47' title='bbox 116 883 163 940; x_wconf 88' lang='lat' dir='ltr'>est</span> <span class='ocrx_word' id='word_1_48' title='bbox 185 877 237 939; x_wconf 89' lang='lat' dir='ltr'>iol.</span> <span class='ocrx_word' id='word_1_49' title='bbox 263 876 314 943; x_wconf 83' lang='grc'>64.</span> 
     </span>
    </p>

    <p class='ocr_par' dir='ltr' id='par_1_3' title="bbox 114 974 1291 1688">
     <span class='ocr_line' id='line_1_8' title="bbox 134 974 1288 1062; baseline 0.002 -20"><span class='ocrx_word' id='word_1_50' title='bbox 134 974 152 1006; x_wconf 71' lang='grc'>”</span> <span class='ocrx_word' id='word_1_51' title='bbox 173 1027 176 1031; x_wconf 82' lang='lat'>-</span> <span class='ocrx_word' id='word_1_52' title='bbox 200 983 346 1043; x_wconf 86' lang='lat' dir='ltr'>Dirernnt</span> <span class='ocrx_word' id='word_1_53' title='bbox 369 985 475 1055; x_wconf 90' lang='lat' dir='ltr'>etiarn,</span> <span class='ocrx_word' id='word_1_54' title='bbox 498 982 670 1062; x_wconf 89' lang='lat' dir='ltr'>praedictos</span> <span class='ocrx_word' id='word_1_55' title='bbox 693 983 767 1054; x_wconf 88' lang='lat' dir='ltr'>deos</span> <span class='ocrx_word' id='word_1_56' title='bbox 791 981 894 1043; x_wconf 88' lang='lat' dir='ltr'>stellas</span> <span class='ocrx_word' id='word_1_57' title='bbox 911 1000 997 1056; x_wconf 88' lang='lat' dir='ltr'>esse,</span> <span class='ocrx_word' id='word_1_58' title='bbox 1021 982 1152 1061; x_wconf 88' lang='lat' dir='ltr'>aliquam</span> <span class='ocrx_word' id='word_1_59' title='bbox 1176 983 1288 1056; x_wconf 69' lang='lat' dir='ltr'>adrem,</span> 
     </span>
     <span class='ocr_line' id='line_1_9' title="bbox 115 1085 1291 1173; baseline 0.003 -28"><span class='ocrx_word' id='word_1_60' title='bbox 115 1085 246 1173; x_wconf 84' lang='lat' dir='ltr'>aliquem</span> <span class='ocrx_word' id='word_1_61' title='bbox 275 1087 395 1165; x_wconf 89' lang='lat' dir='ltr'>ignem,</span> <span class='ocrx_word' id='word_1_62' title='bbox 429 1087 580 1165; x_wconf 90' lang='lat' dir='ltr'>spiritum,</span> <span class='ocrx_word' id='word_1_63' title='bbox 616 1093 646 1147; x_wconf 91' lang='lat' dir='ltr'>et</span> <span class='ocrx_word' id='word_1_64' title='bbox 677 1105 733 1166; x_wconf 90' lang='lat' dir='ltr'>per</span> <span class='ocrx_word' id='word_1_65' title='bbox 760 1088 935 1151; x_wconf 88' lang='lat' dir='ltr'>universum</span> <span class='ocrx_word' id='word_1_66' title='bbox 959 1087 1070 1147; x_wconf 81' lang='lat' dir='ltr'>orbem·</span> <span class='ocrx_word' id='word_1_67' title='bbox 1085 1088 1227 1159; x_wconf 91' lang='lat' dir='ltr'>transire,</span> <span class='ocrx_word' id='word_1_68' title='bbox 1259 1088 1291 1148; x_wconf 94' lang='lat' dir='ltr'>in</span> 
     </span>
     <span class='ocr_line' id='line_1_10' title="bbox 114 1189 1291 1270; baseline -0.001 -18"><span class='ocrx_word' id='word_1_69' title='bbox 114 1191 210 1253; x_wconf 89' lang='lat' dir='ltr'>varias</span> <span class='ocrx_word' id='word_1_70' title='bbox 218 1190 224 1236; x_wconf 74' lang='grc' dir='ltr'><em>Γ</em></span> <span class='ocrx_word' id='word_1_71' title='bbox 234 1192 323 1251; x_wconf 88' lang='lat' dir='ltr'>ctiam</span> <span class='ocrx_word' id='word_1_72' title='bbox 345 1190 457 1251; x_wconf 87' lang='lat' dir='ltr'>formas</span> <span class='ocrx_word' id='word_1_73' title='bbox 480 1191 645 1252; x_wconf 63' lang='lat' dir='ltr'>hominum=</span> <span class='ocrx_word' id='word_1_74' title='bbox 661 1198 751 1270; x_wconf 86' lang='lat' dir='ltr'>atque</span> <span class='ocrx_word' id='word_1_75' title='bbox 776 1189 949 1250; x_wconf 90' lang='lat' dir='ltr'>animalium</span> <span class='ocrx_word' id='word_1_76' title='bbox 968 1191 1165 1262; x_wconf 89' lang='lat' dir='ltr'>commutari,</span> <span class='ocrx_word' id='word_1_77' title='bbox 1187 1195 1217 1250; x_wconf 90' lang='lat' dir='ltr'>et</span> <span class='ocrx_word' id='word_1_78' title='bbox 1239 1190 1291 1252; x_wconf 85' lang='lat' dir='ltr'>iiia</span> 
     </span>
     <span class='ocr_line' id='line_1_11' title="bbox 117 1292 1289 1375; baseline -0.003 -18"><span class='ocrx_word' id='word_1_79' title='bbox 117 1296 258 1357; x_wconf 87' lang='lat' dir='ltr'>animalia</span> <span class='ocrx_word' id='word_1_80' title='bbox 287 1312 477 1375; x_wconf 88' lang='lat' dir='ltr'>nequaquam</span> <span class='ocrx_word' id='word_1_81' title='bbox 507 1293 719 1366; x_wconf 83' lang='lat' dir='ltr'>comedebant,</span> <span class='ocrx_word' id='word_1_82' title='bbox 751 1292 890 1355; x_wconf 84' lang='lat' dir='ltr'>deificata</span> <span class='ocrx_word' id='word_1_83' title='bbox 919 1295 1058 1356; x_wconf 89' lang='lat' dir='ltr'>animalia</span> <span class='ocrx_word' id='word_1_84' title='bbox 1086 1294 1138 1354; x_wconf 91' lang='lat' dir='ltr'>illa</span> <span class='ocrx_word' id='word_1_85' title='bbox 1162 1293 1289 1354; x_wconf 89' lang='lat' dir='ltr'>creden·</span> 
     </span>
     <span class='ocr_line' id='line_1_12' title="bbox 115 1395 1289 1477; baseline -0.003 -17"><span class='ocrx_word' id='word_1_86' title='bbox 115 1407 164 1460; x_wconf 89' lang='lat' dir='ltr'>tes</span> <span class='ocrx_word' id='word_1_87' title='bbox 189 1406 220 1461; x_wconf 91' lang='lat' dir='ltr'>et</span> <span class='ocrx_word' id='word_1_88' title='bbox 254 1402 360 1461; x_wconf 80' lang='lat' dir='ltr'>carnes</span> <span class='ocrx_word' id='word_1_89' title='bbox 386 1419 500 1461; x_wconf 91' lang='lat' dir='ltr'>eorum.</span> <span class='ocrx_word' id='word_1_90' title='bbox 545 1398 676 1462; x_wconf 87' lang='lat' dir='ltr'>Maxime</span> <span class='ocrx_word' id='word_1_91' title='bbox 705 1405 808 1460; x_wconf 89' lang='lat' dir='ltr'>tamen</span> <span class='ocrx_word' id='word_1_92' title='bbox 831 1398 988 1470; x_wconf 88' lang='lat' dir='ltr'>animalia,</span> <span class='ocrx_word' id='word_1_93' title='bbox 1023 1415 1100 1477; x_wconf 89' lang='lat' dir='ltr'>quae</span> <span class='ocrx_word' id='word_1_94' title='bbox 1132 1395 1189 1459; x_wconf 91' lang='lat' dir='ltr'>soli</span> <span class='ocrx_word' id='word_1_95' title='bbox 1218 1414 1289 1458; x_wconf 91' lang='lat' dir='ltr'>eon-</span> 
     </span>
     <span class='ocr_line' id='line_1_13' title="bbox 119 1490 1290 1581; baseline -0.002 -17"><span class='ocrx_word' id='word_1_96' title='bbox 119 1490 237 1564; x_wconf 85' lang='lat' dir='ltr'>secrata</span> <span class='ocrx_word' id='word_1_97' title='bbox 279 1503 559 1576; x_wconf 78' lang='lat' dir='ltr'>csseoredebant,</span> <span class='ocrx_word' id='word_1_98' title='bbox 600 1502 845 1575; x_wconf 85' lang='lat' dir='ltr'>venerabantur,</span> <span class='ocrx_word' id='word_1_99' title='bbox 883 1508 915 1562; x_wconf 94' lang='lat' dir='ltr'>ut</span> <span class='ocrx_word' id='word_1_100' title='bbox 947 1503 1157 1574; x_wconf 82' lang='lat' dir='ltr'>scarabaeum,</span> <span class='ocrx_word' id='word_1_101' title='bbox 1199 1519 1290 1581; x_wconf 88' lang='lat' dir='ltr'>quern</span> 
     </span>
     <span class='ocr_line' id='line_1_14' title="bbox 114 1604 1290 1688; baseline -0.003 -19"><span class='ocrx_word' id='word_1_102' title='bbox 114 1608 246 1688; x_wconf 89' lang='lat' dir='ltr'>elligiem</span> <span class='ocrx_word' id='word_1_103' title='bbox 280 1609 440 1669; x_wconf 83' lang='lat' dir='ltr'>animatam</span> <span class='ocrx_word' id='word_1_104' title='bbox 473 1608 546 1668; x_wconf 89' lang='lat' dir='ltr'>solis</span> <span class='ocrx_word' id='word_1_105' title='bbox 575 1624 644 1667; x_wconf 88' lang='lat' dir='ltr'>esse</span> <span class='ocrx_word' id='word_1_106' title='bbox 667 1606 820 1685; x_wconf 91' lang='lat' dir='ltr'>putabant.</span> <span class='ocrx_word' id='word_1_107' title='bbox 867 1604 972 1666; x_wconf 91' lang='lat' dir='ltr'>Omnis</span> <span class='ocrx_word' id='word_1_108' title='bbox 1004 1607 1086 1666; x_wconf 88' lang='lat' dir='ltr'>enirn</span> <span class='ocrx_word' id='word_1_109' title='bbox 1111 1606 1290 1666; x_wconf 82' lang='lat' dir='ltr'>scarabaeus</span> 
     </span>
    </p>
   </div>
   <div class='ocr_carea' id='block_1_3' title="bbox 12 1708 1290 1788">
    <p class='ocr_par' dir='ltr' id='par_1_4' title="bbox 12 1708 1290 1788">
     <span class='ocr_line' id='line_1_15' title="bbox 12 1708 1290 1788; baseline -0.003 -15"><span class='ocrx_word' id='word_1_110' title='bbox 12 1776 17 1783; x_wconf 71' lang='grc'><strong>,</strong></span> <span class='ocrx_word' id='word_1_111' title='bbox 113 1713 231 1774; x_wconf 86' lang='lat' dir='ltr'>virilem</span> <span class='ocrx_word' id='word_1_112' title='bbox 253 1726 357 1772; x_wconf 84' lang='lat' dir='ltr'>sexum</span> <span class='ocrx_word' id='word_1_113' title='bbox 385 1711 492 1783; x_wconf 90' lang='lat' dir='ltr'>habet,</span> <span class='ocrx_word' id='word_1_114' title='bbox 523 1717 553 1771; x_wconf 90' lang='lat' dir='ltr'>et</span> <span class='ocrx_word' id='word_1_115' title='bbox 577 1717 728 1788; x_wconf 86' lang='lat' dir='ltr'>spermate</span> <span class='ocrx_word' id='word_1_116' title='bbox 757 1713 788 1770; x_wconf 94' lang='lat' dir='ltr'>in</span> <span class='ocrx_word' id='word_1_117' title='bbox 811 1716 930 1771; x_wconf 88' lang='lat' dir='ltr'>stercus</span> <span class='ocrx_word' id='word_1_118' title='bbox 952 1709 1067 1782; x_wconf 84' lang='lat' dir='ltr'>inluso,</span> <span class='ocrx_word' id='word_1_119' title='bbox 1097 1711 1158 1788; x_wconf 91' lang='lat' dir='ltr'>pila</span> <span class='ocrx_word' id='word_1_120' title='bbox 1181 1708 1290 1771; x_wconf 86' lang='lat' dir='ltr'>deinde</span> 
     </span>
    </p>
   </div>
   <div class='ocr_carea' id='block_1_4' title="bbox 79 1806 1343 4283">
    <p class='ocr_par' dir='ltr' id='par_1_5' title="bbox 79 1806 1343 4283">
     <span class='ocr_line' id='line_1_16' title="bbox 115 1806 1289 1895; baseline -0.004 -18"><span class='ocrx_word' id='word_1_121' title='bbox 115 1816 253 1877; x_wconf 88' lang='lat' dir='ltr'>conlecta</span> <span class='ocrx_word' id='word_1_122' title='bbox 285 1816 415 1895; x_wconf 90' lang='lat' dir='ltr'>pedibus</span> <span class='ocrx_word' id='word_1_123' title='bbox 445 1815 571 1878; x_wconf 91' lang='lat' dir='ltr'>involvit</span> <span class='ocrx_word' id='word_1_124' title='bbox 601 1813 695 1874; x_wconf 92' lang='lat' dir='ltr'>veluti</span> <span class='ocrx_word' id='word_1_125' title='bbox 727 1815 772 1875; x_wconf 93' lang='lat' dir='ltr'>sol</span> <span class='ocrx_word' id='word_1_126' title='bbox 802 1814 937 1886; x_wconf 87' lang='lat' dir='ltr'>coelum,</span> <span class='ocrx_word' id='word_1_127' title='bbox 977 1806 1023 1874; x_wconf 64' lang='lat' dir='ltr'>et*</span> <span class='ocrx_word' id='word_1_128' title='bbox 1038 1831 1176 1874; x_wconf 87' lang='lat' dir='ltr'>mensem</span> <span class='ocrx_word' id='word_1_129' title='bbox 1205 1813 1289 1874; x_wconf 89' lang='lat' dir='ltr'>luna·</span> 
     </span>
     <span class='ocr_line' id='line_1_17' title="bbox 113 1898 1289 1999; baseline -0.002 -19"><span class='ocrx_word' id='word_1_130' title='bbox 113 1938 179 1980; x_wconf 91' lang='lat' dir='ltr'>rem</span> <span class='ocrx_word' id='word_1_131' title='bbox 202 1926 365 1998; x_wconf 80' lang='lat' dir='ltr'>exspectat,</span> <span class='ocrx_word' id='word_1_132' title='bbox 396 1898 432 1979; x_wconf 82' lang='lat' dir='ltr'>ut</span> <span class='ocrx_word' id='word_1_133' title='bbox 454 1925 539 1999; x_wconf 88' lang='lat' dir='ltr'>patet</span> <span class='ocrx_word' id='word_1_134' title='bbox 560 1936 614 1996; x_wconf 85' lang='lat' dir='ltr'>per</span> <span class='ocrx_word' id='word_1_135' title='bbox 637 1918 800 1979; x_wconf 85' lang='lat' dir='ltr'>Eusebium</span> <span class='ocrx_word' id='word_1_136' title='bbox 822 1917 859 1978; x_wconf 91' lang='lat' dir='ltr'>de</span> <span class='ocrx_word' id='word_1_137' title='bbox 886 1935 1023 1997; x_wconf 76' lang='lat' dir='ltr'>praepar.</span> <span class='ocrx_word' id='word_1_138' title='bbox 1049 1935 1153 1995; x_wconf 81' lang='lat' dir='ltr'>evang.</span> <span class='ocrx_word' id='word_1_139' title='bbox 1183 1915 1216 1977; x_wconf 84' lang='lat' dir='ltr'>L.</span> <span class='ocrx_word' id='word_1_140' title='bbox 1240 1913 1289 1978; x_wconf 89' lang='lat'><em>111.</em></span> 
     </span>
     <span class='ocr_line' id='line_1_18' title="bbox 115 2017 1291 2103; baseline -0.001 -20"><span class='ocrx_word' id='word_1_141' title='bbox 115 2022 147 2083; x_wconf 86' lang='lat' dir='ltr'>C.</span> <span class='ocrx_word' id='word_1_142' title='bbox 172 2020 202 2087; x_wconf 88' lang='grc'>2.</span> <span class='ocrx_word' id='word_1_143' title='bbox 237 2029 268 2083; x_wconf 90' lang='lat' dir='ltr'>et</span> <span class='ocrx_word' id='word_1_144' title='bbox 298 2041 389 2103; x_wconf 92' lang='lat' dir='ltr'>supra</span> <span class='ocrx_word' id='word_1_145' title='bbox 420 2022 452 2083; x_wconf 89' lang='lat' dir='ltr'>P.</span> <span class='ocrx_word' id='word_1_146' title='bbox 488 2021 509 2093; x_wconf 87' lang='lat' dir='ltr'>I.</span> <span class='ocrx_word' id='word_1_147' title='bbox 544 2021 596 2091; x_wconf 83' lang='lat' dir='ltr'>iol.</span> <span class='ocrx_word' id='word_1_148' title='bbox 620 2017 694 2084; x_wconf 85' lang='grc'><strong>243.</strong></span> <span class='ocrx_word' id='word_1_149' title='bbox 718 2020 752 2082; x_wconf 88' lang='grc' dir='ltr'>Β.</span> <span class='ocrx_word' id='word_1_150' title='bbox 797 2021 850 2081; x_wconf 88' lang='lat' dir='ltr'>Sic</span> <span class='ocrx_word' id='word_1_151' title='bbox 879 2039 950 2101; x_wconf 89' lang='lat' dir='ltr'>ergo</span> <span class='ocrx_word' id='word_1_152' title='bbox 983 2022 1160 2101; x_wconf 78' lang='lat' dir='ltr'>proliciente</span> <span class='ocrx_word' id='word_1_153' title='bbox 1193 2027 1291 2083; x_wconf 88' lang='lat' dir='ltr'>aetate</span> 
     </span>
     <span class='ocr_line' id='line_1_19' title="bbox 112 2114 1290 2210; baseline 0 -24"><span class='ocrx_word' id='word_1_154' title='bbox 112 2125 242 2205; x_wconf 90' lang='lat' dir='ltr'>proiecit</span> <span class='ocrx_word' id='word_1_155' title='bbox 275 2133 306 2185; x_wconf 87' lang='lat' dir='ltr'>et</span> <span class='ocrx_word' id='word_1_156' title='bbox 342 2144 434 2187; x_wconf 85' lang='lat' dir='ltr'>error.</span> <span class='ocrx_word' id='word_1_157' title='bbox 480 2124 580 2210; x_wconf 82' lang='lat' dir='ltr'>Primo</span> <span class='ocrx_word' id='word_1_158' title='bbox 605 2126 685 2184; x_wconf 89' lang='lat' dir='ltr'>enim</span> <span class='ocrx_word' id='word_1_159' title='bbox 708 2125 848 2184; x_wconf 91' lang='lat' dir='ltr'>homines</span> <span class='ocrx_word' id='word_1_160' title='bbox 872 2114 1026 2198; x_wconf 87' lang='lat' dir='ltr'>illustres,</span> <span class='ocrx_word' id='word_1_161' title='bbox 1056 2126 1203 2205; x_wconf 88' lang='lat' dir='ltr'>aquibus</span> <span class='ocrx_word' id='word_1_162' title='bbox 1238 2127 1290 2187; x_wconf 89' lang='lat' dir='ltr'>be-</span> 
     </span>
     <span class='ocr_line' id='line_1_20' title="bbox 112 2224 1290 2307; baseline 0.001 -20"><span class='ocrx_word' id='word_1_163' title='bbox 112 2229 218 2288; x_wconf 86' lang='lat' dir='ltr'>neficia</span> <span class='ocrx_word' id='word_1_164' title='bbox 248 2233 431 2307; x_wconf 90' lang='lat' dir='ltr'>acceperunt</span> <span class='ocrx_word' id='word_1_165' title='bbox 455 2232 486 2286; x_wconf 89' lang='lat' dir='ltr'>et</span> <span class='ocrx_word' id='word_1_166' title='bbox 514 2224 745 2298; x_wconf 83' lang='lat' dir='ltr'>instructiones,</span> <span class='ocrx_word' id='word_1_167' title='bbox 778 2226 910 2306; x_wconf 88' lang='lat' dir='ltr'>prediis</span> <span class='ocrx_word' id='word_1_168' title='bbox 932 2229 1096 2301; x_wconf 86' lang='lat' dir='ltr'>habebant,</span> <span class='ocrx_word' id='word_1_169' title='bbox 1129 2231 1290 2289; x_wconf 91' lang='lat' dir='ltr'>aestiman-</span> 
     </span>
     <span class='ocr_line' id='line_1_21' title="bbox 112 2328 1293 2410; baseline 0.004 -22"><span class='ocrx_word' id='word_1_170' title='bbox 112 2335 177 2399; x_wconf 89' lang='lat' dir='ltr'>tes,</span> <span class='ocrx_word' id='word_1_171' title='bbox 211 2347 263 2389; x_wconf 90' lang='lat' dir='ltr'>eos</span> <span class='ocrx_word' id='word_1_172' title='bbox 288 2328 326 2389; x_wconf 91' lang='lat' dir='ltr'>de</span> <span class='ocrx_word' id='word_1_173' title='bbox 346 2329 433 2388; x_wconf 89' lang='lat' dir='ltr'>coelo</span> <span class='ocrx_word' id='word_1_174' title='bbox 459 2329 579 2404; x_wconf 90' lang='lat' dir='ltr'>lapsos,</span> <span class='ocrx_word' id='word_1_175' title='bbox 606 2334 639 2388; x_wconf 91' lang='lat' dir='ltr'>ut</span> <span class='ocrx_word' id='word_1_176' title='bbox 655 2329 786 2402; x_wconf 91' lang='lat' dir='ltr'>Osirim,</span> <span class='ocrx_word' id='word_1_177' title='bbox 801 2329 932 2404; x_wconf 89' lang='lat' dir='ltr'>isidem,</span> <span class='ocrx_word' id='word_1_178' title='bbox 962 2350 1038 2410; x_wconf 88' lang='lat' dir='ltr'>quos</span> <span class='ocrx_word' id='word_1_179' title='bbox 1067 2338 1137 2410; x_wconf 93' lang='lat' dir='ltr'>post</span> <span class='ocrx_word' id='word_1_180' title='bbox 1163 2337 1293 2392; x_wconf 89' lang='lat' dir='ltr'>mortem</span> 
     </span>
     <span class='ocr_line' id='line_1_22' title="bbox 115 2413 1292 2509; baseline 0.005 -19"><span class='ocrx_word' id='word_1_181' title='bbox 115 2443 237 2503; x_wconf 91' lang='lat' dir='ltr'>eorum,</span> <span class='ocrx_word' id='word_1_182' title='bbox 259 2431 405 2491; x_wconf 89' lang='lat' dir='ltr'>habentes</span> <span class='ocrx_word' id='word_1_183' title='bbox 424 2429 502 2508; x_wconf 90' lang='lat' dir='ltr'>apud</span> <span class='ocrx_word' id='word_1_184' title='bbox 523 2447 557 2489; x_wconf 89' lang='lat' dir='ltr'>se</span> <span class='ocrx_word' id='word_1_185' title='bbox 581 2432 739 2509; x_wconf 89' lang='lat' dir='ltr'>sepulchra</span> <span class='ocrx_word' id='word_1_186' title='bbox 762 2450 884 2505; x_wconf 91' lang='lat' dir='ltr'>eornm,</span> <span class='ocrx_word' id='word_1_187' title='bbox 907 2436 950 2496; x_wconf 90' lang='lat' dir='ltr'>ita</span> <span class='ocrx_word' id='word_1_188' title='bbox 973 2435 1074 2496; x_wconf 88' lang='lat' dir='ltr'>extolli</span> <span class='ocrx_word' id='word_1_189' title='bbox 1097 2437 1132 2496; x_wconf 90' lang='lat' dir='ltr'>ab</span> <span class='ocrx_word' id='word_1_190' title='bbox 1154 2413 1292 2496; x_wconf 87' lang='lat' dir='ltr'>omnibus</span> 
     </span>
     <span class='ocr_line' id='line_1_23' title="bbox 112 2533 1291 2614; baseline 0.001 -15"><span class='ocrx_word' id='word_1_191' title='bbox 112 2535 260 2608; x_wconf 90' lang='lat' dir='ltr'>volebant,</span> <span class='ocrx_word' id='word_1_192' title='bbox 287 2539 320 2595; x_wconf 90' lang='lat' dir='ltr'>nt</span> <span class='ocrx_word' id='word_1_193' title='bbox 347 2539 492 2596; x_wconf 88' lang='lat' dir='ltr'>statutum</span> <span class='ocrx_word' id='word_1_194' title='bbox 513 2533 667 2607; x_wconf 90' lang='lat' dir='ltr'>iacerent,</span> <span class='ocrx_word' id='word_1_195' title='bbox 687 2542 728 2596; x_wconf 89' lang='lat' dir='ltr'>ut</span> <span class='ocrx_word' id='word_1_196' title='bbox 745 2538 929 2614; x_wconf 84' lang='lat' dir='ltr'>quicumque</span> <span class='ocrx_word' id='word_1_197' title='bbox 945 2537 1062 2599; x_wconf 90' lang='lat' dir='ltr'>diceret</span> <span class='ocrx_word' id='word_1_198' title='bbox 1084 2557 1137 2599; x_wconf 88' lang='lat' dir='ltr'>eos</span> <span class='ocrx_word' id='word_1_199' title='bbox 1152 2540 1291 2600; x_wconf 90' lang='lat' dir='ltr'>homines</span> 
     </span>
     <span class='ocr_line' id='line_1_24' title="bbox 111 2637 1287 2718; baseline 0.005 -20"><span class='ocrx_word' id='word_1_200' title='bbox 111 2638 216 2710; x_wconf 87' lang='lat' dir='ltr'>luisse,</span> <span class='ocrx_word' id='word_1_201' title='bbox 233 2640 331 2717; x_wconf 90' lang='lat' dir='ltr'>capite</span> <span class='ocrx_word' id='word_1_202' title='bbox 347 2639 512 2716; x_wconf 87' lang='lat' dir='ltr'>puniretur,</span> <span class='ocrx_word' id='word_1_203' title='bbox 528 2644 561 2700; x_wconf 92' lang='lat' dir='ltr'>ut</span> <span class='ocrx_word' id='word_1_204' title='bbox 576 2637 649 2700; x_wconf 90' lang='lat' dir='ltr'>dicit</span> <span class='ocrx_word' id='word_1_205' title='bbox 665 2639 851 2718; x_wconf 79' lang='lat' dir='ltr'>Augustinus</span> <span class='ocrx_word' id='word_1_206' title='bbox 868 2639 905 2701; x_wconf 92' lang='lat' dir='ltr'>de</span> <span class='ocrx_word' id='word_1_207' title='bbox 922 2639 1048 2701; x_wconf 87' lang='lat' dir='ltr'>Civitate</span> <span class='ocrx_word' id='word_1_208' title='bbox 1064 2641 1121 2703; x_wconf 90' lang='lat' dir='ltr'>Dei</span> <span class='ocrx_word' id='word_1_209' title='bbox 1133 2639 1166 2701; x_wconf 93' lang='lat' dir='ltr'>L.</span> <span class='ocrx_word' id='word_1_210' title='bbox 1183 2640 1287 2704; x_wconf 77' lang='lat' dir='ltr'>xvttt.</span> 
     </span>
     <span class='ocr_line' id='line_1_25' title="bbox 113 2740 1283 2815; baseline 0.002 -11"><span class='ocrx_word' id='word_1_211' title='bbox 113 2744 146 2804; x_wconf 84' lang='lat' dir='ltr'>C.</span> <span class='ocrx_word' id='word_1_212' title='bbox 163 2740 193 2808; x_wconf 88' lang='grc'>3.</span> <span class='ocrx_word' id='word_1_213' title='bbox 224 2744 341 2806; x_wconf 86' lang='lat' dir='ltr'>Deinde</span> <span class='ocrx_word' id='word_1_214' title='bbox 356 2743 569 2815; x_wconf 89' lang='lat' dir='ltr'>aestimabant,</span> <span class='ocrx_word' id='word_1_215' title='bbox 586 2749 723 2804; x_wconf 90' lang='lat' dir='ltr'>mortuos</span> <span class='ocrx_word' id='word_1_216' title='bbox 739 2742 901 2804; x_wconf 90' lang='lat' dir='ltr'>translatos</span> <span class='ocrx_word' id='word_1_217' title='bbox 916 2745 947 2803; x_wconf 93' lang='lat' dir='ltr'>in</span> <span class='ocrx_word' id='word_1_218' title='bbox 964 2743 1067 2804; x_wconf 92' lang='lat' dir='ltr'>stellas</span> <span class='ocrx_word' id='word_1_219' title='bbox 1085 2751 1116 2805; x_wconf 89' lang='lat' dir='ltr'>ct</span> <span class='ocrx_word' id='word_1_220' title='bbox 1131 2747 1283 2807; x_wconf 89' lang='lat' dir='ltr'>elementa</span> 
     </span>
     <span class='ocr_line' id='line_1_26' title="bbox 82 2837 1285 2928; baseline 0.001 -19"><span class='ocrx_word' id='word_1_221' title='bbox 82 2848 193 2915; x_wconf 65' lang='lat' dir='ltr'>⁴unde</span> <span class='ocrx_word' id='word_1_222' title='bbox 222 2847 361 2910; x_wconf 90' lang='lat' dir='ltr'>dicebant</span> <span class='ocrx_word' id='word_1_223' title='bbox 391 2847 502 2909; x_wconf 85' lang='lat' dir='ltr'>Osirim</span> <span class='ocrx_word' id='word_1_224' title='bbox 535 2850 632 2919; x_wconf 85' lang='lat' dir='ltr'>solem</span> <span class='ocrx_word' id='word_1_225' title='bbox 663 2844 694 2909; x_wconf 83' lang='lat' dir='ltr'>et</span> <span class='ocrx_word' id='word_1_226' title='bbox 716 2848 827 2910; x_wconf 90' lang='lat' dir='ltr'>isidem</span> <span class='ocrx_word' id='word_1_227' title='bbox 855 2837 972 2920; x_wconf 85' lang='lat' dir='ltr'>lunam,</span> <span class='ocrx_word' id='word_1_228' title='bbox 1000 2847 1106 2910; x_wconf 86' lang='lat' dir='ltr'>Jovem</span> <span class='ocrx_word' id='word_1_229' title='bbox 1137 2851 1285 2928; x_wconf 90' lang='lat' dir='ltr'>spiritum,</span> 
     </span>
     <span class='ocr_line' id='line_1_27' title="bbox 111 2950 1286 3034; baseline 0.001 -19"><span class='ocrx_word' id='word_1_230' title='bbox 111 2950 163 3034; x_wconf 80' lang='lat' dir='ltr'>qui</span> <span class='ocrx_word' id='word_1_231' title='bbox 185 2972 240 3033; x_wconf 90' lang='lat' dir='ltr'>per</span> <span class='ocrx_word' id='word_1_232' title='bbox 263 2956 362 3015; x_wconf 90' lang='lat' dir='ltr'>omnia</span> <span class='ocrx_word' id='word_1_233' title='bbox 385 2961 526 3027; x_wconf 88' lang='lat' dir='ltr'>transeat,</span> <span class='ocrx_word' id='word_1_234' title='bbox 549 2955 717 3017; x_wconf 86' lang='lat' dir='ltr'>Vulcanum</span> <span class='ocrx_word' id='word_1_235' title='bbox 739 2955 850 3032; x_wconf 90' lang='lat' dir='ltr'>ignem,</span> <span class='ocrx_word' id='word_1_236' title='bbox 874 2959 987 3013; x_wconf 91' lang='lat' dir='ltr'>terram</span> <span class='ocrx_word' id='word_1_237' title='bbox 1003 2950 1163 3026; x_wconf 83' lang='lat' dir='ltr'>Cererem,</span> <span class='ocrx_word' id='word_1_238' title='bbox 1188 2953 1286 3016; x_wconf 89' lang='lat' dir='ltr'>Ocea·</span> 
     </span>
     <span class='ocr_line' id='line_1_28' title="bbox 111 3055 1288 3133; baseline 0.002 -14"><span class='ocrx_word' id='word_1_239' title='bbox 111 3077 183 3119; x_wconf 90' lang='lat' dir='ltr'>num</span> <span class='ocrx_word' id='word_1_240' title='bbox 205 3058 430 3132; x_wconf 87' lang='lat' dir='ltr'>humiditatem,</span> <span class='ocrx_word' id='word_1_241' title='bbox 453 3058 554 3120; x_wconf 91' lang='lat' dir='ltr'>Nilum</span> <span class='ocrx_word' id='word_1_242' title='bbox 571 3060 664 3119; x_wconf 90' lang='lat' dir='ltr'>etiam</span> <span class='ocrx_word' id='word_1_243' title='bbox 679 3057 804 3118; x_wconf 89' lang='lat' dir='ltr'>liuvium</span> <span class='ocrx_word' id='word_1_244' title='bbox 819 3056 910 3117; x_wconf 91' lang='lat' dir='ltr'>deum</span> <span class='ocrx_word' id='word_1_245' title='bbox 928 3055 1060 3120; x_wconf 89' lang='lat' dir='ltr'>deorum</span> <span class='ocrx_word' id='word_1_246' title='bbox 1083 3060 1288 3133; x_wconf 74' lang='lat' dir='ltr'>aesserebant,</span> 
     </span>
     <span class='ocr_line' id='line_1_29' title="bbox 112 3159 1288 3242; baseline 0.002 -20"><span class='ocrx_word' id='word_1_247' title='bbox 112 3164 182 3241; x_wconf 91' lang='lat' dir='ltr'>quia</span> <span class='ocrx_word' id='word_1_248' title='bbox 209 3166 238 3224; x_wconf 94' lang='lat' dir='ltr'>ei</span> <span class='ocrx_word' id='word_1_249' title='bbox 267 3166 496 3242; x_wconf 84' lang='lat' dir='ltr'>generationem</span> <span class='ocrx_word' id='word_1_250' title='bbox 525 3161 652 3223; x_wconf 92' lang='lat' dir='ltr'>deorum</span> <span class='ocrx_word' id='word_1_251' title='bbox 680 3162 897 3232; x_wconf 90' lang='lat' dir='ltr'>attribuebant,</span> <span class='ocrx_word' id='word_1_252' title='bbox 928 3167 960 3221; x_wconf 90' lang='lat' dir='ltr'>et</span> <span class='ocrx_word' id='word_1_253' title='bbox 983 3159 1155 3224; x_wconf 86' lang='lat' dir='ltr'>Minervam</span> <span class='ocrx_word' id='word_1_254' title='bbox 1184 3165 1288 3224; x_wconf 69' lang='lat' dir='ltr'>adrem</span> 
     </span>
     <span class='ocr_line' id='line_1_30' title="bbox 114 3265 1343 3348; baseline 0.003 -22"><span class='ocrx_word' id='word_1_255' title='bbox 114 3283 184 3326; x_wconf 90' lang='lat' dir='ltr'>esse</span> <span class='ocrx_word' id='word_1_256' title='bbox 208 3267 363 3340; x_wconf 87' lang='lat' dir='ltr'>dicebant,</span> <span class='ocrx_word' id='word_1_257' title='bbox 387 3284 548 3345; x_wconf 90' lang='lat' dir='ltr'>peragrare</span> <span class='ocrx_word' id='word_1_258' title='bbox 572 3267 694 3339; x_wconf 80' lang='lat' dir='ltr'>orbern,</span> <span class='ocrx_word' id='word_1_259' title='bbox 718 3269 750 3327; x_wconf 92' lang='lat' dir='ltr'>in</span> <span class='ocrx_word' id='word_1_260' title='bbox 771 3266 862 3328; x_wconf 89' lang='lat' dir='ltr'>variis</span> <span class='ocrx_word' id='word_1_261' title='bbox 878 3265 1051 3327; x_wconf 90' lang='lat' dir='ltr'>hominibus</span> <span class='ocrx_word' id='word_1_262' title='bbox 1067 3285 1214 3348; x_wconf 88' lang='lat' dir='ltr'>apparere</span> <span class='ocrx_word' id='word_1_263' title='bbox 1231 3269 1290 3330; x_wconf 91' lang='lat' dir='ltr'>lor·</span> <span class='ocrx_word' id='word_1_264' title='bbox 1332 3294 1343 3311; x_wconf 67' lang='grc'><em>’</em></span> 
     </span>
     <span class='ocr_line' id='line_1_31' title="bbox 112 3355 1289 3445; baseline 0.003 -16"><span class='ocrx_word' id='word_1_265' title='bbox 112 3371 169 3429; x_wconf 93' lang='lat' dir='ltr'>mis</span> <span class='ocrx_word' id='word_1_266' title='bbox 202 3368 392 3440; x_wconf 86' lang='lat' dir='ltr'>animalium,</span> <span class='ocrx_word' id='word_1_267' title='bbox 426 3377 457 3430; x_wconf 90' lang='lat' dir='ltr'>et</span> <span class='ocrx_word' id='word_1_268' title='bbox 489 3387 594 3430; x_wconf 88' lang='lat' dir='ltr'>carnes</span> <span class='ocrx_word' id='word_1_269' title='bbox 628 3355 748 3431; x_wconf 84' lang='lat' dir='ltr'>iliorum</span> <span class='ocrx_word' id='word_1_270' title='bbox 775 3369 949 3430; x_wconf 91' lang='lat' dir='ltr'>animalium</span> <span class='ocrx_word' id='word_1_271' title='bbox 976 3389 1037 3431; x_wconf 93' lang='lat' dir='ltr'>non</span> <span class='ocrx_word' id='word_1_272' title='bbox 1061 3371 1289 3445; x_wconf 88' lang='lat' dir='ltr'>manducabant,</span> 
     </span>
     <span class='ocr_line' id='line_1_32' title="bbox 111 3471 1289 3551; baseline 0.004 -18"><span class='ocrx_word' id='word_1_273' title='bbox 111 3474 171 3533; x_wconf 95' lang='lat' dir='ltr'>imo</span> <span class='ocrx_word' id='word_1_274' title='bbox 194 3474 246 3534; x_wconf 88' lang='lat' dir='ltr'>illa</span> <span class='ocrx_word' id='word_1_275' title='bbox 271 3473 413 3534; x_wconf 89' lang='lat' dir='ltr'>animalia</span> <span class='ocrx_word' id='word_1_276' title='bbox 433 3473 605 3535; x_wconf 86' lang='lat' dir='ltr'>adorabant·</span> <span class='ocrx_word' id='word_1_277' title='bbox 619 3478 653 3533; x_wconf 92' lang='lat' dir='ltr'>ut</span> <span class='ocrx_word' id='word_1_278' title='bbox 675 3472 760 3533; x_wconf 89' lang='lat' dir='ltr'>deos.</span> <span class='ocrx_word' id='word_1_279' title='bbox 792 3472 880 3534; x_wconf 90' lang='lat' dir='ltr'>Unde</span> <span class='ocrx_word' id='word_1_280' title='bbox 904 3474 935 3545; x_wconf 90' lang='lat' dir='ltr'>in</span> <span class='ocrx_word' id='word_1_281' title='bbox 951 3473 1040 3551; x_wconf 88' lang='lat' dir='ltr'>Speo.</span> <span class='ocrx_word' id='word_1_282' title='bbox 1064 3474 1168 3535; x_wconf 92' lang='lat' dir='ltr'>histor.</span> <span class='ocrx_word' id='word_1_283' title='bbox 1186 3474 1219 3536; x_wconf 92' lang='lat' dir='ltr'>L.</span> <span class='ocrx_word' id='word_1_284' title='bbox 1239 3471 1289 3538; x_wconf 90' lang='grc'>16.</span> 
     </span>
     <span class='ocr_line' id='line_1_33' title="bbox 79 3573 1290 3654; baseline 0.003 -17"><span class='ocrx_word' id='word_1_285' title='bbox 79 3582 82 3587; x_wconf 88' lang='grc'><em>“</em></span> <span class='ocrx_word' id='word_1_286' title='bbox 115 3575 147 3637; x_wconf 83' lang='lat' dir='ltr'>C.</span> <span class='ocrx_word' id='word_1_287' title='bbox 163 3573 221 3647; x_wconf 75' lang='lat' dir='ltr'>di,</span> <span class='ocrx_word' id='word_1_288' title='bbox 241 3576 367 3636; x_wconf 89' lang='lat' dir='ltr'>dicitur:</span> <span class='ocrx_word' id='word_1_289' title='bbox 391 3574 533 3654; x_wconf 83' lang='lat' dir='ltr'>Aegyptii</span> <span class='ocrx_word' id='word_1_290' title='bbox 556 3577 767 3637; x_wconf 88' lang='lat' dir='ltr'>sceleratiores</span> <span class='ocrx_word' id='word_1_291' title='bbox 791 3582 822 3637; x_wconf 84' lang='lat' dir='ltr'>et</span> <span class='ocrx_word' id='word_1_292' title='bbox 845 3575 1018 3638; x_wconf 88' lang='lat' dir='ltr'>stolidiores</span> <span class='ocrx_word' id='word_1_293' title='bbox 1043 3580 1181 3640; x_wconf 91' lang='lat' dir='ltr'>omnibus</span> <span class='ocrx_word' id='word_1_294' title='bbox 1205 3580 1290 3641; x_wconf 90' lang='lat' dir='ltr'>dete-</span> 
     </span>
     <span class='ocr_line' id='line_1_34' title="bbox 111 3665 1290 3759; baseline 0.006 -20"><span class='ocrx_word' id='word_1_295' title='bbox 111 3665 179 3740; x_wconf 79' lang='lat' dir='ltr'>rius</span> <span class='ocrx_word' id='word_1_296' title='bbox 205 3678 343 3740; x_wconf 87' lang='lat' dir='ltr'>omnibus</span> <span class='ocrx_word' id='word_1_297' title='bbox 368 3687 558 3752; x_wconf 88' lang='lat' dir='ltr'>erraverunt,</span> <span class='ocrx_word' id='word_1_298' title='bbox 589 3682 642 3759; x_wconf 89' lang='lat' dir='ltr'>qui</span> <span class='ocrx_word' id='word_1_299' title='bbox 661 3680 749 3740; x_wconf 91' lang='lat' dir='ltr'>bruta</span> <span class='ocrx_word' id='word_1_300' title='bbox 775 3681 920 3740; x_wconf 88' lang='lat' dir='ltr'>animalia</span> <span class='ocrx_word' id='word_1_301' title='bbox 943 3681 1091 3743; x_wconf 90' lang='lat' dir='ltr'>inducunt</span> <span class='ocrx_word' id='word_1_302' title='bbox 1114 3683 1187 3744; x_wconf 87' lang='lat' dir='ltr'>deos</span> <span class='ocrx_word' id='word_1_303' title='bbox 1211 3703 1290 3755; x_wconf 90' lang='lat' dir='ltr'>esse,</span> 
     </span>
     <span class='ocr_line' id='line_1_35' title="bbox 111 3784 1289 3862; baseline 0.006 -19"><span class='ocrx_word' id='word_1_304' title='bbox 111 3789 240 3854; x_wconf 88' lang='lat' dir='ltr'>terrena,</span> <span class='ocrx_word' id='word_1_305' title='bbox 264 3784 404 3862; x_wconf 89' lang='lat' dir='ltr'>aquatilia</span> <span class='ocrx_word' id='word_1_306' title='bbox 427 3789 458 3843; x_wconf 91' lang='lat' dir='ltr'>et</span> <span class='ocrx_word' id='word_1_307' title='bbox 481 3784 623 3854; x_wconf 91' lang='lat' dir='ltr'>volatilia,</span> <span class='ocrx_word' id='word_1_308' title='bbox 648 3789 679 3843; x_wconf 88' lang='lat' dir='ltr'>et</span> <span class='ocrx_word' id='word_1_309' title='bbox 695 3786 889 3845; x_wconf 88' lang='lat' dir='ltr'>contaminati</span> <span class='ocrx_word' id='word_1_310' title='bbox 918 3794 989 3848; x_wconf 93' lang='lat' dir='ltr'>sunt</span> <span class='ocrx_word' id='word_1_311' title='bbox 1005 3791 1139 3849; x_wconf 92' lang='lat' dir='ltr'>omnium</span> <span class='ocrx_word' id='word_1_312' title='bbox 1156 3790 1289 3862; x_wconf 90' lang='lat' dir='ltr'>insania;</span> 
     </span>
     <span class='ocr_line' id='line_1_36' title="bbox 111 3886 1290 3972; baseline 0.008 -26"><span class='ocrx_word' id='word_1_313' title='bbox 111 3904 181 3947; x_wconf 91' lang='lat' dir='ltr'>nam</span> <span class='ocrx_word' id='word_1_314' title='bbox 198 3886 439 3966; x_wconf 83' lang='lat' dir='ltr'>quidamcolunt</span> <span class='ocrx_word' id='word_1_315' title='bbox 454 3905 551 3959; x_wconf 91' lang='lat' dir='ltr'>ovem,</span> <span class='ocrx_word' id='word_1_316' title='bbox 568 3886 690 3965; x_wconf 87' lang='lat' dir='ltr'>qnidam</span> <span class='ocrx_word' id='word_1_317' title='bbox 705 3887 841 3960; x_wconf 90' lang='lat' dir='ltr'>hircum,</span> <span class='ocrx_word' id='word_1_318' title='bbox 857 3891 906 3951; x_wconf 92' lang='lat' dir='ltr'>alii</span> <span class='ocrx_word' id='word_1_319' title='bbox 922 3893 1057 3966; x_wconf 90' lang='lat' dir='ltr'>vitulum,</span> <span class='ocrx_word' id='word_1_320' title='bbox 1084 3893 1132 3953; x_wconf 94' lang='lat' dir='ltr'>alii</span> <span class='ocrx_word' id='word_1_321' title='bbox 1152 3911 1290 3972; x_wconf 91' lang='lat' dir='ltr'>porcum,</span> 
     </span>
     <span class='ocr_line' id='line_1_37' title="bbox 112 3990 1290 4074; baseline 0.007 -24"><span class='ocrx_word' id='word_1_322' title='bbox 112 3990 318 4074; x_wconf 84' lang='lat' dir='ltr'>aliicorvum,</span> <span class='ocrx_word' id='word_1_323' title='bbox 342 3991 391 4051; x_wconf 90' lang='lat' dir='ltr'>alii</span> <span class='ocrx_word' id='word_1_324' title='bbox 424 3993 613 4069; x_wconf 90' lang='lat' dir='ltr'>accipitrem,</span> <span class='ocrx_word' id='word_1_325' title='bbox 639 3992 689 4052; x_wconf 88' lang='lat' dir='ltr'>alii</span> <span class='ocrx_word' id='word_1_326' title='bbox 719 3995 885 4069; x_wconf 91' lang='lat' dir='ltr'>vulturem,</span> <span class='ocrx_word' id='word_1_327' title='bbox 914 3997 964 4057; x_wconf 92' lang='lat' dir='ltr'>alii</span> <span class='ocrx_word' id='word_1_328' title='bbox 999 3996 1214 4069; x_wconf 92' lang='lat' dir='ltr'>cocodrillum,</span> <span class='ocrx_word' id='word_1_329' title='bbox 1240 3996 1290 4059; x_wconf 92' lang='lat' dir='ltr'>cui</span> 
     </span>
     <span class='ocr_line' id='line_1_38' title="bbox 112 4095 1287 4187; baseline 0.003 -31"><span class='ocrx_word' id='word_1_330' title='bbox 112 4095 204 4187; x_wconf 87' lang='lat' dir='ltr'>etiam</span> <span class='ocrx_word' id='word_1_331' title='bbox 238 4097 392 4175; x_wconf 89' lang='lat' dir='ltr'>propriam</span> <span class='ocrx_word' id='word_1_332' title='bbox 432 4114 649 4183; x_wconf 87' lang='lat' dir='ltr'>consecravere</span> <span class='ocrx_word' id='word_1_333' title='bbox 685 4100 855 4172; x_wconf 89' lang='lat' dir='ltr'>civitatem,</span> <span class='ocrx_word' id='word_1_334' title='bbox 891 4118 967 4180; x_wconf 90' lang='lat' dir='ltr'>quae</span> <span class='ocrx_word' id='word_1_335' title='bbox 1002 4099 1157 4161; x_wconf 88' lang='lat' dir='ltr'>dicebatur</span> <span class='ocrx_word' id='word_1_336' title='bbox 1190 4099 1287 4160; x_wconf 85' lang='lat' dir='ltr'>Coco-</span> 
     </span>
     <span class='ocr_line' id='line_1_39' title="bbox 112 4187 1288 4283; baseline 0.004 -22"><span class='ocrx_word' id='word_1_337' title='bbox 112 4197 267 4262; x_wconf 86' lang='lat' dir='ltr'>dn&#39;ttorum</span> <span class='ocrx_word' id='word_1_338' title='bbox 289 4187 375 4274; x_wconf 80' lang='lat' dir='ltr'>urbs,</span> <span class='ocrx_word' id='word_1_339' title='bbox 412 4197 483 4282; x_wconf 85' lang='lat' dir='ltr'>quia</span> <span class='ocrx_word' id='word_1_340' title='bbox 499 4198 596 4279; x_wconf 83' lang='lat' dir='ltr'>&#39;juxta</span> <span class='ocrx_word' id='word_1_341' title='bbox 628 4219 697 4265; x_wconf 90' lang='lat' dir='ltr'>eam</span> <span class='ocrx_word' id='word_1_342' title='bbox 723 4203 892 4283; x_wconf 83' lang='lat' dir='ltr'>in·palude</span> <span class='ocrx_word' id='word_1_343' title='bbox 923 4200 1112 4267; x_wconf 85' lang='lat' dir='ltr'>nutriebatur</span> <span class='ocrx_word' id='word_1_344' title='bbox 1141 4214 1159 4266; x_wconf 87' lang='lat' dir='ltr'>a</span> <span class='ocrx_word' id='word_1_345' title='bbox 1187 4221 1288 4267; x_wconf 84' lang='lat' dir='ltr'>sacor-</span> 
     </span>
    </p>
   </div>
   <div class='ocr_carea' id='block_1_5' title="bbox 0 0 1456 4710">
    <p class='ocr_par' dir='ltr' id='par_1_6' title="bbox 0 0 1456 4710">
     <span class='ocr_line' id='line_1_40' title="bbox 0 0 1456 4710; baseline 0 0"><span class='ocrx_word' id='word_1_346' title='bbox 0 0 1456 4710; x_wconf 95' lang='lat' dir='ltr'> </span> 
     </span>
    </p>
   </div>
  </div>
 </body>
</html>
