2902 4710
180 304 420 378 necessariorum
437 314 572 374 omnium
587 313 775 382 inventiona;
799 308 854 379 tx,
878 328 914 371 cn
931 312 1162 372 mercantiarum
1180 308 1364 375 adductione

182 426 212 481 et
235 420 413 491 eductione;
437 419 481 488 X,
505 434 541 477 eu
564 415 806 495 spectaculorum
829 431 977 493 pomposa
1000 416 1222 490 celebratione;
1249 415 1304 487 xl,
1327 434 1365 477 en

180 523 412 605 pmdentissima
435 528 558 582 senatus
586 519 813 589 consiliatione;
849 516 918 589 llll,
954 536 989 578 ex
1019 518 1174 598 frequenti
1194 520 1365 581 diaetarum

181 634 212 687 et
240 625 437 704 capitulorum
461 624 708 702 congregatione;
743 621 829 694 Xlll‚
859 640 895 682 ex
928 622 1090 683 multarum
1124 631 1155 684 et
1185 641 1365 703 magnarum

182 729 334 791 dotatione
358 729 581 808 privilegiorum
606 733 637 786 et
660 728 832 805 gratiarum.
899 710 902 715 ¹

262 833 344 893 ‚Dico
368 834 495 911 primam
529 825 822 892 commendationem
852 831 981 889 civitatis
1005 828 1192 897 Venetianae
1224 849 1294 893 esse
1327 850 1364 893 cn

180 937 245 1018 ejus
269 936 395 998 mirabili
419 938 493 1006 situ,
516 933 690 994 fundatione
716 940 746 993 ct
774 932 993 994 aedificatione.
1033 933 1108 993 Nam
1125 935 1199 994 aliae
1216 937 1364 1007 civitates,

183 1060 257 1121 quas
282 1061 336 1120 per
358 1042 455 1102 varias
479 1041 558 1100 orbis
588 1045 737 1097 terrarum
769 1055 836 1097 oras
867 1039 1019 1116 aspexisse
1050 1039 1188 1116 contigit,
1225 1040 1364 1100 celebres

182 1147 392 1224 gloriosaeque
414 1151 574 1215 vocantur,
598 1143 673 1204 haec
697 1152 797 1204 autem
821 1142 995 1204 admiranda
1016 1151 1078 1204 una
1101 1152 1161 1216 est,
1186 1147 1363 1206 cultamen

183 1251 324 1311 coelestis
349 1249 509 1327 adspiravit
524 1248 620 1319 favor,
644 1255 676 1308 nt
698 1251 763 1326 ipsa
787 1266 889 1308 rernm
905 1255 1011 1308 natura
1035 1249 1175 1318 cesserit,
1199 1266 1269 1308 cum
1294 1266 1363 1309 cae-

183 1362 266 1414 terae
290 1355 461 1414 mortalium
485 1354 637 1430 ingenio,
658 1356 780 1432 opibus,
813 1355 966 1425 manibnS,
1002 1353 1082 1432 quod
1106 1354 1278 1415 humanitus
1304 1354 1365 1416 dici

158 1465 300 1537 potest,
321 1458 411 1537 jactis
435 1459 520 1519 hnml
535 1456 737 1518 fundamentis
755 1457 893 1524 conditae
911 1459 987 1528 sint,
1012 1457 1087 1517 baec
1102 1460 1179 1519 intra
1195 1457 1366 1519 fluctuosos

184 1553 275 1622 maris
310 1564 441 1640 impetus
470 1569 501 1622 ct
531 1560 646 1622 medios
670 1546 768 1639 pelagi
797 1562 928 1623 uertices
952 1563 1036 1638 quasi
1060 1564 1164 1640 regina
1187 1567 1265 1622 inter
1290 1564 1365 1623 alias

180 1664 274 1744 ¹caput
310 1667 414 1740 extulit
448 1666 536 1725 urbes
568 1666 718 1744 habetque
753 1682 807 1743 pro
842 1667 1012 1742 pavimento
1049 1682 1146 1738 mare,
1187 1685 1241 1744 pro
1275 1677 1364 1726 muro

187 1769 314 1842 fretum,
337 1788 391 1848 pro
415 1775 497 1829 teoto
522 1769 657 1840 coelum,
682 1787 735 1847 pro
761 1770 862 1829 stratis
879 1777 909 1829 et
924 1771 1014 1846 regiis
1030 1761 1102 1842 uiis,
1127 1771 1234 1848 quibus
1249 1773 1280 1831 in
1297 1787 1366 1830 eam

188 1877 324 1944 venitur,
359 1873 460 1951 pelagi
481 1876 588 1950 aquas,
620 1890 678 1932 neo
702 1875 800 1932 estin
825 1890 891 1932 eam
915 1864 1084 1945 introitus,
1101 1875 1159 1934 nisi
1182 1893 1237 1953 per
1260 1870 1366 1953 aquas,

185 1983 216 2036 et
238 1977 267 2034 in
281 1978 356 2062 ipsa
380 1975 452 2038 urbe
476 1977 508 2034 in
524 1992 724 2053 ‘quocumque
747 1975 833 2049 loco,
857 1975 977 2037 modica
990 1984 1071 2036 terra
1088 1985 1218 2050 remota,
1242 1971 1366 2040 venitur

185 2079 346 2158 adaquas.
1144 2135 1146 2141 .

271 2183 380 2254 Porro,
405 2184 442 2245 de
458 2182 524 2260 ejus
542 2184 638 2261 primo
653 2180 736 2243 initio
754 2185 935 2245 multivaria
953 2185 1071 2256 dicunt,
1094 2186 1257 2257 hoc'vero,
1282 2187 1368 2264 quod

183 2288 330 2350 familiare
354 2297 401 2350 est
424 2293 455 2351 et
479 2290 614 2367 vulgare,
639 2288 783 2348 recitabo.
814 2288 884 2349 Erat
908 2295 977 2349 ante
1000 2298 1139 2368 tempora
1153 2288 1367 2366 Trojanorum,

184 2392 264 2456 forte
288 2394 476 2472 temporibus
497 2392 564 2454 lani
588 2399 619 2453 et
641 2392 778 2464 Saturni,
802 2395 935 2471 piscator
959 2393 1080 2471 quidam
1097 2412 1224 2474 pauper,
1248 2395 1365 2458 habita-

184 2499 286 2559 culum
308 2497 421 2569 habens
445 2500 474 2557 in
499 2503 632 2558 extrema
654 2496 800 2557 Adriatici
822 2499 906 2557 sinus
929 2515 999 2568 ora,
1032 2501 1064 2559 in
1092 2499 1178 2569 loco,
1210 2499 1261 2571 ubi
1275 2519 1366 2566 ,nuno

185 2608 232 2663 est
261 2601 434 2679 Margerum
467 2599 627 2679 oppidum;
659 2600 762 2661 habuit
794 2601 884 2660 etiam
912 2619 1038 2688 uxorem
1068 2604 1142 2663 satis
1164 2602 1365 2681 prudentem,

183 2708 306 2767 nomine
329 2705 459 2776 Nesam,
482 2703 636 2786 amboque
667 2703 757 2765 simul
788 2710 818 2764 et
848 2705 904 2764 soli
934 2704 972 2764 de
1002 2708 1131 2784 piscium
1158 2715 1280 2785 captura
1306 2703 1364 2788 (b)

184 2811 332 2872 vivebant.
368 2793 515 2881 ¹Quadam
538 2813 651 2867 autem·
671 2807 719 2867 die
749 2810 881 2886 piscator
912 2810 1080 2870 naviculam
1112 2811 1267 2873 adscendit
1301 2815 1364 2891 pis-

186 2920 322 2984 caturus,
358 2918 390 2971 et
411 2928 490 2975 cum,
509 2927 564 2989 per
587 2910 686 2997 littora
718 2904 931 2989 propinquiora
964 2914 1148 2992 quaeritaret
1181 2932 1240 2976 nec
1261 2917 1364 2995 pisces

186 3021 397 3085 occurrerent,
421 3013 588 3074 naviculam
611 3014 700 3074 altius
723 3016 753 3075 in
782 3033 865 3076 mare
881 3015 963 3077 duxit
985 3016 1120 3096 viditque
1148 3018 1268 3098 alonge
1284 3022 1365 3081 intra

122 3114 129 3118 ”
185 3118 310 3199 paludes
335 3131 474 3196 campum
498 3134 674 3195 assurgere,
708 3117 858 3196 adquam
882 3137 951 3180 cum
974 3121 1111 3182 navicula
1135 3124 1250 3202 appulit
1277 3125 1363 3201 inre-

185 3225 290 3302 nitque
314 3224 555 3303 copiosissimam
567 3219 716 3300 praedam
732 3224 917 3300 optimorum
932 3225 1075 3302 piscium,
1099 3225 1138 3287 de
1162 3227 1268 3304 quibus
1292 3245 1364 3289 cum

186 3308 490 3416 cepisset'quantum
510 3327 618 3398 voluit,
649 3328 794 3409 remcavit
817 3334 846 3388 et
871 3328 1021 3389 ab'uaore
1047 3330 1181 3391 comiter·
1200 3337 1363 3409 susceptus

185 3440 232 3494 est
255 3440 286 3494 et
307 3433 455 3493 laetanter
474 3438 600 3512 propter
623 3431 743 3493 allatam
765 3431 917 3509 praedam.
964 3431 1039 3493 Cum
1063 3441 1164 3494 autem
1186 3434 1364 3514 frequenter

184 3538 230 3599 vir
251 3536 302 3597 ille
318 3536 438 3597 «rediret
461 3553 477 3596 a
493 3536 559 3597 loco
585 3536 636 3595 illo
661 3543 691 3596 et
706 3553 869 3613 numquam
884 3520 997 3598 vacuus
1013 3540 1146 3610 veniret,
1170 3556 1240 3599 cum
1259 3546 1364 3600 tamen

185 3647 254 3700 ante
283 3640 344 3701 loci
365 3641 569 3702 inventionem
599 3629 811 3701 nonmultum
842 3640 1012 3702 fortunatus
1044 3640 1167 3714 fnisset,
1199 3648 1232 3703 et
1260 3643 1364 3704 locum

184 3742 265 3822 apud
288 3761 410 3803 uxorem
428 3743 592 3822 plurimum
607 3742 847 3814 commendaret,
872 3728 1075 3822 quadam'dte
1098 3756 1173 3806 uror
1186 3746 1268 3808 Nesa
1290 3765 1364 3808 cum

183 3850 249 3910 uiro
271 3847 439 3908 naviculam
462 3848 598 3924 ingressa
619 3846 796 3907 transducta
828 3847 866 3909 ad
896 3849 1013 3921 locum,
1047 3850 1101 3910 ubi
1129 3867 1253 3929 campus
1281 3853 1363 3912 inter

175 3949 311 4029 ,paludes
336 3949 505 4019 eminebat,
542 3948 579 4009 de
602 3949 711 4026 palude
744 3958 776 4012 et
798 3951 975 4013 arundineto
998 3952 1134 4014 ascendit
1156 3955 1187 4015 in
1211 3972 1363 4033 campum,

184 4061 220 4114 ut
241 4059 341 4114 autem
365 4051 464 4114 solum
486 4051 560 4114 vidit
581 4053 701 4114 firmum
724 4062 755 4115 et
769 4054 979 4128 habitabilem,
1003 4058 1097 4117 suasit
1119 4047 1193 4129 viro,
1217 4065 1250 4120 et
1264 4065 1362 4142 trans·

184 4157 319 4221 tulerunt
348 4156 532 4221 domicilium
563 4157 596 4218 in
628 4173 699 4220 eum
729 4155 886 4240 campum,
922 4166 954 4223 et
977 4150 1241 4244 oresoero‘ooeptt
1264 4164 1309 4228 vir
1331 4169 1364 4228 ct
