2902 4710
716 124 780 220 aaa

162 330 198 391 ab
220 328 352 400 llunnis,
379 345 457 407 quae
481 345 555 408 gens
579 327 652 391 olim
677 329 754 390 ultra
777 324 947 416 Maeotidas
970 313 1097 408 paludes
1121 329 1286 391 constituta
1308 331 1341 391 in

162 433 298 494 ulteriori
314 432 452 512 Scythia,
476 451 493 493 a
515 451 574 511 qua
597 435 736 513 primitus
759 432 860 495 Hunni
884 434 1052 496 venationis
1076 435 1170 512 gratia
1194 440 1340 496 exeuntes

162 553 217 614 per
239 535 414 616 longissima
437 536 580 615 paludum
604 543 633 597 el
657 543 806 597 terrarum
840 538 936 615 spatia
965 554 1123 597 cervorum
1154 544 1185 597 et
1214 537 1341 598 aliamm

162 642 327 701 bestiarum
350 642 476 719 vestigia
500 638 666 719 sequentes
696 639 818 701 tandem
843 638 941 700 solum
965 638 1136 703 Pannoniae
1159 642 1342 702 invenerunt

163 751 193 806 et
215 746 329 805 reversi
352 743 394 809 ad>
413 746 533 824 propria
556 743 686 805 collecto
718 744 851 804 exercitu
883 743 1038 804 redieruut
1070 749 1101 806 et
1129 744 1261 824 expulsis
1292 745 1340 804 in-

162 849 236 909 colis
259 866 276 908 a
300 850 452 926 primaeva
487 867 542 909 sua
572 851 687 927 origine
717 865 829 909 nomen
859 850 940 927 genti
963 854 995 923 et
1018 851 1131 928 patriae
1154 831 1338 917 indiderunt,

161 953 215 1014 Est
239 954 319 1013 enim
343 951 494 1014 Pannonia
518 955 582 1015 sive
603 953 757 1032 Hungaria
779 958 859 1028 terra
883 954 1121 1030 spatiosissima,
1143 951 1339 1025 fertilissima,

161 1058 312 1117 montibus
336 1063 367 1117 et
390 1056 472 1119 silvis
488 1059 619 1128 munita,
642 1055 816 1119 fluminibus
832 1063 863 1117 et
879 1058 964 1135 aquis
979 1059 1106 1136 irrigua,
1129 1059 1215 1121 renis
1237 1059 1339 1120 aureis

162 1168 193 1221 et
215 1161 280 1220 aliis
303 1161 431 1222 metallis
455 1160 602 1221 ditissima
618 1166 685 1220 etc.
710 1162 858 1238 nobisque
882 1163 1079 1221 contermina.

248 1264 338 1326 Aliud
360 1265 536 1325 Sclaveniae
560 1281 684 1342 regnum
708 1270 756 1324 est
771 1263 909 1335 boemia,
932 1266 1017 1343 regio
1039 1264 1125 1327 valde
1147 1267 1235 1336 bona,
1259 1282 1339 1343 quae

160 1371 313 1430 montibus
336 1375 367 1428 et
389 1368 472 1429 silvis
495 1370 696 1446 circumsepta
719 1386 774 1446 per
797 1376 933 1440 montes,
947 1369 1054 1430 fsilras
1081 1376 1112 1430 et
1143 1368 1266 1432 flumina
1301 1370 1339 1431 ab

161 1474 225 1535 aliis
250 1479 296 1534 est
320 1472 423 1534 divisa.
469 1472 521 1532 Est
544 1479 662 1543 aulem,
685 1479 718 1532 ut
741 1490 777 1533 ex
801 1472 951 1533 chronicis
976 1473 1143 1552 colligitur,
1167 1475 1338 1534 vetustissi-

161 1595 244 1638 mum
277 1595 419 1655 regnum,
453 1575 534 1658 guod
564 1594 600 1636 eo
632 1583 783 1655 tempore,
828 1593 887 1655 quo
919 1573 1091 1657 Aegyptus,
1123 1579 1239 1658 incepit
1267 1595 1338 1639 esse

160 1699 305 1760 regnum,
328 1687 397 1742 ante
420 1680 541 1740 Domini
564 1681 803 1742 incarnationem
826 1677 921 1743 2426.
952 1680 1028 1741 Nam
1050 1682 1192 1760 princeps
1215 1682 1339 1759 quidam

160 1783 294 1845 boemus
315 1786 451 1856 nomine,
476 1786 528 1861 qui
550 1786 641 1844 turris
663 1782 755 1846 Babel
779 1786 975 1870 exstructioni
996 1784 1149 1856 interluit,
1170 1803 1232 1865 per
1253 1803 1338 1848 mare

151 1890 303 1959 renisus,
340 1887 455 1948 ltaliam
493 1889 697 1966 pertransiens
741 1895 772 1950 et
807 1888 1016 1958 Alemanniam
1053 1895 1217 1968 penetrans
1259 1890 1340 1952 ultra

159 1991 330 2051 Danubium
364 1990 501 2051 consedit
535 1997 570 2052 et·
595 1997 747 2074 terram-a
769 2010 803 2053 se
826 1991 984 2054 boemiam
1013 1996 1188 2056 nominavit.
1233 1994 1267 2056 ln
1302 2013 1339 2056 ea

161 2096 316 2176 provincia
339 2092 523 2167 Amazones,
545 2094 713 2169 foeminae,
736 2114 873 2158 sumsere
898 2097 1041 2176 regnandi
1064 2099 1227 2178 principia;
1257 2098 1347 2171 illae,

161 2199 281 2260 scilicet
301 2199 488 2270 Amazones,
522 2215 599 2277 quae
633 2203 759 2261 uostris
776 2203 963 2280 temporibus
992 2203 1112 2281 scriptis
1146 2209 1234 2264 notae
1268 2213 1341 2268 sunt

160 2305 380 2375 communibus,
402 2304 509 2364 recitat
527 2305 608 2363 enim
628 2303 778 2365 Diodorus
800 2304 850 2365 lV.
867 2303 1122 2384 Libr.,Antiquar.
1146 2306 1342 2370 historiarum

128 2491 137 2497 ἡ
161 2408 199 2470 de
214 2407 415 2469 Amazonibus
432 2405 561 2488 Libycis,
585 2425 662 2485 quae
678 2408 781 2470 multis
797 2415 884 2470 antea
899 2410 1029 2470 saeculis
1045 2408 1208 2487 Trojanum
1223 2411 1340 2475 bellum

160 2520 406 2593 praecesserunt,
440 2531 567 2591 quarum
598 2512 734 2575 miranda
765 2520 850 2593 gesta
880 2514 1037 2575 habentur.
1083 2514 1211 2578 Nostrae
1234 2523 1338 2579 autem

163 2627 233 2698 post
255 2616 419 2696 Trojanum
447 2619 561 2680 bellum
584 2622 668 2687 initia
698 2625 874 2680 sumserunt
907 2619 938 2680 in
966 2617 1077 2691 Ponto,
1106 2619 1191 2698 justa
1222 2619 1338 2707 ilumen

160 2722 396 2783 Thermodonta.
442 2723 556 2784 Ferunt
579 2726 678 2795 enim,
702 2730 764 2784 tres
787 2722 883 2783 luisse
906 2739 1044 2794 sorores,
1068 2725 1221 2801 pulchrae,
1246 2708 1339 2788 etiam

161 2829 439 2904 praestantissimae
464 2825 561 2906 (19⁷
574 2824 616 2904 a)
641 2829 939 2907 virgines,·quarum
960 2845 1021 2888 una
1044 2834 1194 2895 astrorum
1216 2832 1339 2909 peritis·

159 2931 235 2989 sima
258 2928 329 3002 luit,
363 2928 455 2991 altera
479 2930 640 2992 herbarum
663 2930 808 2992 mirabilis
833 2933 1059 3010 praegnostica',
1089 2934 1177 2993 tertia
1208 2935 1340 3012 quadam

161 3022 304 3110 singulari
326 3033 485 3111 prudentia
509 3033 653 3113 praedita.
683 3032 730 3095 Ad
753 3035 807 3095 has
830 3034 970 3096 devoluta
992 3035 1049 3097 luit
1070 3039 1155 3116 regni
1171 3043 1337 3117 possessio.

161 3135 322 3197 Communi
345 3145 448 3199 autem
472 3133 598 3221 consilio
622 3138 837 3210 decreverunt,
861 3147 894 3202 ut
913 3139 1017 3217 junior
1040 3156 1144 3201 earum
1166 3141 1264 3206 virum
1287 3161 1337 3206 ac·

56 3291 65 3299 .
160 3241 293 3318 ciperet,
327 3242 378 3319 qui
411 3248 495 3302 'esset
526 3242 670 3304 boemiae
702 3244 776 3316 dus,
809 3251 839 3306 et
862 3249 943 3306 terra
977 3265 1032 3324 per
1064 3249 1145 3309 viros
1168 3244 1336 3328 regeretur.

160 3344 262 3406 Suasit
276 3344 385 3405 'autem
408 3353 593 3420 astronomo,
616 3355 653 3410 ut
671 3356 869 3427 quaereretur
892 3352 988 3410 sorori
1011 3352 1072 3422 vir,
1104 3353 1154 3430 qui
1178 3369 1282 3432 agrum
1306 3356 1345 3415 in‘

161 3447 275 3510 duabus
298 3451 397 3510 vaccis
420 3453 510 3512 variis
533 3453 757 3532 perscinderet3
781 3471 841 3531 quo
865 3455 987 3516 invento
1011 3457 1114 3516 statim
1139 3439 1205 3534 ejus
1229 3459 1336 3522 stimu-

160 3552 207 3612 lus
232 3552 362 3615 effloruit
394 3562 425 3614 et
447 3556 594 3618 adductus
608 3572 611 3578 ·
626 3575 751 3643 uxorem
780 3556 878 3629 duxit,
912 3559 963 3635 qui
986 3574 1083 3635 regno
1108 3568 1252 3639 suscepto
1275 3563 1337 3623 eal·

161 3672 233 3715 ceos
256 3659 426 3718 mstieanos
449 3661 479 3718 in
502 3664 586 3739 regni
608 3662 766 3723 thesauros
796 3662 833 3722 ad
857 3663 903 3722 sui
926 3654 1111 3741 suorumque
1135 3663 1338 3730 bumilitatem

161 3759 338 3820 servandam
362 3762 521 3825 mandavit.
567 3764 604 3827 lli
626 3768 657 3826 in
681 3766 860 3828 hodiernum
882 3784 978 3845 usque
1001 3765 1083 3828 diem
1106 3768 1185 3848 apud
1200 3767 1337 3850 Pragam,

41 3917 43 3922 .
161 3879 239 3941 quae
263 3865 367 3924 civitas
391 3872 482 3943 caput
503 3874 550 3928 est
572 3871 674 3948 regni,
701 3869 836 3948 diligenti
860 3888 937 3931 cura
953 3879 1120 3942 serrantur,

247 3966 293 4026 De
315 3965 519 4031 Amazonibus
541 3974 606 4032 istis
630 3976 705 4035 mira
732 3977 873 4055 leguntur
895 3978 926 4039 in
948 3979 1097 4050 historiis,
1129 3995 1200 4040 nam
1221 3983 1338 4044 maritis

162 4071 225 4130 suis
264 4067 332 4130 dolo
363 4072 532 4134 interiectis
567 4078 699 4138 virorum
736 4097 860 4142 suorum
899 4100 981 4144 arma
1017 4084 1195 4162 arripientes
1230 4086 1337 4149 hostes

160 4173 239 4236 uirili
261 4175 360 4235 animo
383 4190 543 4256 aggressae
573 4179 613 4241 de
635 4180 809 4246 maritorum
831 4203 909 4248 nece
930 4194 1105 4252 sumserunt
1127 4192 1273 4255 ultionem
1306 4197 1339 4254 ot
