2902 4710
724 192 787 266 170

163 375 274 448 liores,
298 373 380 456 quod
401 374 607 456 lupanaria-ro
631 374 801 437 ciuitatibus
831 376 894 438 suis
918 373 956 437 de
979 375 1043 437 suis
1065 375 1181 438 filiabus
1204 394 1266 438 non
1288 394 1342 440 sn·

163 480 295 550 stluent,
327 477 383 540 sed
410 479 442 540 in
472 478 524 540 illo
547 484 616 541 suut
638 477 733 539 molto
756 477 896 557 pejores,
929 477 1011 559 quod
1033 475 1252 542 nefandissima
1273 479 1341 543 loca

166 582 354 662 epheborum
381 581 577 645 intolerabilis
607 582 808 644 immunditiei
837 583 963 655 babent,
995 589 1027 644 et
1057 581 1173 644 stabula
1194 600 1340 663 pecorum

165 686 279 765 passim
307 685 514 765 ingrediuntur
543 684 581 746 de
611 687 811 764 permissione
841 684 1035 748 Macbometi.
1076 685 1244 748 liedeundo
1267 705 1340 768 ergo

167 787 205 849 ad
225 790 429 868 propositum,
460 786 499 849 ad
520 786 645 850 domurn
668 788 856 868 praedictam
877 807 938 851 non
961 790 1099 850 venimus
1125 807 1161 849 ex
1183 789 1339 864 industria,

165 890 300 953 seduco
322 893 375 955 via'
391 898 422 952 et
444 892 590 964 vidimus,
614 892 696 971 qnod
719 896 750 955 in
774 890 920 971 adspectu
943 898 1047 953 nostro
1071 892 1189 970 aliquae
1214 895 1338 956 erubes-

165 994 289 1066 cebant,
314 995 431 1074 aliquae
455 994 585 1068 flebant,
609 997 727 1076 aliquae
752 996 827 1075 eripi
850 993 995 1085 rogabant
1017 1002 1048 1057 et
1074 1014 1161 1059 suam
1186 999 1340 1060 miseriam

164 1080 364 1176 erq'fl'lcabant,
399 1100 517 1178 aliquae
541 1100 711 1180 gaudebant
739 1099 892 1171 dicentes,
915 1116 949 1160 sa
972 1100 1130 1162 uobiscum
1154 1118 1338 1176 reversuras,

162 1200 280 1280 aliquae
304 1203 530 1283 supplicabant,
558 1211 592 1265 ut
613 1204 712 1266 Deum
745 1223 799 1284 pgo
832 1205 878 1263 eis
902 1220 1088 1282 rogaremus.
1133 1203 1241 1267 Habito
1264 1223 1338 1287 ergo

161 1306 245 1369 brevi
270 1304 420 1391 offloquio
442 1309 474 1367 in
496 1309 563 1369 rico
588 1325 657 1367 cum
681 1308 737 1367 eis.
751 1306 789 1367 ad
811 1307 868 1368 alia
891 1283 1106 1386 processimus.

248 1410 328 1473 Visis
356 1410 433 1471 loeis
464 1414 495 1471 et
517 1409 638 1472 leuticia
664 1411 741 1471 intra
763 1411 871 1472 urbem
893 1412 1099 1491 processimus
1132 1417 1217 1474 extra
1247 1418 1277 1474 et
1307 1414 1339 1474 in

162 1516 263 1577 littore
293 1516 386 1577 maris
419 1517 642 1594 negotiationes
664 1512 795 1575 vidimus
825 1515 904 1575 circa
927 1531 1030 1575 naves.
1079 1513 1155 1585 Cum
1188 1533 1339 1595 ergoper

160 1625 279 1699 portam
307 1620 477 1690 exiremus,
507 1619 619 1680 iterum
655 1619 814 1680 visitabant
853 1635 907 1678 nos
948 1616 1107 1689 custodes,
1141 1619 1220 1679 siout
1253 1620 1337 1696 prins

161 1739 254 1801 saepe
278 1721 430 1793 fecerant,
454 1728 486 1791 et
507 1720 694 1783 dimittentes
717 1722 856 1783 venimus
880 1719 918 1782 ad
940 1738 1040 1792 mare,
1071 1728 1102 1782 el
1123 1739 1265 1801 magnum
1288 1727 1336 1782 tu·

161 1825 291 1887 multum
312 1825 469 1885 bominum
490 1826 532 1886 ibi
554 1827 741 1905 reperimus,
765 1825 804 1887 de
820 1843 898 1888 uovo
921 1828 1003 1887 enirn
1028 1843 1121 1888 naves
1144 1824 1337 1897 advenerant,
1362 1870 1368 1877 1

162 1935 194 1990 et
216 1929 290 1990 aliae
313 1945 406 1991 naves
422 1928 629 1990 onerabantur
651 1931 748 1989 saccis
772 1931 958 2008 specierum,
982 1935 1013 1990 et
1027 1928 1111 1990 littus
1125 1928 1249 2008 plenum
1268 1945 1337 1990 sao·

162 2032 206 2101 ois
225 2030 358 2108 jacebat,
382 2039 413 2093 et
434 2033 507 2094 lieet
529 2049 634 2093 omnes
657 2035 738 2093 sacci
760 2034 843 2113 prins
866 2035 898 2094 in
919 2033 1032 2095 iontioo
1056 2031 1168 2094 inerint
1190 2049 1336 2112 praeseu-

161 2136 240 2197 tibus
263 2135 438 2199 oilieialibus
462 2137 636 2198 Sarraeeuis
668 2137 785 2216 impleti
820 2144 850 2215 et
882 2138 980 2199 librati
1014 2154 1083 2198 euru
1110 2136 1270 2215 speciebus
1304 2143 1337 2199 et

160 2241 216 2302 sub
239 2248 325 2320 porta
346 2243 474 2314 visitati,
507 2248 608 2303 tamen
639 2241 763 2312 ultimo,
791 2240 912 2319 quando
931 2238 995 2316 jam
1017 2241 1049 2301 in
1071 2254 1163 2302 naves
1187 2244 1258 2301 sunt
1279 2238 1336 2301 du·

161 2344 264 2418 cendi,
299 2345 495 2408 eliuudnutur
521 2346 623 2407 omnia
652 2344 689 2406 de
709 2346 824 2406 ,saccis
846 2346 878 2405 in
901 2350 1029 2417 terram,
1064 2350 1098 2406 ut
1118 2343 1240 2406 rideant
1263 2343 1337 2422 qnid

159 2448 321 2511 adductum
346 2452 394 2512 sit.
429 2450 466 2511 Et
489 2452 570 2512 cirea
592 2450 650 2511 hoc
673 2455 721 2511 est
746 2467 873 2529 magnos
898 2449 981 2511 labor
1011 2454 1043 2509 et
1063 2447 1150 2509 multi
1165 2452 1334 2521 accurrunt,

158 2551 226 2614 lunt
249 2556 330 2615 euim
354 2556 435 2615 sacci
458 2552 603 2634 grandes,
627 2556 761 2633 quinque
781 2553 895 2632 pedum
919 2552 1086 2614 latitudinis
1109 2559 1139 2613 et
1161 2550 1336 2631 quindecim

157 2658 206 2719 vel
222 2659 350 2737 amplius
366 2656 584 2735 longitudinis,
608 2664 639 2718 et
662 2657 734 2718 dum
752 2663 943 2728 evacuantur,
967 2662 1128 2718 aecurrunt
1149 2654 1237 2716 multi
1258 2671 1334 2733 pau·

156 2781 263 2843 peres,
293 2753 444 2824 foeminae
468 2767 500 2822 et
522 2763 626 2840 pueri,
659 2758 773 2821 Arabes
798 2768 829 2822 et
842 2760 923 2833 diri,
953 2768 985 2822 e't
1007 2759 1155 2839 quidquid
1177 2759 1334 2836 subripere

156 2872 286 2946 possunt
309 2868 540 2944 aecipiuunet
572 2867 603 2924 in
628 2864 732 2924 sabulo
763 2867 908 2938 oinoiber,
944 2865 1138 2946 cariopbilas,
1170 2868 1353 2943 cluammo-x

157 2986 251 3040 muru,
274 2973 427 3030 muscatos
445 2974 614 3048 quaerunt,
640 2974 671 3049 et
692 2970 813 3032 inventa
836 2971 890 3031 sub
913 2977 1001 3049 porta
1020 2968 1154 3031 vendunt
1181 2969 1242 3031 levi
1263 2984 1333 3046 pre-

157 3074 214 3144 tio,
246 3071 327 3132 uude
358 3073 450 3151 aliqui
482 3077 667 3136 mercatores
691 3090 744 3134 eos
769 3081 952 3152 sequuntur,
981 3079 1012 3135 et
1034 3079 1118 3153 rapta
1140 3074 1190 3135 vel
1212 3074 1335 3133 inventa

158 3177 193 3239 ab
217 3179 262 3238 eis
286 3182 399 3237 emunt.
444 3175 514 3238 vidi
544 3175 704 3255 aliqnando
735 3176 773 3238 de
802 3178 862 3239 illis
891 3178 1038 3239 mendicis
1057 3177 1227 3256 raptoribus
1255 3174 1363 3260 ultra

158 3282 331 3361 quingintos
355 3280 395 3340 ibi
419 3290 541 3342 currere
565 3281 602 3342 ad
625 3282 832 3360 quaerendum
854 3288 885 3342 et
906 3281 1083 3361 rapiendum
1098 3281 1227 3360 species,
1251 3277 1333 3340 unde

157 3384 277 3464 quaudo
309 3387 481 3464 importune
511 3401 546 3445 se
568 3386 725 3464 ingerunt,
757 3384 921 3464 disponunt
943 3392 1128 3446 mercatores
1153 3384 1244 3469 aliqui
1265 3379 1332 3442 Ma·

156 3488 344 3560 maluooum,
374 3488 426 3566 qui
456 3502 526 3548 euru
547 3487 655 3549 baculo
686 3496 717 3548 el
740 3489 872 3551 elamore
903 3492 1008 3568 iuoipit
1031 3474 1162 3550 caedere
1181 3503 1332 3576 pauperes

157 3599 188 3654 et
216 3590 385 3651 durissimis
408 3592 653 3670 percussionibus
676 3592 825 3671 repellere
849 3602 884 3652 a'
901 3592 1027 3653 cumulis
1061 3593 1235 3671 specierum
1264 3589 1336 3649 lou·v

156 3697 224 3775 gius
248 3701 317 3773 post
341 3711 394 3754 eos
417 3713 541 3761 comeus
571 3703 602 3757 et
633 3699 698 3758 siue
722 3696 928 3758 misericordia
952 3695 1084 3757 caedens
1107 3697 1174 3756 sine
1189 3692 1331 3756 diberen-

29 3812 33 3818 '
155 3801 213 3871 tia,
244 3815 349 3869 senes,
378 3798 521 3860 mulieres
549 3802 772 3880 impraegnatas
802 3808 833 3861 et
863 3817 974 3881 pueros
1006 3801 1182 3880 percutiens
1214 3799 1246 3858 in
1276 3814 1331 3857 eos

154 3903 234 3963 sicut
249 3903 279 3960 iu
294 3901 423 3974 bestias,
444 3921 506 3963 non
522 3905 680 3966 attendens
697 3905 861 3977 clamores,
884 3906 1015 3967 lamenta
1038 3903 1070 3965 et
1092 3902 1239 3981 ejulatus,
1263 3901 1330 3979 qui-

153 4005 210 4067 bus
241 4004 362 4065 coelum
385 4007 530 4086 repletur.
576 4009 661 4070 llaue
693 4008 902 4072 crudelitatem
935 4027 1028 4088 saepe
1060 4006 1131 4071 vidi.
1176 4006 1331 4068 Assistunt

153 4112 221 4172 istis
245 4111 373 4173 cumulis
397 4120 519 4191 praeter
540 4113 726 4175 laboratores
750 4112 835 4177 multi
859 4112 1001 4176 custodes
1030 4115 1166 4175 omniurn
1200 4113 1330 4173 circum·

154 4217 299 4278 stantium
320 4232 428 4279 manus
449 4217 663 4298 respicientes.
707 4215 913 4283 Persorntatis
931 4225 1035 4281 autem
1055 4215 1217 4297 speciebus
1230 4227 1330 4294 'repo-
