2874 4770
689 136 757 207 357

342 313 423 368 biens
442 310 494 365 fuit
510 309 617 364 bellare
633 307 776 377 Meda,
794 324 924 379 superare
941 310 1086 381 superba·

411 396 534 466 ltaliam,
553 398 601 451 sed
620 414 676 450 non
696 399 753 450 fata
771 396 870 450 dedere
887 396 1002 451 modom

341 488 401 539 Heu
419 485 500 538 mihi!
517 502 580 538 nam
598 484 672 554 rupit
689 501 761 537 mors
780 500 892 550 aspera,
909 500 1068 554 quanqam

412 574 525 626 Pectore
543 573 726 637 condideram,
744 571 825 624 vertit
841 578 869 624 et
886 572 954 624 bera
968 572 1070 626 brevia.

222 662 343 724 Mortuo
375 672 478 727 autem
511 665 564 727 illo
599 681 707 742 magno
729 662 831 723 Turco
861 680 913 724 rer
935 663 1056 724 Siciliae
1089 660 1227 723 rehabuit
1247 657 1309 736 lly-

137 768 277 830 druntum
294 769 384 830 alilio
402 769 484 847 ejus:
512 766 676 846 dereliquit
699 769 781 828 enim
804 765 881 827 duos
903 765 990 838 lilios,
1011 783 1140 845 quanm
1153 759 1210 844 (b)
1232 779 1311 823 nnus

132 873 261 935 alterum
284 871 323 933 de
346 891 439 952 regno
457 871 584 952 expulit,
608 873 661 949 qui
683 868 721 930 ad
736 867 877 930 Rhodum
892 868 1067 948 transfugit3
1090 867 1171 929 booc
1184 882 1311 944 magum

131 976 262 1037 militum
285 978 432 1056 magister
454 978 518 1054 regi
535 975 679 1036 Franciae
703 993 758 1053 pro
781 991 906 1034 munere
929 973 1100 1044 destinarit,
1122 970 1216 1032 Turci
1238 987 1310 1030 vero

128 1081 190 1142 boe
212 1082 344 1141 scientes
370 1081 433 1159 regi
456 1079 629 1158 llungariae
651 1096 759 1158 magna
781 1096 909 1139 munera
931 1085 963 1138 ct
986 1079 1102 1157 aliquas
1122 1084 1220 1136 terras
1240 1092 1312 1153 pro·

129 1185 287 1255 miserunt,
311 1184 338 1243 si
362 1201 378 1243 a
401 1200 474 1262 rege
496 1183 641 1244 Franciae
663 1181 797 1242 Turcum
819 1181 903 1241 illum
926 1180 1038 1241 babere
1060 1185 1198 1259 possent,
1220 1195 1310 1256 prop·

128 1294 178 1348 ter
200 1286 280 1366 quod
303 1305 355 1348 ren
371 1287 580 1366 llungarorum
602 1287 662 1347 hoc
685 1304 762 1347 anuo
781 1281 865 1348 1488
886 1287 971 1346 misit
992 1284 1163 1344 solemnem
1184 1281 1311 1359 legatio·

128 1408 203 1452 nem
226 1391 262 1452 ad
286 1409 390 1470 regem
405 1391 548 1453 l'ranciae
571 1410 641 1452 cum
664 1393 807 1471 pretiosis
830 1398 861 1451 et
875 1391 979 1452 multis
1003 1389 1180 1450 muneribus
1203 1392 1312 1466 petens

130 1494 285 1566 Turcum,
319 1495 374 1556 sed
404 1514 465 1556 non
498 1497 632 1575 accepit,
666 1495 746 1556 unde
775 1493 862 1556 valde
892 1492 1027 1554 olieusus
1055 1510 1107 1553 rer
1128 1490 1310 1569 ilungariae.

132 1595 222 1659 Multi
246 1597 373 1660 eredunt
394 1598 466 1659 inde
488 1598 567 1658 bella
590 1597 667 1658 mala
689 1598 799 1659 futura.
834 1598 867 1658 Si
890 1597 1051 1658 Christiani
1074 1597 1227 1676 principes
1244 1591 1311 1669 jam

128 1699 194 1778 jam
216 1707 319 1762 essent
341 1702 429 1774 uniti,
454 1704 519 1762 sine
536 1718 644 1780 magno
659 1703 761 1763 labore
785 1699 901 1762 Torcos
924 1706 1099 1780 premerent
1121 1707 1153 1759 et
1174 1695 1309 1758 debella·

133 1812 218 1877 rent,
242 1807 311 1882 quia
334 1812 424 1884 caput
446 1814 477 1866 et
498 1805 647 1867 iortuuam
670 1804 876 1884 perdiderunt.

217 1908 296 1969 Huic
318 1909 445 1988 Apuliae
470 1909 630 1987 conjuncta
653 1911 833 1989 Campania,
863 1911 1018 1989 provincia
1039 1908 1166 1980 nobilis,
1196 1909 1228 1968 in
1251 1923 1311 1985 qua

131 2013 270 2073 civitates
294 2012 421 2091 grandes
444 2019 532 2084 sunt,
556 2020 590 2074 ut
620 2013 737 2094 Capua,
760 2013 904 2094 Neapolis
935 2020 967 2074 et
987 2012 1139 2082 Puteolis,
1173 2011 1223 2072 ubi
1244 2009 1307 2071 bal·

128 2133 188 2177 nea
212 2115 327 2196 Virgilii
356 2118 388 2176 in
415 2116 531 2178 bonore
554 2117 719 2191 habentur,
754 2127 784 2180 et
806 2117 962 2179 dicebatur
991 2117 1065 2178 olim
1087 2124 1168 2179 terra
1188 2116 1309 2186 laboris,

132 2220 204 2298 quia
220 2226 268 2281 est
281 2219 390 2280 fertilis
405 2220 556 2299 undique,
579 2220 678 2292 ferar,
701 2227 733 2281 et
746 2219 919 2299 hujusmodi
934 2226 1034 2281 terrae
1048 2227 1120 2281 sont
1132 2219 1309 2280 laboriosae.

134 2321 269 2383 Calabria
302 2326 387 2403 regio
418 2324 466 2384 bis
497 2330 546 2384 est
575 2340 708 2395 annexa,
742 2341 820 2403 quae
850 2323 923 2384 alias
953 2323 1110 2385 dicebatur
1136 2322 1308 2384 locrensis.

128 2410 285 2488 Praedicta
308 2435 410 2488 autem
431 2427 549 2489 obsidio
574 2428 781 2507 llydruntinae
804 2430 907 2489 statim
937 2426 1016 2488 laeta
1040 2426 1114 2499 luit,
1146 2432 1309 2505 postquam

130 2527 221 2591 Turci
244 2533 396 2608 solverunt
419 2532 606 2594 obsidionem
629 2533 825 2594 Rbodianauu

216 2633 312 2714 lgitur
333 2636 502 2715 praedictas
516 2639 657 2716 regiones
672 2636 860 2697 dimittentes
877 2635 914 2696 ad
930 2635 1084 2695 sinistram
1103 2635 1135 2693 iu
1153 2631 1309 2692 dexteram

128 2740 245 2818 navigia
267 2739 443 2801 divertimus
465 2748 569 2804 contra
584 2742 764 2802 Dalmatiam
787 2749 818 2802 et
839 2743 870 2801 in
893 2756 977 2801 mare
993 2756 1139 2818 ruposum
1160 2739 1308 2808 venimus,

127 2848 160 2902 et
183 2842 275 2905 celeri
296 2861 387 2905 cursu
408 2861 465 2923 per
485 2844 620 2906 medium
642 2847 790 2907 montium
813 2844 979 2905 Dalmatiae
1001 2845 1156 2922 regionem
1177 2841 1309 2919 ingressi

127 2965 250 3018 sumus,
273 2946 401 3007 insulam
425 2947 589 3028 Corcyram
611 2951 756 3028 ingressi,
779 2966 857 3028 quac
880 2948 972 3010 modo
987 2947 1098 3009 dieitur
1113 2946 1255 3016 Corsula,
1277 2946 1307 3009 in

128 3058 247 3131 portum
262 3052 475 3125 Cursulinum,
499 3060 532 3115 et
544 3054 585 3114 ibi
599 3071 692 3115 naves
707 3055 904 3115 stabilivimus
926 3059 960 3114 et
979 3054 1133 3114 civitatem
1148 3048 1308 3113 Corsulam

127 3157 256 3234 ingressi
284 3175 408 3228 somus,
442 3176 504 3219 nou
536 3176 658 3230 omnes,
696 3157 751 3219 sed
782 3160 833 3237 qui
863 3157 1022 3228 volebant,
1052 3158 1123 3236 quia
1144 3155 1182 3218 ad
1204 3156 1307 3217 statim

128 3261 281 3320 recessuri
303 3240 434 3323 eramus.

218 3362 366 3424 Dalmatia
389 3366 473 3444 regio
495 3364 662 3426 secundum
685 3368 838 3444 antiquam
853 3373 952 3426 terrae
967 3366 1160 3445 partitionem
1169 3369 1223 3423 est
1237 3379 1307 3440 pars

127 3474 160 3529 et
181 3469 337 3547 provincia
360 3465 519 3542 Graeciae,
551 3470 642 3531 babet
664 3472 746 3530 enim
769 3470 806 3530 ab
828 3472 944 3530 oriente
966 3452 1248 3536 Macedoniam,'et
1270 3463 1308 3525 ad

127 3571 206 3634 banc
229 3572 475 3649 computabatur,
509 3593 590 3636 nuno
613 3581 714 3637 autem
743 3580 935 3652 computatur
961 3570 999 3633 ad
1021 3570 1224 3640 sclavoniam,
1257 3572 1307 3631 coi

128 3674 246 3752 adjacet
269 3673 306 3735 ad
330 3677 488 3738 orientem.
520 3678 637 3740 Solaria
660 3681 725 3740 sive
741 3677 899 3738 Sclavenia
922 3683 970 3737 est
994 3675 1150 3754 provincia
1174 3673 1304 3754 grandis,

129 3779 287 3840 continens
309 3781 451 3858 regiones
475 3787 507 3842 et
528 3798 621 3861 regna
644 3782 754 3852 multa,
778 3782 912 3843 continet
927 3781 1008 3841 cuim
1023 3776 1182 3850 Moesiam,
1206 3776 1305 3859 Unge-

128 3885 222 3955 riam,
256 3881 429 3956 Boimiam,
462 3883 635 3955 Poloniam‚
668 3884 838 3946 Rutbenam
861 3890 893 3945 et
914 3883 1109 3954 deatiam,
1141 3891 1172 3943 et
1204 3882 1306 3962 plures

128 3987 325 4066 particulares
341 3990 481 4068 regiones
505 3989 579 4049 alias
594 3988 650 4049 sub
665 3988 739 4060 illis,
763 3965 840 4067 quae
855 4006 963 4050 omnes
977 3993 1049 4050 aunt
1063 3988 1150 4067 quasi
1164 3985 1304 4064 ejusdem

128 4088 248 4168 liuguae
270 4098 303 4153 at
324 4108 359 4152 se
381 4091 563 4171 intelligunt.

215 4192 367 4275 ilungaria
382 4196 547 4275 provincia,
570 4212 648 4276 quae
664 4195 738 4258 alias
752 4194 906 4261 Pannonia
920 4194 1039 4272 dicitur,
1060 4211 1174 4258 nomen
1187 4193 1304 4273 accepit
