2874 4770
684 131 753 203 264

125 318 240 398 Ogygia
277 315 481 393 temporibus,
517 330 587 373 curn
621 311 727 372 orbem
764 310 866 372 multis
898 309 1053 371 mensibus
1077 310 1222 371 continua
1249 328 1309 371 nox

124 421 341 491 inumbrasset,
380 425 449 480 ante
489 435 596 478 omnes
635 424 730 478 terras
768 415 843 476 baec
880 415 978 477 insula
1014 412 1118 475 Lunae
1161 421 1192 474 et
1227 415 1308 477 Solis

126 524 216 586 radiis
239 502 404 584 illuminata
428 528 474 583 est
496 523 662 599 sonituque
687 537 722 580 ex
746 537 783 579 ao
807 536 937 590 nomen,
970 517 1052 596 quod
1083 519 1179 597 prima
1211 521 1308 580 mani·

125 627 234 690 lestata
257 628 296 687 sit
317 627 430 689 visibus
462 625 618 696 humanis,
652 640 722 685 nam
745 619 837 714 delon
866 639 974 702 graece
1007 623 1201 685 manifestum
1233 623 1308 685 dici-

126 740 175 795 tur
197 733 299 793 latine.

215 840 301 901 Juxta
325 840 401 899 banc
424 838 553 900 insulam
578 838 782 916 narigayimus
807 841 839 896 et
861 837 891 897 in
915 834 980 914 ejus
996 842 1114 914 portum
1133 851 1194 893 non
1211 841 1316 911 appu-'

125 945 226 1006 limus.
258 945 326 1004 Non
342 945 433 1023 longe
457 942 493 1003 ab
518 942 575 1002 hac
590 941 683 1001 Delos
706 941 803 1003 insula
827 940 987 1003 estMelos
1012 941 1069 1001 alia
1094 939 1192 999 insula
1218 937 1304 1006 dicta,

125 1049 352 1120 rotundissima,
386 1066 446 1107 nou
477 1063 600 1124 magna,
635 1045 690 1105 sed
721 1025 916 1105 fertilissima,
961 1042 1026 1104 Alia
1049 1041 1216 1122 Cycladum
1247 1058 1305 1101 nnn

107 1155 213 1232 longe
237 1154 272 1213 ab
296 1153 341 1212 bis
365 1151 474 1212 dicitur
488 1149 600 1227 Paron,
623 1151 652 1209 in
676 1166 734 1227 qua
760 1149 820 1220 lui,
845 1167 934 1228 quam
950 1150 1011 1210 iam
1032 1146 1115 1208 Paris
1138 1148 1306 1215 nominant,

125 1257 296 1337 aquodam
319 1264 430 1334 nepote
454 1254 572 1315 lasonis
596 1255 640 1314 sic
662 1253 751 1314 dicta.
805 1253 872 1314 Alia
896 1252 1005 1314 dicitur
1028 1252 1183 1330 carpetas,
1207 1250 1305 1313 insula

85 1427 92 1440 ,
126 1361 289 1441 Cycladum
312 1376 435 1439 magna,
458 1376 475 1420 a
498 1357 626 1418 moridie
650 1359 748 1435 posita
771 1348 875 1418 eontra
897 1354 1083 1436 Aegyptum,
1107 1375 1124 1417 a
1149 1372 1208 1434 qua
1234 1354 1303 1415 Car·

124 1465 258 1545 pulicum
276 1480 364 1523 ¹mare
388 1462 569 1541 appellatur,
593 1463 698 1539 sicque
722 1468 770 1522 cst
792 1469 898 1553 ‚vocata
920 1468 1044 1540 propter
1067 1459 1201 1521 celerem
1225 1458 1304 1519 fruc·

124 1576 209 1629 tuum
241 1569 451 1627 maturitatem.
497 1563 530 1625 ln
560 1565 616 1625 bac
645 1565 743 1625 insula
773 1567 871 1643 primo
905 1565 1027 1627 luerunt
1057 1581 1150 1624 naves
1176 1580 1305 1641 magnae

125 1673 301 1743 fabricatae,
325 1689 403 1749 quae
426 1669 566 1731 dicuntur
581 1670 727 1731 Carbases
749 1670 797 1732 rel
814 1670 990 1750 Carpaticae
1005 1670 1041 1732 ab
1056 1666 1165 1731 insula.
1202 1669 1305 1730 Tenos

126 1776 182 1836 alia
205 1775 369 1854 Cycladum
393 1774 504 1846 insula,
529 1791 546 1835 a
569 1774 699 1852 quodam
718 1773 846 1851 juvenc,
871 1773 972 1836 Tenos
996 1774 1092 1853 dicto,
1119 1779 1164 1837 sic
1186 1785 1305 1851 vocata,

125 1879 163 1940 de
187 1897 247 1957 quo
271 1879 382 1949 femur,
407 1877 582 1956 quoddum
605 1877 765 1938 infamatus
789 1883 888 1949 essct,
924 1878 1005 1956 quod
1030 1896 1116 1940 suam
1140 1898 1304 1941 novercam

124 1985 337 2061 cognovisset,
361 1972 468 2042 navem
491 1981 626 2042 ascendit
648 1989 680 2041 et
702 1980 778 2060 fugit
799 1984 830 2042 in
853 1985 1011 2055 incertum,
1029 2003 1085 2063 per
1108 2002 1191 2045 mare
1208 1988 1302 2047 tristis

126 2085 314 2163 evagabatur.
358 2084 472 2151 videns
497 2091 598 2146 autem
621 2086 697 2146 banc
719 2087 848 2148 insulam
881 2105 1008 2166 eamque
1032 2087 1165 2149 nondum
1188 2090 1225 2151 ab
1250 2089 1302 2152 ali·

126 2206 185 2269 quo
209 2188 402 2249 inhabitatam
426 2192 599 2267 reperiens,
629 2190 686 2250 sibi
708 2190 783 2267 ‚ejus
816 2191 982 2253 dominium
1010 2192 1177 2282 (vindicavit
1211 2198 1302 2274 eique

125 2312 237 2354 nomen
260 2311 277 2353 a
300 2311 334 2353 sc
357 2294 516 2371 imposuit,
540 2300 654 2382 estque
670 2296 701 2354 in
717 2298 1188 2377 parte·septemtrionaliultima.
1237 2301 1302 2362 Alia

125 2398 235 2460 dicitur
258 2398 406 2479 Cytherea
429 2396 594 2476 Cycladum
619 2400 648 2458 in
679 2407 764 2478 parte
787 2400 913 2461 occidua
931 2403 1006 2472 sita,
1030 2402 1116 2480 cujus
1141 2402 1302 2485 Porphyris

125 2514 345 2570 anteanomen
369 2501 622 2586 (leibulfus,
655 2506 803 2586 Cytherea
826 2516 926 2568 autem
955 2515 1078 2578 vocata,
1114 2510 1183 2585 quia
1206 2525 1243 2568 ex
1266 2526 1303 2569 ea

126 2612 228 2674 venus
245 2605 592 2692 (aliaaCypriaVcnere)
608 2610 752 2683 suborta,
769 2618 799 2672 et
814 2611 949 2674 aParide
964 2614 1019 2673 sub
1034 2612 1146 2692 oppido
1162 2613 1301 2691 ejusdem

126 2718 241 2778 insulae
255 2715 368 2776 Helena
392 2714 448 2773 luit
471 2700 564 2793 rapta.
598 2711 663 2776 Alia
680 2716 777 2777 insula
794 2716 957 2796 Cycladum
973 2717 1081 2803 dicitur
1096 2717 1199 2789 learia,
1225 2737 1301 2796 quae

124 2820 218 2881 lcario
242 2823 316 2881 mari
339 2838 449 2881 nomen
473 2818 564 2881 dedit.
603 2820 685 2880 llaec
708 2821 895 2902 inhospitalis
920 2830 981 2894 est,
1013 2841 1083 2887 cum
1105 2823 1240 2901 undique
1263 2825 1301 2882 sit

124 2925 309 3001 importuosa
339 2944 395 2987 nee
417 2928 540 2987 navibus
564 2925 637 2987 adiri
661 2928 766 3004 possit.
805 2927 922 2988 Dicitur
944 2928 1201 2999 autem-Icarum
1229 2931 1300 2991 Cre-

124 3032 243 3085 tensem
260 3025 299 3084 ibi
316 3029 469 3106 naufragio
481 3032 631 3090 interiisse
655 3036 686 3091 at
700 3030 737 3090 de
759 3032 837 3091 exitu
854 3031 983 3092 bominis
998 3034 1174 3109 impositum
1188 3053 1299 3096 nomen

123 3128 201 3188 loco.
246 3128 311 3189 Alia
335 3131 499 3210 Cycladum
530 3135 637 3196 dicitur
660 3135 778 3207 Naxon,
813 3138 895 3214 prius
918 3137 1070 3216 Strangile
1094 3136 1189 3210 dicta,
1224 3157 1300 3217 quae

126 3230 280 3292 fertilitate
304 3241 439 3295 caeteras
462 3239 568 3309 vincit,
592 3255 628 3299 ex
652 3256 710 3316 qua
734 3239 805 3298 olim
830 3237 942 3318 iupiter
967 3240 1069 3305 fertur.
1085 3250 1190 3303 contra
1217 3241 1298 3304 Tita-

123 3352 179 3393 nos
212 3333 250 3394 ad
279 3337 391 3398 bellum
422 3343 620 3416 processisse.
666 3342 732 3410 Alia
755 3342 864 3404 dicitur
887 3344 964 3423 Cya‚
1001 3345 1075 3424 Syra
1101 3348 1218 3427 lingua,
1252 3367 1300 3418 eo,

124 3439 204 3515 quod
226 3444 333 3502 mastix
366 3444 407 3503 ibi
430 3445 570 3522 gignitur.
616 3446 682 3505 Alia
706 3452 753 3507 est
776 3448 884 3510 Samos
907 3449 1000 3520 dicta,
1033 3468 1110 3528 quae
1134 3455 1300 3530 antiquitus

124 3539 279 3603 dicebatur
301 3543 469 3608 Parthenia.
515 3547 547 3609 ln
572 3549 627 3610 bac
656 3550 754 3611 insula
785 3560 855 3614 nata
884 3560 931 3614 est
955 3554 1049 3625 luno,
1085 3573 1163 3633 quae
1196 3575 1299 3619 errore

123 3646 279 3721 gentilium
295 3651 454 3725 putabatur
468 3659 565 3712 mater
582 3654 727 3725 deorum,
751 3661 781 3715 et
804 3656 916 3736 Sibylla
940 3657 1042 3718 Samia
1065 3667 1093 3719 et
1115 3658 1300 3741 Pythagoras

124 3747 252 3808 Samius.
297 3750 380 3812 llaec
410 3752 507 3814 insuia
531 3763 595 3816 erat
617 3755 696 3835 apud
729 3765 848 3820 veteres
872 3761 1068 3822 celeberrima
1099 3774 1225 3843 propter
1248 3766 1300 3828 Ju-

124 3852 210 3911 nonis
233 3857 475 3927 venerationem,
501 3863 531 3915 et
553 3858 593 3918 ibi
617 3868 681 3920 erat
704 3863 850 3940 templum
874 3866 993 3942 insigne
1017 3864 1154 3928 lunonis.
1193 3867 1226 3930 ln
1244 3871 1300 3931 bac

122 3954 220 4015 insula
243 3957 339 4032 primo
361 3959 462 4018 fictilia
485 3975 555 4019 vasa
577 3970 648 4022 sunt
670 3965 807 4037 inventa,
841 3969 909 4030 ideo
932 3988 1003 4031 vasa
1025 3974 1119 4033 samia
1143 3974 1299 4053 appellan-

124 4064 182 4119 tur.
227 4058 272 4118 De
310 4059 465 4136 praedicta
497 4059 615 4122 lunone
646 4067 721 4125 mira
759 4067 881 4134 fabulati
920 4081 990 4135 sunt
1023 4083 1159 4147 veteres,
1198 4082 1300 4143 omnia

124 4166 226 4222 tamen
248 4179 284 4223 ex
305 4166 421 4226 ratione
443 4165 551 4246 aliqua,
573 4175 850 4252 quantumcumque
865 4177 1023 4242 effectibus
1039 4188 1164 4244 naturae
1183 4184 1299 4263 impro-
