2874 4770
776 186 841 259 188

222 369 287 440 cis,
309 367 444 446 quadiu
466 366 627 431 adrentum
648 368 772 447 virginis
795 386 866 431 cum
886 368 948 431 lilio
963 367 1045 431 idola
1058 367 1188 449 Aegypti
1204 379 1394 434 corruerent.

222 471 398 534 Secundum
429 471 576 550 templum
615 471 718 535 habuit
750 474 865 539 idolum
897 475 1027 553 pelicani
1060 476 1136 545 avis,
1175 481 1207 534 et
1240 475 1400 537 dicebatur

222 576 370 656 templum
392 577 561 655 sanguinis,
584 578 654 654 quia
669 579 813 654 sanguine
830 577 939 639 dicitur
953 579 1029 638 haec
1052 580 1113 639 avis
1136 577 1236 656 pullos
1260 586 1398 640 mortuns

223 678 382 741 vivificare.
412 679 515 757 Gignit
537 681 619 740 enim
641 677 796 759 Aegyptus
819 680 896 742 hano
920 699 1016 752 avem,
1039 686 1070 741 et
1092 687 1225 741 moratur
1247 682 1279 740 in
1294 683 1399 743 buscis

225 787 257 843 et
285 781 470 843 arundinetis
492 783 566 855 Nili,
596 781 677 844 unde
707 786 836 863 antiqui,
868 787 919 864 qui
945 784 1049 846 Nilum
1080 785 1205 846 deorum
1236 793 1400 864 parentem

146 966 149 971 ι
225 885 435 959 credidemnt,
468 887 640 966 pelicanum
659 887 773 948 Nilium
794 888 890 949 filium
908 891 1143 951 aestimaverunt
1166 890 1256 967 eique
1280 889 1400 952 divinos

224 991 355 1052 honores
378 991 608 1071 impenderunt,
632 998 666 1051 et·
684 992 767 1065 nullo
787 992 878 1053 modo
903 1000 1067 1072 ceperunt,
1090 995 1169 1054 sicut
1191 1010 1250 1052 uec
1272 993 1400 1055 mandu-

226 1112 294 1157 care
324 1096 389 1156 ausi
415 1095 552 1167 fuerunt,
582 1112 618 1156 ea
640 1097 739 1168 enim,
769 1112 846 1173 qnae
870 1095 1047 1168 adorabant,
1075 1114 1136 1157 non
1159 1095 1400 1171 manducabant;

226 1201 351 1269 mirum,
384 1198 467 1277 quod
486 1199 547 1259 Nili
580 1211 689 1277 aquam
710 1199 865 1271 biberunt,
897 1198 935 1259 de
965 1216 1023 1279 qua
1046 1206 1147 1260 tamen
1170 1216 1241 1260 eum
1263 1199 1402 1262 colentes

226 1321 287 1365 non
314 1302 470 1373 bibebant,
503 1304 561 1364 uisi
592 1303 743 1365 transfusa
772 1305 804 1364 in
833 1305 1000 1375 cisternos,
1035 1321 1111 1380 quos
1143 1306 1240 1382 primo
1270 1304 1350 1366 iodit
1371 1308 1402 1366 in

227 1404 367 1485 Aegypto
390 1405 519 1466 Danaus.
565 1405 651 1469 Sicut
673 1425 746 1486 crgo
760 1406 829 1467 Nilo
852 1407 965 1486 templa
986 1407 1140 1480 iecerunt,
1164 1410 1209 1469 sic
1233 1414 1265 1469 et
1287 1412 1402 1470 anima·

227 1509 306 1570 libus
328 1511 359 1569 iu
383 1526 420 1569 eo
443 1509 609 1587 generatis,
632 1513 711 1573 sicut
732 1512 897 1588 anguibus,
921 1513 1054 1590 piscibus
1086 1520 1117 1574 et
1148 1495 1340 1584 cocodrillis,
1373 1520 1405 1573 et

227 1613 397 1676 volatilibus
420 1615 499 1675 sicut
520 1613 668 1692 pelicano.
713 1615 832 1675 Dicitur
854 1620 956 1675 autem
979 1615 1150 1693 pelicanus,
1184 1617 1256 1692 quia
1290 1617 1404 1694 pellem

228 1719 319 1799 habet
342 1721 425 1779 canis
440 1718 552 1797 plumis
567 1737 753 1799 respersam,
778 1725 808 1779 et
831 1725 879 1779 est
902 1719 964 1779 avis
987 1737 1047 1778 non
1070 1717 1203 1789 modica,
1227 1737 1406 1798 magnarum

230 1823 360 1895 alarum,
385 1823 683 1896 etmacilentissima‚
707 1825 776 1902 quia
793 1824 942 1884 lubricum
956 1821 1045 1882 habet
1068 1823 1255 1894 intestinum,
1280 1842 1405 1903 neopo-

229 1931 292 1987 test
306 1927 462 1987 continere
487 1928 588 1988 eibum
611 1946 708 2006 usque
724 1929 889 2008 perlectam
903 1913 1189 2004 incorporationem.
1216 1925 1305 1987 llanc
1321 1944 1407 1988 avem

231 2008 407 2089 naturaliter
439 2029 544 2091 odiunt
578 2029 732 2112 (oderunt)
764 2036 922 2111 serpentes
945 2035 990 2090 ·et
1020 2010 1200 2090 insidiantur
1229 2031 1297 2091 ovis
1331 2030 1406 2107 ejus,

231 2131 312 2194 unde
335 2131 406 2194 dum
428 2152 483 2213 pro
505 2141 594 2214 pastu
616 2137 731 2208 avolat,
755 2133 923 2196 ascendunt
937 2139 1095 2214 serpentes
1119 2140 1150 2194 ct
1173 2139 1224 2195 aut
1247 2153 1306 2197 ova
1328 2135 1406 2195 iran-

233 2246 322 2321 gunt,
347 2247 412 2315 aut,
435 2244 461 2302 si
483 2242 558 2320 pulli
581 2249 666 2312 sunt,
690 2244 818 2300 enecant
840 2239 1002 2306 morsibus.
1047 2237 1263 2303 blaterantem
1285 2238 1408 2300 rediens

233 2349 265 2406 ct
278 2330 281 2336 ¹
296 2362 368 2405 suos
381 2390 384 2395 -
397 2345 496 2425 pullos
518 2346 637 2408 occisos
663 2344 819 2406 inveniens
853 2341 950 2403 fertur
981 2360 1036 2420 per
1058 2342 1191 2403 triduum
1207 2343 1409 2404 «lamentabili

234 2449 346 2526 garritu
375 2449 479 2527 lugere
511 2456 543 2510 et
576 2449 685 2510 deinde
717 2450 749 2510 in
780 2453 905 2526 pectore
939 2463 973 2506 se
996 2445 1133 2509 vulnerat
1162 2452 1193 2507 et
1226 2449 1408 2527 sanguinem

234 2550 365 2612 calidum
387 2570 479 2631 super
502 2571 555 2614 eos
579 2555 693 2632 spargit
723 2568 837 2629 eosque
869 2568 885 2610 a
918 2555 1014 2610 morte
1045 2551 1089 2610 sic
1111 2552 1247 2612 suscitat.
1292 2551 1328 2612 ln
1351 2569 1409 2629 quo

234 2653 315 2716 iacto
345 2674 459 2717 numen
486 2657 589 2717 inesse
624 2658 671 2717 avi
701 2654 843 2735 Aegyptii
876 2655 1073 2716 aestimabant
1102 2661 1133 2715 et
1161 2672 1229 2715 eam
1257 2656 1410 2716 celebrem

233 2759 314 2818 inter
346 2758 420 2819 deos
448 2776 520 2820 suos
549 2759 698 2820 habebant
735 2758 836 2819 eidem
867 2758 981 2837 templa
1010 2763 1223 2819 consecrantes
1232 2777 1241 2830 ;
1276 2765 1310 2819 et
1336 2759 1411 2819 haec

235 2861 349 2940 templa
372 2861 409 2922 ad
433 2861 543 2923 Christi
565 2865 737 2940 ingressum
758 2881 819 2922 non
844 2869 1036 2936 corruerunt,
1059 2881 1120 2922 nou
1148 2868 1274 2940 propter
1297 2881 1411 2924 numen

235 2964 268 3025 in
301 2965 456 3042 pelicano,
487 2964 544 3026 sed
572 2971 696 3043 propter
727 2964 872 3027 deitatem
894 2969 924 3027 in
949 2967 1106 3039 crucifixe,
1135 2984 1226 3045 quem
1254 2967 1410 3045 figurabat.

236 3067 308 3130 ldeo
332 3072 532 3131 communiter
553 3071 629 3131 haec
652 3071 714 3132 avis
737 3089 807 3131 cum
828 3070 899 3132 nido
924 3069 953 3131 et
977 3070 1067 3149 pullis
1094 3070 1267 3149 depingitur
1286 3072 1414 3149 insuper

238 3172 422 3235 crucifixum.
468 3174 513 3235 De
542 3174 683 3254 pelicano
711 3174 842 3252 loquitur
865 3173 1046 3251 leronymus
1080 3173 1204 3252 pulchre
1228 3175 1259 3232 in
1283 3173 1413 3252 epistola

238 3277 276 3339 ad
298 3277 486 3339 Praesidium
509 3278 678 3340 diaconum.
721 3278 849 3358 Insuper
870 3280 1007 3350 tertium,
1030 3279 1177 3356 templum
1199 3279 1287 3355 ignis,
1312 3295 1412 3338 saera-

236 3381 488 3455 tissimumluit,
517 3365 727 3455 conservatum
758 3402 836 3444 cum·
855 3401 910 3443 suo
930 3384 1040 3455 alian,
1073 3364 1308 3469 quodquidam
1330 3381 1413 3442 idolo

239 3489 348 3558 caruit,
373 3489 443 3566 quia
465 3488 530 3549 Deo
552 3507 672 3551 summo
696 3494 906 3550 consecratum
928 3487 1000 3560 luit,
1032 3493 1064 3546 et
1092 3486 1248 3565 phoenicis
1271 3485 1413 3546 incendio

239 3591 468 3654 celeberrimum
492 3596 614 3656 exstitit.
641 3596 713 3656 Erat
735 3595 815 3653 enim
838 3591 958 3670 quidam
982 3608 1108 3669 magnus
1130 3596 1230 3660 vates,
1258 3589 1413 3662 sacerdos,

240 3696 332 3758 Onias
354 3700 493 3770 nomine,
517 3699 554 3760 de
579 3706 668 3779 gente
691 3696 887 3779 ludaeorum,
912 3695 963 3771 qui
985 3695 1015 3753 in
1031 3692 1182 3772 Heliopoli
1203 3693 1324 3754 civitate
1341 3695 1415 3755 solis

239 3802 387 3879 templum
419 3802 585 3864 aedificavit
608 3802 645 3864 ad
668 3800 896 3862 similitudinem
919 3799 1024 3876 templi
1046 3798 1167 3858 Domini
1189 3798 1221 3856 in
1243 3796 1416 3861 Jerusalem

240 3921 277 3965 ex
306 3908 452 3966 instinctu
481 3905 581 3966 divino
616 3903 713 3985 (lau
727 3900 783 3982 a).
833 3903 932 3963 Primo
967 3919 1039 3978 crgo
1063 3900 1111 3961 die
1135 3919 1312 3980 azymorum
1344 3920 1417 3962 cum

240 4015 336 4075 multa
357 4014 437 4090 ligna
461 4011 681 4088 congessisset,
706 4015 739 4070 ut
761 4009 835 4070 hora
857 4007 996 4068 sacrificii
1020 4023 1056 4066 ea
1078 4003 1255 4065 incenderet
1278 4003 1416 4066 ad‘olle·

241 4117 335 4180 renda
357 4119 547 4188 holocausta,
580 4131 653 4174 ecce
676 4114 794 4174 cunctis
815 4111 1056 4191 inspectantibus
1085 4127 1140 4188 per
1161 4108 1328 4168 fenestram
1352 4110 1418 4172 avis

239 4219 377 4301 ingressa
407 4225 456 4284 est
484 4224 624 4282 oneratas
652 4218 778 4281 babens·
795 4218 857 4280 alas
891 4214 1026 4278 diversis·
1048 4212 1216 4292 liquoribus
1246 4218 1419 4275 aromatum
