2874 4770
687 149 754 219 32⁷

135 350 154 393 a
177 330 264 409 galea
284 327 412 390 tondum
433 327 577 406 petiisse,
600 331 631 387 et
653 342 705 387 res
725 326 801 389 tales
823 326 925 400 lares,
954 327 1034 391 latae
1057 333 1090 391 et
1112 340 1204 391 carae
1227 325 1315 389 tarde

135 432 263 495 fundum
286 438 395 512 petunt
416 437 447 492 et
468 431 558 510 longe
580 431 636 491 sub
659 429 748 490 undis
775 429 901 493 fluitant.
931 431 1079 494 Dicebant
1100 435 1208 504 etiam,
1231 431 1315 511 quod

137 557 243 599 aurum
268 545 298 598 et
314 543 472 615 argentum
488 535 599 596 cadens
623 536 654 594 in
677 535 751 596 mari
772 539 875 595 statim
889 543 1007 614 raptum
1029 536 1140 607 aloen,
1163 535 1215 597 ubi
1231 536 1313 596 ceei-

139 643 190 713 dit,
214 641 377 712 abducitur,
401 640 599 708 affirmantes,
626 640 656 698 in
679 640 769 700 maris
792 638 939 718 profundo
961 639 1154 701 deambulare
1174 646 1314 719 raptores

138 745 341 806 decidentium
364 761 475 803 rerum.
522 741 586 802 llos
609 748 746 821 raptores
771 744 887 820 antiqui
911 741 1050 804 dicebaut
1072 760 1142 804 esse
1158 743 1313 822 Nymphas

136 852 274 920 marinas,
291 866 365 926 quas
376 845 731 917 nonimabantNereides,
743 846 861 907 diversa
876 845 974 906 cilicia
989 846 1045 906 sub
1060 847 1146 924 aquis
1160 846 1315 919 babentes,

134 956 213 1014 inter
243 970 317 1031 quas
341 951 424 1012 Dora
456 952 567 1030 raptrix
599 952 714 1010 marina
745 949 910 1010 dicebatur.
957 949 1008 1010 Sic
1042 968 1115 1029 ergo
1147 950 1234 1029 miles
1264 948 1315 1011 ille

133 1059 227 1118 tristis
259 1059 291 1117 iu
325 1074 379 1117 sua
414 1057 499 1134 galea
528 1056 639 1115 mansit
670 1061 701 1115 et
732 1055 854 1116 domino
884 1061 1010 1134 patrono
1033 1053 1072 1114 Vl
1104 1053 1230 1116 ducatos
1260 1072 1315 1132 pro

134 1179 281 1223 concessa
305 1168 337 1220 et
359 1160 476 1240 perdita
500 1166 603 1238 patera
625 1158 724 1219 solvit.
770 1158 867 1230 Ecce,
902 1175 991 1237 quam
1019 1158 1155 1220 mirabile
1177 1157 1319 1219 lortuuao

131 1264 310 1336 ludibrium,
334 1265 372 1327 de
395 1283 454 1342 quo
477 1263 555 1323 bene
580 1264 659 1322 canit
682 1260 807 1322 Ovidius
831 1263 876 1322 sic
900 1262 1024 1323 dicens:

343 1399 441 1451 Omnia
461 1403 525 1450 sunt
543 1396 679 1449 homiuum
699 1395 773 1451 tenui
792 1395 940 1464 pendentia
958 1396 1017 1462 iilo,
1157 1466 1161 1474 Ι

343 1488 377 1539 Et
395 1485 483 1539 subito
503 1501 567 1536 casu
586 1501 638 1552 quo
657 1485 769 1536 voluere
788 1489 877 1536 ruunt.
1080 1478 1082 1483 ’

224 1628 332 1691 Omnia
372 1630 489 1712 lapsum
530 1627 683 1708 spondent
721 1634 752 1688 et
786 1629 873 1688 eitius
907 1636 977 1690 saint
1013 1647 1159 1709 prospera
1196 1635 1315 1710 promta

135 1751 256 1795 ruinae:

346 1834 428 1886 Ludit
446 1831 473 1884 in
493 1832 616 1886 humanis
636 1832 729 1885 diviua
746 1833 866 1903 potentia
883 1836 981 1900 rebus,

342 1921 377 1973 Et
396 1928 495 1975 certam
514 1937 646 1991 praesens
664 1921 709 1974 vix
727 1923 808 1975 babet
826 1924 894 1975 bora
911 1923 996 1977 tidem.

220 2065 292 2127 Post
315 2067 473 2146 prandium
497 2066 653 2128 serenatus
675 2065 731 2127 luit
754 2067 909 2147 paululum
932 2068 998 2139 aer,
1022 2074 1054 2128 et
1075 2085 1214 2149 magnam
1237 2088 1310 2130 cou-

130 2172 269 2249 cepimus
294 2189 397 2251 spem,
430 2171 509 2250 quod
532 2171 706 2232 beatissima
728 2170 820 2249 Virgo
843 2168 957 2243 illaria,
979 2188 1061 2251 ¹vera
1090 2175 1181 2234 maris
1214 2173 1311 2245 stella,

130 2292 188 2335 nos
213 2274 355 2353 adjuvare
378 2276 488 2350 vellet3
513 2277 644 2336 instabat
666 2277 749 2335 euim
763 2275 875 2336 testum
893 2275 1137 2337 sanctificationis
1160 2278 1258 2355 ipsius
1281 2277 1312 2336 in

132 2385 231 2438 utero.
275 2377 361 2441 Unde
385 2381 416 2441 in
438 2380 561 2441 barcam
584 2378 797 2440 descendimus
821 2380 906 2456 quasi
929 2396 1036 2439 omnes
1067 2379 1105 2440 de
1135 2379 1249 2451 classe,
1282 2385 1314 2439 et

133 2480 216 2542 ducti
240 2484 270 2542 in
292 2482 375 2547 littus
404 2487 434 2544 in
458 2484 573 2563 capella
596 2501 650 2563 pro
675 2483 864 2561 navigatione
887 2499 1033 2561 prospera
1066 2484 1163 2561 ipsam
1194 2483 1311 2542 miseri·

133 2586 253 2646 cordiae
269 2594 396 2655 matrem
411 2587 680 2666 interpellavimus.
711 2584 898 2646 Delectabile
918 2584 974 2645 fuit
990 2586 1092 2647 videre
1107 2588 1311 2648 maturitatem

133 2692 267 2751 omnium
290 2699 320 2752 et
343 2694 457 2767 serium
481 2699 512 2752 et
535 2690 635 2751 fidem.
680 2688 781 2767 Aliqui
806 2693 886 2750 enim
909 2692 987 2752 intra
1009 2689 1154 2770 capellam
1170 2692 1313 2770 prostrati

131 2795 271 2867 orabant,
296 2796 388 2876 aliqui
410 2797 482 2857 loris
507 2796 632 2876 genibus
656 2793 758 2867 flexis,
791 2795 882 2873 aliqui
906 2796 1072 2856 circuibant
1095 2797 1237 2856 continue
1262 2813 1311 2857 ca-

130 2898 255 2978 pellam,
290 2900 382 2979 aliqui
411 2899 447 2962 ad
478 2900 562 2960 littus
593 2907 696 2960 contra
720 2918 802 2960 mare
827 2901 967 2972 orabant,
1002 2899 1126 2960 demum
1149 2918 1256 2961 omues
1279 2902 1311 2960 in

127 3022 222 3065 unum
245 2996 391 3089 coeuntes
417 3006 493 3079 intra
521 3005 667 3089 capellam
692 3012 721 3066 et
740 3003 825 3082 juna
841 3005 1052 3085 antiphonam:
1080 3006 1168 3067 Salve
1184 3006 1309 3086 Regina,

130 3111 327 3170 cantavimus.
372 3109 445 3170 Post
478 3108 564 3187 cujus
597 3109 832 3188 completionem
855 3117 1003 3172 venerunt
1032 3113 1064 3171 in
1087 3118 1221 3172 mentem
1249 3110 1309 3172 duo

127 3231 235 3275 versus
260 3210 417 3289 cujusdam
440 3215 618 3292 sequentiae
641 3215 748 3275 beatae
771 3215 890 3293 Vrginis
922 3215 959 3275 ad
991 3219 1198 3297 propositum,
1232 3233 1309 3293 quos

129 3335 187 3398 ego
212 3335 284 3389 ore,
309 3318 358 3377 alii
380 3325 497 3390 mente,
522 3320 722 3378 cantavimus:

234 3453 316 3506 Salve
329 3453 459 3521 splendor
470 3455 645 3523 firmamenti,
751 3456 834 3508 Plaoa
852 3471 940 3522 mare,
960 3454 1042 3506 maris
1062 3455 1160 3521 stella,

233 3541 273 3594 Tu
292 3541 461 3610 caliginosae
479 3545 562 3596 menti
746 3543 789 3595 Ne
807 3543 929 3594 involvat
948 3558 998 3594 nos
1018 3543 1138 3611 procella

237 3629 363 3699 Desuper
380 3629 499 3696 irradia;
747 3631 783 3682 Et
801 3637 945 3700 tempestas
966 3630 1053 3684 obvia.

216 3772 427 3839 Laetissimam
450 3785 552 3840 uotam
576 3780 607 3840 hi
624 3779 683 3841 duo
706 3798 813 3842 versus
831 3780 957 3850 habeut,
981 3779 1067 3858 quasi
1083 3779 1224 3859 placitam
1242 3780 1307 3860 glo-

125 3879 226 3939 riosae
249 3880 379 3961 Virgini,
403 3901 477 3962 quas
500 3901 592 3963 saepe
616 3885 722 3946 solitus
745 3885 788 3945 lui
810 3892 930 3945 cantare
952 3885 984 3944 in
1006 3887 1084 3946 mari
1106 3887 1248 3947 existens.

217 3984 310 4046 Nobis
340 3988 432 4065 igitur
461 3989 492 4048 in
522 3989 654 4068 Virginis
677 3987 789 4052 Mariae
821 3990 967 4067 obsequio
1002 3991 1046 4050 sic
1075 3990 1307 4069 persistentibus

127 4105 203 4150 ecoe
226 4090 326 4151 subito
349 4089 530 4168 adjutorium
554 4091 664 4165 adluit,
697 4097 802 4155 mutati
825 4101 896 4155 sunt
925 4095 1110 4168 enimventi
1133 4098 1165 4154 et
1186 4093 1308 4154 fuerunt

128 4191 202 4254 iacti
223 4196 364 4269 secundi,
395 4203 426 4258 et
448 4196 630 4259 hortatorius
663 4197 776 4258 elamor
799 4217 854 4280 per
876 4200 1048 4262 universam
1071 4197 1208 4262 classem
1223 4199 1306 4258 iuso·
