2874 4770
682 170 747 250 ’195

126 358 267 420 monachi
298 357 378 419 ultra
408 371 517 418 omnes
547 331 712 416 monachos
734 354 912 416 ‘laudantun
957 354 995 415 ut
1026 354 1164 434 proiecto
1196 368 1305 430 magna

127 461 299 522 differentia
322 461 470 520 est-inter
492 458 656 518 monachos
673 458 833 519 modernos
858 464 889 518 et
904 461 1058 536 antiquos,
1083 464 1114 519 et
1135 459 1216 517 inter
1238 473 1303 515 mo-

128 563 240 624 nachos
263 563 426 624 orientales
456 570 486 623 et
509 562 732 633 occidentales,
766 567 797 621 et
827 562 907 622 inter
936 562 1100 622 monachos
1122 560 1251 638 Aegypti
1275 564 1305 619 et

128 665 246 745 Syriae,
271 666 439 727 Palistinae
463 673 494 728 et
509 663 761 746 Mesopotamiae.
791 665 837 725 De
860 664 918 723 hoc
942 659 1055 743 aliquid
1077 682 1167 743 supra
1191 663 1305 724 dictum

127 776 175 830 est
196 769 228 830 P.
248 767 276 832 l.
301 769 352 831 iol.
369 766 443 832 237.
490 763 572 831 Inter
595 788 702 831 omnes
717 768 847 846 Aegypti
872 754 1010 828 monachi
1034 768 1222 828 excellebant
1244 774 1304 826 tam

126 875 158 933 in
180 875 372 945 morositate,
396 891 487 953 quam
510 875 540 933 in
563 874 719 952 religione.
765 872 811 932 De
834 872 892 931 hoc
914 871 984 932 audi
999 868 1194 949 leronymum
1209 871 1304 949 Epist.

129 975 165 1035 ad
188 976 399 1048 Eustachium,
431 978 546 1055 inqua
576 981 685 1039 tractat
715 975 753 1037 dc
782 976 876 1035 tribus
908 974 1068 1052 generibus
1091 975 1307 1034 monachorum

130 1077 261 1159 Aegypti
296 1087 326 1142 et
355 1080 394 1141 de
427 1081 570 1158 religiosa
600 1098 706 1140 eorum
734 1081 804 1140 vita.
849 1076 938 1139 Unde
964 1078 1007 1163 de
1031 1077 1172 1141 universo
1195 1074 1305 1138 mundo

131 1183 281 1265 quottidie
305 1184 444 1245 homines
468 1183 680 1255 adventabant,
704 1187 739 1244 ut
760 1180 889 1262 Aegypti
912 1183 1076 1244 monachos
1098 1181 1253 1253 viderent,
1277 1183 1308 1239 et

128 1290 185 1350 hoc
209 1287 362 1349 faciebant
393 1300 454 1348 nou
489 1288 588 1348 s'olum
619 1287 790 1365 simplices,
822 1284 878 1346 sed
906 1288 1122 1365 imperatorem
1154 1302 1243 1362 reges
1275 1288 1307 1342 et

127 1395 290 1473 principes.
335 1391 431 1452 Tanta
460 1396 562 1451 autem
592 1396 656 1451 erat
684 1390 840 1451 monachis
869 1391 928 1450 illis
953 1407 1024 1450 cura
1046 1408 1101 1468 pro
1126 1377 1306 1449 exhibitione

127 1496 357 1574 hospitalitatis,
394 1493 475 1573 quod
496 1500 631 1555 rectores
656 1484 812 1555 civitatum
832 1493 869 1554 ad
891 1495 1065 1555 instantiam
1089 1492 1306 1553 monachorum

129 1620 185 1681 per
207 1598 341 1678 singulas
365 1604 467 1676 portas
492 1604 660 1659 statuerent
684 1598 911 1669 observatores,
936 1606 987 1670 ut,
1010 1599 1105 1659 sicubi
1128 1597 1305 1677 peregrinus

133 1710 185 1766 aut
209 1719 326 1782 pauper
349 1708 521 1779 appareret,
545 1703 611 1761 sine
635 1703 814 1780 quaestione
840 1702 878 1764 ad
893 1703 1023 1780 aliquam
1041 1703 1306 1780 congregationem

132 1806 350 1868 monachorum
362 1803 539 1876 duceretur,
566 1810 597 1864 et
612 1804 781 1883 hospitibus
798 1807 937 1866 certatim
953 1799 1092 1866 monachi
1109 1808 1307 1865 occurrerunt

130 1928 247 1988 eosque
279 1907 482 1980 abducebant,
518 1915 549 1969 et
571 1926 798 1987 nonnumquam
829 1911 984 1970 contentio
1013 1914 1077 1970 erat
1100 1910 1178 1969 inter
1201 1922 1304 1967 mona·

129 2015 202 2075 chos
226 2012 265 2092 de*
285 2015 517 2091 praeventione,
541 2018 572 2073 et
595 2015 824 2091 peregrinorum
847 2012 937 2092 pallia
959 2014 990 2072 in
1012 2011 1130 2074 diversa
1151 2011 1305 2071 trahentes

129 2118 353 2196 rumpebantur.
401 2115 499 2188 Quam
521 2117 582 2175 cito
606 2117 688 2176 enim
710 2114 819 2178 fratres
835 2117 1028 2195 peregrinum
1051 2115 1211 2177 adventare
1234 2132 1305 2174 sen·

128 2227 242 2292 serunt,
265 2221 425 2290 continuo,
449 2217 533 2280 velut
548 2234 673 2278 examen
689 2211 788 2297 apum,
813 2218 923 2297 singuli
947 2236 991 2279 ex>
1006 2219 1070 2278 suis
1094 2217 1211 2283 catulis
1234 2235 1305 2296 pro·

129 2328 291 2401 ruperunt,
314 2328 345 2382 et
363 2314 498 2398 jocunda
520 2320 607 2392 facie,
630 2321 710 2381 laeto
726 2339 826 2392 cursu,
851 2318 960 2381 lestina
983 2321 1138 2381 alacritate
1162 2339 1216 2381 eos
1239 2339 1305 2380 sus·
1357 2371 1361 2377 .

131 2431 285 2504 ceperunt.
341 2413 379 2484 Et
415 2423 491 2483 haec
526 2423 632 2501 religio
663 2422 793 2501 Aegypti
825 2423 942 2484 duravit
974 2440 1073 2500 usque
1104 2423 1141 2484 ad
1169 2430 1307 2503 tempora

129 2528 261 2590 Heraclii
283 2528 491 2607 imperatoris,
526 2527 581 2587 sub
605 2545 664 2604 quo
688 2532 777 2586 natus
811 2533 858 2587 est
880 2527 959 2587 filius
982 2525 1160 2604 perditionis
1182 2525 1306 2586 Macho-

129 2639 245 2704 metus,
276 2633 327 2709 qui
358 2649 427 2691 cum
450 2628 598 2700 Arabibus
621 2616 678 2689 sibi
701 2629 934 2692 adhaerentibus
957 2632 1113 2709 ingressus
1135 2630 1307 2709 Aegyptum

129 2744 160 2799 et
182 2737 223 2796 ibi
246 2735 343 2796 effuso
366 2753 486 2797 veneno
514 2736 686 2796 intoxicavit
709 2727 909 2814 patriarcham
931 2732 1168 2816 Alexandrinum
1191 2742 1222 2795 et
1244 2735 1306 2796 cle·

128 2861 196 2903 rum
210 2837 275 2919 (b),
300 2841 352 2918 qui
375 2840 521 2916 abnegata
544 2839 603 2900 lide
628 2840 774 2901 catholica
789 2839 983 2901 Machameto
1007 2839 1180 2900 adhaesere.
1229 2839 1305 2900 sub·
1421 2925 1422 2929 Ἰ

128 2964 216 3009 verso
240 2951 342 3006 autem
365 2944 534 3022 patriarcha
548 2944 748 3006 Alexandrino
771 2947 850 3007 viam
874 2946 991 3023 accepit
1013 2944 1045 3003 in
1067 2950 1163 3004 totam
1185 2941 1305 3022 Aegyp·

128 3056 209 3122 tum,
240 3054 271 3109 et
292 3047 416 3109 demum
438 3051 470 3108 in
493 3051 592 3110 omnia
613 3052 704 3111 maris
734 3050 835 3111 littora
857 3049 1042 3129 praevaluit,
1077 3055 1108 3108 et
1129 3048 1253 3109 invaluit
1275 3048 1307 3107 in

127 3158 261 3223 tantum,
297 3151 378 3230 quod
411 3150 532 3224 Asiam,
565 3151 697 3216 Africam
732 3159 764 3215 et
793 3173 848 3233 pro
880 3160 966 3233 parte
996 3152 1146 3229 Europam
1186 3148 1306 3210 Christo

130 3256 269 3318 auferens
293 3256 351 3317 sibi
373 3253 552 3334 subjugavit.

219 3360 263 3421 Ex
285 3359 423 3419 omnihus
446 3357 493 3417 his
517 3363 616 3437 patet,
641 3359 724 3438 quod
739 3365 896 3440 Aegyptus
912 3367 975 3421 tres
991 3358 1093 3419 habuit
1108 3361 1203 3419 status
1219 3353 1306 3416 valde

130 3461 267 3525 diversos
292 3464 376 3523 etin
400 3450 532 3540 quolibet
554 3460 700 3523 illu'strior
722 3465 839 3523 cunctis
863 3464 964 3542 regnis
986 3463 1108 3524 iuventa
1130 3460 1197 3519 iuit.

216 3565 337 3625 Primus
369 3560 471 3624 status¹
495 3563 550 3623 iuit
578 3570 673 3625 status
696 3566 846 3628 idolorum
867 3564 1040 3636 multomm,
1058 3561 1211 3640 jactabant
1227 3565 1307 3623 eninr

129 3685 179 3740 se,
203 3667 283 3729 deos
303 3667 383 3746 apud
405 3685 439 3728 se
461 3675 549 3729 natos
573 3675 603 3729 et
625 3670 723 3741 nasci,
757 3669 842 3730 unde
859 3667 965 3731 lovem
988 3686 1139 3729 summum
1163 3667 1253 3729 deum
1276 3670 1307 3728 in

127 3770 267 3852 Aegypto
291 3778 397 3833 natum
421 3771 606 3833 affirmabant
637 3770 761 3834 etcum
786 3773 980 3834 Cretensibus
1004 3771 1042 3833 de
1066 3772 1125 3833 hoc
1141 3772 1325 3833 contende--

128 3878 210 3938 bant.
241 3875 292 3936 Sic
315 3885 347 3936 et
361 3876 513 3937 Venerem
537 3875 676 3937 dicebant
700 3875 779 3955 apud
802 3856 958 3957 septimo
983 3874 1020 3936 de
1040 3878 1116 3936 mari
1132 3879 1306 3948 emersisse,

131 3986 162 4040 et
184 3998 256 4042 cum
278 3981 394 4060 Cypriis
418 3981 588 4060 litigabant3
625 3988 655 4042 et
677 3983 719 4042 ita
743 3979 780 4041 de
812 3981 877 4041 aliis
902 3979 958 4041 diis
981 3980 1195 4042 concertabant
1222 3998 1306 4042 asse·

131 4088 234 4146 rentes
248 4083 330 4165 apud
346 4104 380 4146 se
397 4086 524 4165 genitos.
555 4082 642 4145 Unde
665 4091 727 4146 tam
743 4083 851 4145 Graeci
874 4101 965 4164 quam
983 4085 1109 4147 Romani
1134 4087 1170 4146 ab
1185 4084 1306 4165 Aegyp·

130 4187 180 4248 tiis
195 4187 271 4253 deos
291 4190 349 4256 sibi
370 4184 574 4270 accipiebant,
598 4196 629 4252 et
643 4189 773 4271 Aegypti
789 4187 863 4251 deos
879 4191 966 4268 qu'asi
980 4194 1062 4251 totus
1086 4191 1168 4251 orbis
1187 4205 1307 4251 summe

1037 4301 1098 4359 1³¹·
