2874 4770
681 158 747 228 23⁷

125 348 231 409 autem
251 339 333 403 bello
355 337 510 410 interfuit,
532 334 620 414 cujus
642 342 730 415 pater
751 335 854 396 socius
875 329 1016 397 Herculis
1038 329 1096 394 init
1125 335 1157 394 et
1177 332 1208 392 in
1233 329 1303 392 col·

126 449 204 511 chos
227 464 299 529 cum
322 463 360 506 eo
382 441 539 522 proiectus
562 446 669 519 postea
698 441 814 517 primus
836 439 868 498 in
891 435 1046 498 obsidione
1069 433 1178 511 Trojae
1201 449 1304 494 muros

127 548 288 613 adscendit
315 555 348 609 et
369 546 535 608 Hesionam
558 546 638 622 regis
665 542 775 620 Trojae
793 542 884 602 liliam
905 542 938 601 in
960 539 1072 619 praeda
1093 557 1218 601 uxorem
1240 556 1305 599 me·

126 657 206 728 ruit,
237 672 277 716 ex
304 670 363 732 qua
386 648 538 711 Teucrum
569 649 694 728 genuit,
728 647 795 725 qui,
829 650 864 706 ut
895 644 968 715 dixi,
1001 643 1185 704 Salaminam
1214 641 1305 721 Cypri

127 757 309 822 aedificavit.
354 753 435 828 Quid
456 761 559 815 autem
587 752 626 813 de
647 751 714 828 ejus
737 752 916 830 posteritate
948 749 1110 825 contigerit
1132 765 1192 806 non
1214 746 1305 824 plens

127 864 259 925 invenio.
304 859 409 920 Frater
429 857 607 920 Vincentius
629 853 871 925 Behovacensis,
901 852 1014 913 ordinis
1037 852 1148 923 nostri,
1178 850 1253 912 dicit
1274 852 1306 912 in

128 963 262 1046 Speculo
284 963 389 1023 histor.
412 959 447 1021 L.
472 957 502 1023 3.
527 959 560 1020 0.
584 955 647 1031 66,
672 957 753 1037 quod
778 965 849 1036 post
871 958 1062 1019 eversionem
1085 951 1204 1029 Trojae,
1228 972 1306 1032 quae

123 1070 209 1131 lacta
231 1067 289 1128 tuit
311 1073 380 1128 ante
402 1066 638 1126 incarnationem
652 1063 774 1123 Domini
790 1063 875 1123 annis
901 1057 994 1130 1190,
1018 1056 1177 1118 multitudo
1199 1075 1307 1136 magna

131 1173 251 1251 fugiens
283 1172 317 1231 in
345 1169 420 1230 duas
442 1175 544 1247 partes
566 1186 601 1229 se
624 1167 740 1239 divisit,
771 1166 846 1227 duos
870 1165 1017 1226 iacientes
1039 1161 1184 1240 populos:
1217 1179 1308 1222 unam

129 1283 249 1357 partem
271 1274 355 1336 duxit
375 1273 506 1344 Franco,
538 1272 616 1333 filius
639 1271 795 1343 Hectoris,
818 1288 913 1349 nepos
935 1268 1058 1346 PriarQ
1073 1269 1153 1345 regis
1176 1263 1306 1341 Trojae3

130 1381 249 1459 fugiens
290 1381 323 1439 in
360 1384 525 1438 extremam
564 1375 756 1436 Germaniam
792 1373 935 1444 devenit,
973 1373 1074 1450 ibique
1112 1370 1164 1430 diu
1202 1368 1307 1430 demo·

133 1485 191 1544 rati
206 1483 333 1560 regioni,
357 1497 447 1558 quam
466 1479 678 1548 inhabitabant,
702 1495 813 1538 nomen
829 1495 919 1537 suum
935 1476 1100 1554 reliquere,
1117 1492 1194 1554 quae
1217 1472 1309 1534 hodic

133 1585 245 1648 dicitur
258 1585 439 1655 Franconia,
463 1583 571 1645 Sueris
595 1589 627 1642 et
641 1581 762 1643 Bavaris
786 1583 892 1643 vicina.
923 1580 1041 1641 Deinde
1057 1581 1182 1640 ulterius
1207 1576 1309 1638 diffusi

133 1686 326 1752 transvadato
353 1686 459 1747 Rheno
490 1703 541 1746 eas
568 1686 600 1744 in
630 1691 731 1762 partes
753 1690 916 1756 venerunt,
949 1702 1025 1762 quas
1058 1701 1180 1762 semper
1202 1689 1309 1763 postea

135 1797 319 1862 tenuerunt,
352 1790 469 1867 sibique
502 1807 538 1850 ex
571 1789 615 1849 eis
647 1786 773 1849 ducibus
804 1790 889 1866 quasi
917 1804 1005 1866 reges
1032 1791 1252 1851 constituerunt
1279 1791 1311 1848 et

134 1897 167 1957 in
188 1884 399 1975 posteritatem
420 1892 541 1970 longam
560 1897 649 1969 atque
672 1889 815 1969 fulgidam
831 1890 1032 1963 devenerunt,
1055 1891 1110 1952 sed
1134 1899 1165 1953 11
1187 1891 1312 1954 easdem

135 2005 240 2078 partes
270 2015 288 2057 a
315 2014 350 2057 se
373 1995 661 2067 denominaverunt,
685 1995 842 2057 Franciam
871 2003 1024 2057 vocantes.
1069 1995 1169 2056 Aliam
1194 2004 1312 2075 partem

136 2099 337 2163 multitudinis
360 2098 443 2160 duxit
459 2097 578 2159 Turnus
597 2098 733 2177 quidam,
755 2099 835 2160 filius
852 2097 950 2175 Troji,
962 2099 1025 2163 ¹lilii
1040 2097 1166 2172 Priami,
1189 2102 1312 2161 111111-

135 2205 229 2266 ticam
250 2202 406 2281 Scythiam
427 2201 653 2281 profugientem
684 2203 724 2262 ibi
747 2220 832 2262 more
854 2203 1020 2263 bestiarum
1041 2205 1134 2265 vitam
1156 2203 1314 2276 duxerunt,

138 2307 242 2368 etisti
270 2311 340 2366 sunt
363 2312 397 2366 et*
417 2304 557 2365 dicuntur
579 2303 679 2365 Turci.
724 2303 787 2364 Hos
821 2305 911 2364 simul
939 2323 1009 2365 cum
1037 2303 1159 2367 ludaeis
1190 2313 1314 2385 propter

136 2411 217 2473 vitae
248 2409 497 2471 inhumanitatem
526 2409 651 2469 inclusit
673 2408 843 2469 Alexander
865 2405 907 2468 M.
937 2410 1015 2471 intra
1038 2417 1174 2482 montes,
1197 2425 1314 2490 ponens

137 2519 242 2593 portas
264 2519 296 2573 et
318 2513 491 2586 clausuras,
525 2531 564 2574 ne
597 2514 678 2575 exire
701 2520 836 2592 possent.
882 2510 922 2574 Ut
943 2520 1027 2592 patet
1049 2531 1141 2594 sopra
1163 2515 1225 2574 Pol.
1252 2510 1313 2577 141

139 2624 171 2680 et
192 2616 255 2680 Pol.
278 2615 331 2680 87.

221 2720 373 2783 -Dominus
404 2718 555 2782 Antonius
589 2721 621 2780 in
652 2720 763 2782 Chron.
798 2720 830 2782 P.
860 2720 896 2782 11.
933 2720 991 2781 Tit.
1019 2717 1068 2786 16.
1093 2716 1203 2786 113.
1233 2719 1315 2793 dicit,

139 2823 320 2905 quodgens
341 2822 510 2884 Turcorum
539 2826 574 2885 ab
603 2826 688 2885 initio
710 2825 965 2903 septemtrionalis
989 2826 1058 2898 1111,
1088 2825 1179 2888 Turci
1203 2826 1276 2887 dicti
1299 2841 1316 2888 a

140 2927 272 3010 quodam
288 2925 372 2997 ‚duce
395 2929 548 2989 nominato
568 2926 683 3001 Turco,
708 2932 759 3008 qui
775 2929 844 3008 post
860 2929 1011 3008 trojanum
1027 2929 1177 2991 excidium
1201 2930 1238 2991 ad
1260 2930 1316 3010 hy·

139 3031 304 3113 perboreas
327 3033 466 3110 regiones
490 3050 524 3095 se
548 3034 780 3105 transtulerunt,
804 3034 855 3094 ubi
878 3052 1029 3096 armorum
1052 3033 1158 3095 relicto
1174 3053 1231 3096 111
1248 3051 1316 3112 gre·

141 3136 230 3216 gibus
250 3141 282 3196 et
305 3137 447 3196 armentis
470 3154 594 3215 operam
616 3135 741 3209 dabant;
775 3144 936 3216 propterea
959 3156 1018 3200 una
1041 3156 1109 3217 pars
1132 3154 1239 3217 magna
1262 3156 1317 3217 po·

140 3239 417 3329 puli'sequcstrata
439 3241 469 3300 in
485 3239 641 3301 Persidem
665 3241 800 3314 devenit,
823 3249 855 3303 11
877 3241 978 3304 multis
1000 3244 1086 3303 annis
1108 3243 1150 3303 ibi
1165 3249 1198 3305 ut
1214 3241 1318 3301 miseri

140 3344 278 3421 hospites
302 3341 448 3421 degentes
470 3343 595 3407 tandem
618 3345 808 3424 multiplicati
826 3341 880 3425 (11)
904 3346 995 3406 robur
1017 3349 1257 3424 acquisiverunt,
1286 3345 1318 3405 iu

140 3453 274 3519 tantum,
307 3452 341 3506 ut
362 3444 462 3507 Persis
495 3450 628 3526 suspicio
651 3449 752 3520 lieret,
785 3465 823 3508 ne
846 3446 987 3508 fortiores
1017 3450 1062 3508 eis
1085 3455 1202 3518 essent,
1237 3445 1318 3509 undo

143 3551 226 3611 sicut
246 3547 388 3627 Aegyptii
409 3549 486 3610 filios
510 3549 602 3612 lsrael
618 3551 777 3629 gravabant
801 3551 960 3621 oneribus,
980 3569 1020 3612 ne
1037 3560 1211 3614 crescerent
1227 3567 1320 3629 super

142 3671 213 3726 111,
236 3654 282 3714 sic
303 3651 413 3713 Persae
438 3655 539 3713 multis
563 3654 660 3714 modis
678 3653 795 3715 Turcos
818 3653 886 3714 illos
910 3654 1097 3727 afflixerunt,
1120 3655 1243 3717 tandem
1266 3672 1319 3718 au·

142 3763 206 3818 tem
229 3762 298 3835 post
320 3755 414 3815 multa
438 3753 578 3836 (proelis)
607 3756 645 3819 de
678 3765 758 3820 terra
788 3775 892 3818 eorum
922 3760 1004 3819 exire
1035 3761 1200 3837 coegerunt
1230 3776 1320 3840 supra

143 3857 269 3920 fluvium
293 3857 427 3930 Chobar,
462 3860 515 3937 qui
547 3857 620 3919 dum
649 3861 679 3920 in
710 3863 823 3938 campis
847 3864 1050 3925 consisterent
1071 3865 1231 3941 ingentem
1253 3881 1319 3924 cer·

142 3967 252 4023 nentes
280 3979 368 4022 suam
391 3961 616 4023 multitudinem
641 3963 751 4040 puerili
774 3971 855 4025 sorte
879 3982 983 4043 regem
1005 3967 1085 4026 inter
1107 3983 1141 4026 se
1165 3966 1322 4044 elegerunt

144 4081 223 4127 anno
244 4063 367 4126 Domini
389 4064 611 4143 nongintesimo
644 4064 694 4126 vel
716 4066 813 4141 circa,
845 4085 915 4129 cum
937 4069 998 4129 iam
1018 4066 1205 4131 Machometi
1225 4086 1321 4150 nego·

143 4169 223 4231 tium
244 4172 389 4231 curreret.
419 4167 485 4232 ltex
505 4172 608 4232 autem
629 4165 727 4232 111111
749 4171 853 4234 statim
873 4170 1020 4252 populum
1033 4178 1180 4235 cunctum
1203 4171 1323 4237 reduxit
