2874 4770
687 164 752 237 307

130 348 286 410 laborabat
308 342 483 416 Thessalia,
516 345 628 405 exitum
661 345 855 424 praebuisse;
887 361 956 405 nam
985 346 1016 406 hi
1048 344 1107 407 duo
1139 348 1312 407 montesio

134 451 249 514 duabus
272 451 323 512 siti
354 455 425 510 sunt
448 449 638 527 regionibus,
670 468 744 528 quas
778 449 933 528 distinguit
955 448 1064 511 Pineus
1089 449 1207 512 fluvius.
1253 450 1312 512 llic

134 554 243 617 fluvius
260 572 330 615 curn
345 553 497 614 montibus
513 554 542 612 in
560 560 717 630 poctarum
732 552 839 613 fabulis
856 555 990 614 crebrius
1006 554 1178 614 recitantur.
1207 552 1310 633 Aquas

136 658 226 718 habet
248 658 446 727 clarissimas,
470 656 501 715 in
516 655 581 731 ejus
599 662 700 716 autern
715 673 861 735 processu
879 676 895 717 e
912 675 1039 719 caverna
1055 659 1185 737 erumpit
1200 656 1309 729 Orcau‚

133 762 315 842 turpissimis
337 757 425 821 undis
449 775 482 818 se
505 759 534 818 ei
556 759 729 820 immiscere
753 766 894 831 conatur,
931 778 1022 839 quem
1045 759 1163 821 Peneus
1185 762 1313 838 spernit,

132 883 189 927 nec
211 866 283 925 sluit
306 864 369 924 suis
391 863 477 941 aquis
501 865 640 935 misceri,
673 865 745 943 quin
772 865 835 924 imo
859 863 990 943 desuper
1017 864 1095 937 lert,
1125 883 1184 926 nou
1215 865 1310 937 aliter,

132 973 270 1050 quamsi
293 973 377 1030 esset
399 967 515 1040 oleum,
538 984 597 1028 nec
620 968 713 1028 etiam
736 967 794 1028 hoc
816 967 906 1028 modo
930 967 980 1028 diu
1003 969 1128 1046 patitur,
1161 966 1217 1053 sed
1240 987 1310 1030 euru

132 1091 205 1135 ase
235 1072 362 1134 abdicat.
407 1067 502 1148 Ajuut
530 1072 628 1142 enirn,
665 1069 817 1131 Oroanum
841 1089 877 1132 er
900 1071 1067 1132 inferorum
1089 1070 1159 1132 Dite
1190 1073 1306 1150 genitas

130 1177 262 1239 habuere
277 1175 388 1248 undas,
413 1181 443 1236 et
456 1175 539 1236 idem
553 1174 671 1236 flumini
685 1193 796 1237 nomeu
812 1178 988 1256 impositum
1006 1177 1189 1237 conveniens
1205 1174 1309 1248 undis;

129 1295 201 1343 nam
217 1279 314 1342 Orcus
336 1281 417 1342 idem
441 1286 489 1341 est
512 1281 592 1359 quod
615 1281 764 1353 internus,
790 1288 819 1343 et
835 1281 939 1342 Disset
954 1281 1054 1343 ferrea
1070 1279 1178 1340 interni
1195 1281 1309 1351 civitas,

132 1385 170 1447 de
194 1401 252 1464 qua
276 1387 368 1446 etiam
391 1373 457 1447 dixi*
473 1402 564 1463 supra
586 1385 649 1446 Fol.
676 1382 747 1448 114.

217 1490 275 1552 Hic
290 1489 399 1552 lluvius
414 1490 579 1552 decurrens
602 1508 658 1570 per
679 1509 840 1551 nemorosa
856 1489 999 1552 convallia
1016 1488 1188 1568 quingentis
1205 1486 1309 1549 stadiis

131 1596 247 1672 navigia
270 1594 382 1668 defert,
406 1601 437 1655 et
454 1594 527 1676 juga
550 1598 712 1667 montium,
738 1597 929 1658 condensitas
954 1602 985 1656 et
1008 1594 1134 1655 altitudo
1159 1594 1308 1663 arborum,

133 1704 164 1759 et
186 1706 328 1762 venustas
351 1702 534 1778 graminum,
559 1707 664 1762 cantus
689 1703 802 1772 avium,
825 1700 1012 1761 sonorositas
1035 1715 1180 1776 aquarum
1204 1695 1307 1755 delec-

130 1800 256 1864 tabilem
277 1803 376 1867 reddit
397 1802 464 1882 ejus
486 1798 716 1884 navigationem,
741 1812 773 1866 et
795 1804 918 1866 tandem
939 1806 969 1865 in
992 1805 1092 1865 sinum
1115 1801 1308 1861 Termaicum

132 1902 243 1967 influit.

217 2010 339 2074 lordaoi
357 2013 476 2075 videtur
498 2015 574 2075 mihi
596 2014 645 2076 hio
668 2011 777 2076 ssuvius
792 2014 917 2085 similis,
942 2013 1008 2091 qui,
1031 2017 1063 2072 ut
1087 2011 1179 2089 aliqui
1195 2008 1306 2079 dicunt,

130 2116 310 2195 dedignatur
325 2119 447 2178 misceri
463 2118 551 2179 undis
566 2121 657 2180 maris
673 2119 794 2190 mortui,
818 2117 874 2179 sed
896 2119 1007 2188 statim,
1030 2122 1062 2176 ut
1077 2115 1197 2177 intravit
1214 2127 1306 2181 mare,

128 2222 247 2283 reexilit
269 2223 305 2283 ab
329 2223 386 2285 alia
408 2230 494 2302 parte
517 2226 612 2285 stibi
635 2243 651 2286 a
674 2231 753 2286 terra
777 2224 962 2286 absorbetur.

218 2324 364 2406 Olympus
395 2346 482 2388 mous
511 2328 587 2389 adeo
611 2331 755 2390 verticem
778 2331 809 2390 iu
828 2328 960 2391 ,coelum
983 2327 1113 2399 extollit,
1147 2331 1181 2386 ut
1210 2324 1306 2385 nubes

131 2439 308 2510 argumento
332 2434 531 2510 cognoscatur
554 2432 720 2506 excedere3
741 2450 824 2493 nam
847 2434 949 2493 cinere
970 2416 1132 2498 sacrarum,
1153 2429 1305 2489 characte-

130 2534 212 2595 ribus
235 2534 401 2595 litterarum
423 2537 540 2614 signato
564 2543 784 2598 consueverant
808 2536 1011 2598 sacrificantes
1035 2536 1198 2596 abscedere
1222 2540 1253 2592 et
1274 2533 1306 2592 in

130 2641 270 2717 sequenti
294 2653 370 2699 anuo
400 2638 572 2715 redeuntes,
597 2645 640 2704 uti
661 2643 819 2721 liquerant,
843 2644 993 2722 signatum
1016 2641 1216 2704 inveniebant.
1262 2637 1304 2697 Er

130 2761 189 2822 quo
213 2751 353 2825 apparet,
376 2764 435 2808 uec
457 2747 497 2808 ibi
520 2754 628 2809 ventos
655 2747 761 2809 eillare
791 2766 848 2808 uec
872 2765 942 2810 ares
965 2748 1084 2818 volare,
1107 2763 1166 2806 nec
1188 2742 1302 2823 pluvias

129 2849 255 2922 cadere,
279 2857 330 2911 aut
353 2850 440 2912 aliam
464 2853 577 2914 nullam
600 2853 810 2914 alterationem
833 2854 982 2925 caussari,
1007 2851 1212 2931 quinimmo,
1235 2849 1304 2926 quia

127 2953 341 3016 subtilissimus
366 2959 407 3018 sit
429 2976 495 3031 aer,
528 2964 599 3021 suut
621 2961 671 3038 qui
695 2959 812 3031 dicunt,
848 2960 953 3027 solitos
977 2977 1045 3019 cum
1070 2958 1204 3037 spongiis
1228 2974 1303 3034 aqua

127 3056 224 3136 plenis
263 3064 293 3120 et
330 3060 467 3151 olfactui¹
491 3064 635 3144 appositis
673 3061 875 3136 adscendere,
912 3072 945 3125 ut
976 3064 1080 3125 adrem
1119 3061 1302 3123 attraherent

127 3177 318 3230 crassiorem.
533 3177 537 3183 ·

214 3264 329 3327 Dicitur
358 3275 460 3330 autem
485 3269 647 3351 Olympus,
681 3274 767 3350 quasi
791 3272 982 3351 Ololampas,
1015 3271 1046 3332 id
1077 3277 1139 3342 est,
1174 3269 1302 3343 coelum,

128 3368 209 3447 quod
231 3368 327 3451 (179
344 3370 387 3452 a)
411 3375 531 3436 coelum
555 3376 664 3438 dicitur
686 3379 730 3438 sic
761 3396 870 3458 saepe;
903 3380 933 3438 in
966 3377 1064 3438 oiticio
1093 3376 1302 3436 ecclesiastico

126 3473 261 3532 cauimus
296 3472 460 3556 Olympum
490 3497 545 3558 pro
576 3472 673 3540 coelo,
717 3478 751 3540 ln
784 3481 842 3541 hoc
870 3487 974 3541 monle
997 3478 1115 3558 Jupiter
1143 3481 1303 3540 maximam

125 3572 245 3654 partem
276 3578 355 3640 vitae
386 3581 517 3655 colebat,
553 3590 582 3645 et
605 3603 643 3647 eo
666 3586 704 3647 ad
727 3604 798 3647 eum
821 3587 980 3648 veniebant
1009 3601 1115 3646 causas
1138 3585 1301 3645 contrarias

125 3681 271 3744 habentes
293 3683 341 3744 vel
364 3685 475 3766 aliquid
501 3691 570 3752 novi
595 3690 787 3763 deferentes,
812 3676 843 3752 et
866 3690 956 3751 deum
981 3691 1059 3751 coeli
1083 3708 1117 3750 se
1134 3706 1202 3749 esse
1219 3688 1301 3750 credi

124 3784 228 3848 voluit.
274 3787 384 3851 Contra
409 3789 551 3871 Gigantes
583 3801 770 3874 pugnaturus
800 3796 957 3874 augurium
988 3795 1105 3873 aquilae
1139 3796 1236 3874 primo
1260 3794 1301 3853 ibi

125 3890 243 3964 habuit,
272 3892 353 3961 unde
384 3897 514 3974 aquilam
544 3899 574 3958 iu
607 3901 670 3960 suis
692 3899 809 3961 vexillis
843 3906 873 3960 et
897 3899 1002 3978 clipeis
1029 3907 1061 3961 et
1082 3901 1203 3961 narium
1226 3898 1301 3960 velis

125 4013 179 4073 pro
202 3999 288 4076 signo
310 3997 423 4060 habuit.
453 3999 491 4060 Et
511 3999 602 4078 longe
623 4008 692 4079 post
716 4020 785 4063 eum
801 4000 972 4064 Alexander
985 4000 1129 4081 Magnus,
1153 4025 1205 4067 rer
1220 4007 1300 4069 illius

125 4101 273 4178 regionis,
296 4099 378 4164 idem
402 4105 521 4182 signum
544 4104 664 4179 habuit,
687 4107 718 4167 in
742 4124 801 4185 quo
817 4108 962 4169 mundum
977 4111 1091 4181 stravit,
1115 4111 1185 4189 qula
1208 4111 1299 4191 aesti-

126 4200 226 4266 mabat
246 4221 282 4267 oo
303 4205 397 4270 lilium
419 4205 511 4282 loris,
535 4225 627 4287 quem
649 4212 680 4272 in
702 4213 806 4291 specio
822 4212 960 4274 draconis
983 4230 1053 4273 cum
1076 4220 1172 4274 matre
1196 4213 1299 4291 Olym-

1027 4325 1088 4381 20*
