2902 4710
720 146 787 219 360

164 337 273 406 lensio,
298 339 329 396 et
351 333 452 394 omnia
474 334 545 392 sunt
566 329 607 391 ibi
629 330 661 389 in
682 327 763 389 bono
777 327 864 397 loro,
887 325 1000 387 mnam
1015 329 1136 403 portum
1152 327 1184 385 et
1199 335 1342 401 capacem

164 440 277 502 habens
310 435 471 497 multarum
497 429 553 514 (1))
586 433 763 493 triremium.
809 429 843 491 ln
873 428 1001 490 Cursula
1031 427 1161 490 vidimus
1194 424 1344 504 quoddam

165 550 297 604 castrum
320 543 351 601 in
374 544 496 610 monte,
528 535 610 616 quod
633 543 680 597 est
700 535 890 616 ,principium
920 533 1007 611 regni
1029 531 1208 610 ilungarici,
1243 534 1345 591 otest

164 649 254 725 regis.
300 644 341 704 Ex
365 643 505 721 opposito
528 638 673 701 Cursulae
696 640 726 699 in
750 639 808 699 alio
836 638 931 699 latere
954 636 1081 708 canalis,
1104 628 1342 696 esttotiusllal-

164 753 274 813 matiae
297 755 401 829 caput,
424 746 606 827 llagusinm,
630 746 735 806 civitas
758 744 897 824 pnlcbra,
930 745 961 804 in
984 758 1042 821 qua
1065 740 1280 817 alio-tempore
1303 732 1344 796 ad

163 863 284 934 tempus
308 853 408 933 degui.
452 850 536 915 llaec
559 849 618 911 alio
640 850 761 909 nomine
797 848 907 910 dicitnr
928 846 1126 925 Epidaurum
1160 861 1222 904 non
1247 837 1342 901 credo

164 966 266 1020 tamen
287 959 385 1036 ipsam
406 957 487 1018 illam
510 952 693 1033 Epidaurum
716 969 805 1024 esse,
827 953 859 1013 in
883 970 941 1029 qua
956 949 1172 1028 Aesculapius,
1194 943 1342 1023 Apollinis

163 1062 258 1133 illius,
293 1060 396 1141 deguit
426 1067 457 1122 et
479 1067 549 1140 post
571 1067 700 1121 mortem
723 1059 870 1139 templum
893 1058 1010 1130 babuit,
1040 1055 1126 1135 cujus
1150 1050 1344 1114 simulacrum

162 1164 313 1225 informa
347 1166 497 1243 serpentis
531 1163 694 1225 colebatur.
740 1160 843 1235 Unde,
877 1180 947 1224 eum
970 1160 1098 1221 Romani
1129 1158 1224 1218 tribus
1253 1152 1342 1215 annis

163 1273 251 1349 peste
274 1269 355 1347 gravi
377 1276 574 1341 vexarentur,
605 1269 750 1347 inspectis
773 1267 927 1345 Sibyllinis
950 1265 1032 1326 libn's
1052 1262 1226 1341 Aesculapii
1246 1259 1342 1319 simu·

164 1372 279 1433 lacrum
302 1370 437 1432 tulerunt
465 1378 495 1432 et
517 1373 611 1434 veluti
646 1371 737 1434 fatale
760 1370 927 1432 remedium
950 1374 1055 1430 contra
1077 1373 1197 1445 pestem
1215 1365 1342 1425 Romam

164 1473 312 1535 duxerunt
336 1480 366 1535 ct
389 1475 616 1537 convaluerunt.
662 1476 748 1537 Hanc
769 1474 953 1553 Epidaurum
969 1472 1109 1550 superius
1124 1465 1342 1547 Dyrrhachium

165 1580 315 1639 nominavi
338 1577 401 1640 Fol.
422 1573 503 1650 185,
534 1580 565 1638 in
589 1597 648 1658 qua
666 1579 880 1640 Constantinus
903 1578 1004 1657 coepit
1019 1571 1177 1636 aediacare
1193 1571 1341 1633 Constan-

164 1681 333 1760 tinopolim.
379 1681 424 1744 Ab
448 1700 483 1743 ea
508 1683 629 1743 civitate
651 1682 767 1761 Epytus
792 1684 875 1760 regio
897 1697 1009 1742 nomen
1032 1680 1165 1758 accepit,
1199 1682 1231 1738 et
1249 1675 1281 1735 in
1305 1691 1344 1735 ea

164 1785 196 1846 S.
220 1786 354 1848 llilarion
371 1804 470 1860 mare,
495 1787 576 1867 quod
599 1794 702 1849 contra
720 1789 872 1848 civitatem
890 1785 1078 1856 elevabatur,
1101 1781 1239 1862 opposito
1254 1780 1342 1859 signo

166 1891 264 1949 crucis
288 1896 368 1951 stare
391 1889 478 1962 iecit,
502 1892 581 1951 sicut
602 1891 713 1969 legitur
734 1893 765 1951 in
780 1893 849 1953 vitis
864 1896 999 1971 patrum,
1022 1895 1053 1950 ct
1074 1890 1107 1948 in
1129 1903 1164 1947 ea
1180 1886 1343 1948 draconem

161 1993 336 2053 immanem*
356 1996 577 2065 concremavit,
613 2000 646 2055 ut
675 1992 748 2055 dicit
769 1993 973 2073 Hieronymus
1004 1994 1036 2054 in
1059 1990 1126 2068 ejus
1148 1992 1209 2052 rita
1231 1988 1263 2050 0.
1287 1984 1341 2055 33.

163 2092 216 2154 llla
240 2112 311 2175 crgo
327 2095 494 2175 Epidaurus
519 2099 618 2159 estin
634 2098 733 2177 Epyro
757 2105 788 2160 et
803 2097 913 2160 dicitur
928 2096 1162 2178 Dyrrhachium
1186 2097 1244 2155 ista
1266 2109 1342 2155 rero

163 2203 210 2258 est
232 2199 262 2259 in
286 2200 434 2261 Dalmatia
457 2208 488 2262 et
510 2200 620 2263 dicitur
641 2201 808 2281 Epidaurus
832 2208 863 2264 et
885 2201 1061 2282 linguatum.
1176 2276 1179 2281 Ι

249 2303 303 2364 Est
326 2309 427 2364 autem
450 2304 614 2385 llagusium
639 2307 743 2368 civitas
767 2309 881 2369 munita
903 2305 990 2368 valde
1021 2311 1053 2367 et
1074 2305 1183 2384 partim
1212 2303 1244 2362 in
1265 2302 1344 2363 meri

161 2404 296 2468 lundata.
342 2405 422 2470 Muri
456 2409 522 2488 ejus
553 2413 644 2490 spissi
675 2429 767 2490 supra
800 2428 993 2472 communem
1024 2407 1148 2469 modum
1179 2413 1212 2467 et
1240 2411 1342 2467 turres

161 2508 361 2582 fortissimae,
387 2515 549 2574 constituta
572 2516 651 2574 inter
673 2514 749 2575 duos
773 2514 848 2575 altos
864 2520 1000 2585 montes,
1024 2512 1177 2591 inquibus
1199 2507 1343 2571 fortalitia

84 2690 88 2703 Ι
163 2621 194 2674 et
217 2632 301 2675 arces
325 2620 394 2676 sunt
417 2617 453 2677 ad
469 2618 706 2696 protegendum
731 2619 825 2680 absa
848 2625 942 2697 parte,
965 2617 1017 2678 ubi
1031 2635 1093 2677 non
1107 2621 1155 2676 est
1169 2629 1263 2684 mare,
1286 2630 1344 2691 per

163 2716 327 2778 incisiones
350 2725 504 2797 petrarum
528 2727 598 2781 sunt
620 2720 853 2801 profundissima
878 2721 991 2782 fossata
1012 2720 1101 2782 iacta.
1135 2717 1250 2779 Domus
1274 2714 1344 2793 ejus

163 2828 233 2879 sunt
255 2829 289 2881 ut
311 2823 473 2901 plurimum
497 2824 593 2903 polito
615 2842 765 2885 marmore
789 2826 855 2886 albo
879 2827 1023 2896 vestitae,
1048 2830 1120 2885 sunt
1142 2823 1223 2883 enirn
1247 2838 1344 2903 prope

162 2922 192 2980 in
215 2921 345 3000 Ungaria
368 2932 487 2986 montes
511 2930 690 3000 marmorei,
724 2927 762 2989 de
786 2930 893 3007 quibus
922 2930 1032 2991 tollunt
1055 2945 1101 2989 ea.
1146 2927 1244 2989 Habet
1265 2927 1344 2989 haec

162 3023 233 3084 urbs
257 3026 373 3086 navalia
395 3035 427 3089 et
449 3029 597 3107 optimum
621 3038 741 3110 portum
766 3040 875 3094 catena
906 3033 1052 3095 clausum.
1096 3031 1195 3094 llobet
1221 3037 1254 3092 et
1276 3049 1344 3096 mo·

163 3127 316 3199 renarras,
349 3134 411 3189 tam
444 3130 481 3190 ad
511 3138 636 3192 ventum
670 3150 759 3211 quam
783 3135 821 3196 ad
844 3153 969 3213 aquam,
1001 3153 1080 3214 quac
1102 3134 1141 3197 dc
1163 3136 1343 3215 praecipitio

161 3230 268 3292 labitur
301 3239 331 3293 et
360 3240 440 3295 rotas
473 3234 611 3314 impellit.
667 3235 756 3297 Cives
789 3237 870 3299 illins
904 3239 985 3300 urbis
1014 3245 1154 3302 caeteros
1187 3237 1343 3302 Dalmatas

162 3344 304 3414 superant
327 3339 447 3417 opibus,
482 3340 532 3417 qui
558 3357 626 3400 cum
650 3339 735 3401 liberi
758 3341 875 3420 legibus
899 3344 1094 3422 moribusque
1118 3344 1257 3404 instructi
1280 3342 1343 3404 Ve-

161 3447 301 3501 netorum
325 3459 411 3503 more
434 3449 573 3505 senatum
602 3450 633 3504 et
657 3447 883 3524 magistratum,
919 3454 950 3508 et
978 3449 1172 3526 patriciorum
1203 3445 1343 3526 regulam

160 3543 271 3604 habent
294 3547 414 3624 aplebe
432 3546 616 3619 distinctum,
644 3556 674 3609 et
691 3551 802 3627 patritii
818 3551 874 3611 soli
891 3550 1108 3630 rempublicam
1123 3550 1344 3623 administrant,

161 3642 245 3722 plebs
269 3666 340 3708 vero
363 3652 426 3710 suis
450 3652 540 3712 rebus
563 3650 680 3724 studet,
705 3653 744 3714 de
767 3655 896 3733 publicis
919 3656 1044 3716 minime
1068 3657 1186 3716 curiosa
1209 3661 1271 3725 est,
1303 3655 1344 3719 ad

161 3750 356 3811 mercandum
372 3770 447 3831 pace
463 3757 603 3815 omnibus
619 3760 704 3834 quasi
720 3759 871 3830 serviunt,
891 3776 961 3819 nam
977 3760 1041 3839 regi
1054 3760 1232 3838 ilungariae,
1248 3774 1344 3836 quern

163 3849 317 3912 dominum
341 3871 429 3916 suum
453 3874 522 3918 esse
546 3868 729 3936 agnoscunt,
759 3863 885 3924 multum
910 3880 1015 3925 aurum
1039 3865 1174 3927 tribuunt
1196 3870 1227 3925 et
1249 3863 1343 3926 liber·

161 3961 254 4015 tatem
286 3957 321 4016 ab
354 3976 390 4019 ec
427 3967 547 4032 emunt;
577 3960 745 4024 Turcorum
778 3968 952 4046 imperatori
984 3971 1138 4031 aunuatim
1160 3967 1214 4030 xv
1245 3966 1344 4031 millia

160 4056 348 4121 ducatorum.
394 4061 510 4142 Regem
544 4065 664 4126 Siciliae
692 4072 867 4132 muneribus
896 4072 1015 4150 placant
1047 4080 1079 4134 et
1107 4074 1254 4146 Venetos,
1287 4076 1344 4153 qni

162 4160 317 4239 quondam
339 4183 391 4226 ser
407 4170 493 4229 annis
507 4185 575 4230 earn
597 4170 782 4235 obsederunt
807 4177 960 4239 civitatem
982 4185 1014 4240 et
1030 4184 1099 4241 ante
1114 4178 1220 4241 orbem
1235 4192 1343 4267 arcem
