2874 4770
635 212 639 228 “
690 252 741 322 ss

126 426 289 490 evanescit.
320 425 431 488 Dicunt
445 432 561 503 autem,
586 429 749 507 antiquitus
766 429 808 490 ibi
831 430 925 491 tuisse
940 432 1095 510 gigantum
1110 438 1306 510 tyrannorum

126 530 342 592 habitationem
382 549 497 610 epsque
537 531 634 593 adhuc
667 533 748 592 intus
781 550 865 605 esse,
899 535 955 595 sub
989 553 1049 612 quo
1082 540 1184 595 autem
1214 534 1305 596 modo

69 655 72 659 ’
128 632 266 704 essendi,
289 635 439 709 nescitur,
471 651 528 694 nec
551 633 688 695 dubitant
709 633 866 714 Aegyptii,
898 638 970 715 quin
1004 639 1144 699 immensi
1171 639 1305 699 thesauri

127 739 187 798 sint
210 755 280 796 oum
303 739 348 796 eis
370 737 533 808 reconditi3
559 736 638 797 unde
654 736 804 797 Soldanus
825 737 985 817 diligenter
999 740 1071 801 iacit
1086 742 1187 802 locum
1202 747 1303 802 custo·

127 839 197 912 diri,
221 857 260 900 ne
284 841 351 918 quis
366 840 481 900 alienus
497 839 535 900 ad
550 847 667 918 portam
693 840 858 920 praefatam
880 842 1067 914 admittatur,
1089 862 1129 904 ne
1144 846 1305 922 contingat,

126 948 222 1003 artem
246 949 309 1003 arte
324 939 448 1024 deludi,
472 950 503 1003 et
526 942 668 1021 Satapam
693 943 804 1005 Satana
828 945 950 1024 repelli,
980 949 1059 1014 sieut
1080 965 1307 1025 nonnumquam
1415 1033 1424 1038 .

125 1046 305 1107 maleficium
329 1045 476 1107 maleficio
500 1053 622 1106 curatur
655 1037 701 1106 et'
719 1049 882 1107 incantatio
906 1051 1109 1110 incantatione
1133 1049 1303 1128 depellitur.

125 1147 226 1209 Timet
250 1151 344 1219 enirn,
368 1166 403 1209 ex
427 1166 487 1226 qno
510 1150 557 1209 sui
582 1141 708 1210 malefici
726 1150 832 1210 harioli
855 1157 885 1210 et
901 1153 1106 1212 incantatores
1132 1158 1163 1211 et
1189 1152 1305 1212 mathe-

126 1254 228 1314 matici
250 1252 324 1312 niihil
347 1258 475 1331 possunt
498 1270 603 1330 agere,
635 1253 716 1331 quod
745 1254 862 1314 alienus
894 1255 1033 1317 adveniat
1061 1257 1213 1333 potentior
1242 1257 1305 1316 suis

127 1361 158 1417 et
179 1355 294 1417 auferat
317 1373 408 1434 quem
424 1357 593 1434 suspicatur
613 1357 653 1417 ibi
683 1357 778 1417 latere
802 1358 987 1418 thesaurum.
1033 1357 1115 1418 llaec
1138 1357 1307 1417 retulerunt

126 1462 212 1521 nobis
235 1436 397 1521 Mamaluci
420 1460 491 1520 duct
479 1466 562 1520 tores
585 1462 679 1521 nostri
702 1469 733 1521 et
747 1459 888 1540 Aegyptii
901 1460 986 1538 juxta
1001 1442 1102 1521 locum
1117 1460 1304 1532 habitantes;

127 1566 152 1624 si
180 1580 252 1636 vera
281 1565 356 1634 sint,
390 1565 509 1634 nescio,
541 1566 599 1624 hoc
623 1570 725 1624 autem
748 1564 821 1644 (93
837 1562 881 1643 a)
914 1583 968 1644 pro
995 1571 1079 1624 certo
1109 1566 1188 1634 scio,
1224 1563 1305 1641 quod

127 1666 296 1727 Orientales
318 1667 441 1738 omnes,
464 1673 526 1727 tarn
548 1662 708 1727 Christiani
731 1685 821 1745 quam
845 1670 968 1746 pagani,
993 1670 1068 1728 miro
1093 1667 1183 1728 modo
1207 1674 1304 1728 atten-

127 1769 202 1830 dunt
223 1770 426 1859 'phantasticis
440 1811 442 1814 >
456 1770 546 1832 rebus
576 1777 606 1830 et
633 1769 792 1832 intendunt
815 1773 1084 1842 incantationibus,
1117 1773 1249 1849 auguriis
1273 1777 1305 1831 et

126 1872 175 1933 lab
246 1892 253 1943 ;
278 1873 348 1933 ideo
372 1892 433 1933 non
455 1890 594 1951 magnam
615 1873 706 1934 fidem
731 1873 866 1945 adhibui,
889 1875 970 1937 volui
993 1882 1094 1935 tamen
1118 1892 1153 1934 ea
1175 1876 1304 1935 recitare

126 1993 181 2055 pro
205 1975 312 2038 solado
345 1976 471 2036 fratrum
502 1995 655 2047 meomm,
688 1983 719 2037 et
742 1984 775 2038 ut
799 1980 843 2038 eis
863 1977 1031 2055 jucundum
1054 1970 1149 2038 risum
1170 1977 1304 2038 facerem

127 2064 164 2139 eir
186 2080 452 2158 superstitionibus
473 2079 654 2152 infidelium3
687 2098 744 2141 neo
767 2088 870 2142 tamen
892 2080 968 2141 adeo
991 2081 1088 2141 aliena
1111 2087 1195 2151 sunt,
1225 2097 1303 2158 quae

125 2182 206 2244 dicta
229 2189 371 2275 suntffi'ut
394 2182 503 2243 similia
525 2201 585 2248 uon
609 2185 797 2261 reperiantur
821 2185 913 2243 etiam
935 2186 971 2244 ab
995 2184 1175 2244 authenticis
1198 2183 1303 2244 docto·

124 2286 206 2346 ribus
239 2288 419 2363 conscripta.
471 2285 572 2346 Primo
608 2287 690 2345 enim
719 2286 757 2346 de
791 2292 923 2346 tremore
959 2287 1168 2346 columnarum
1201 2285 1304 2345 scribit

126 2388 265 2473 dominus
287 2387 452 2458 amonius,
477 2388 558 2466 quod
581 2394 719 2465 tempore
742 2386 838 2448 Marci
858 2386 980 2449 Antonii
1003 2387 1198 2448 simulacrum
1222 2403 1301 2446 mar·

127 2482 265 2550 moieuin
285 2491 436 2550 tremebat
458 2498 489 2550 et
518 2490 707 2562 movebatur,
739 2497 771 2550 et
799 2496 897 2550 statua
918 2491 1059 2551 Herculis
1089 2488 1171 2550 flevit
1201 2488 1303 2550 multis

128 2592 243 2653 diebus.
289 2575 446 2664 Secundo,
476 2612 536 2654 non
569 2595 691 2653 omnino
722 2592 823 2653 fictum
857 2598 903 2652 est
937 2592 1031 2652 luisse
1053 2595 1189 2671 gigantes
1212 2610 1304 2671 super

126 2701 237 2756 terram
268 2703 299 2757 et
330 2696 467 2756 homines
490 2696 586 2756 forma
609 2713 664 2756 seu
687 2702 801 2757 statura
823 2696 901 2756 ultra
923 2695 1047 2756 modum
1072 2702 1190 2756 ceteros
1214 2712 1302 2755 exce·

126 2799 249 2873 dentes,
273 2805 366 2861 immo
395 2806 512 2861 constat
536 2819 605 2861 esse
628 2802 819 2861 verissimum
843 2818 878 2860 ex
901 2816 986 2860 sacra
1010 2801 1117 2878 pagiua
1141 2801 1171 2859 in
1202 2797 1303 2858 multis

126 2902 267 2988 locist
236 2911 267 2965 et
289 2906 453 2984 praecipue
476 2911 752 2965 commemorantur
774 2903 866 2964 fuisse
890 2909 992 2982 gigan
994 2920 1027 2962 es
1049 2920 1080 2962 1n
1094 2901 1247 2983 Aegypto
1273 2907 1304 2961 et

125 3011 244 3087 tyranni
268 3009 409 3089 Aegyptii
440 3010 577 3127 luerppt,
611 3011 661 3087 qui
691 3017 754 3069 tum
777 3007 815 3068 de
835 3008 989 3069 llebron
981 3026 1012 3068 m
1036 3006 1208 3086 Aegyptum
1233 3004 1302 3065 des·

127 3111 308 3184 cendemnt,
346 3121 380 3174 ut
416 3116 516 3190 patet
516 3114 627 3192 '’s'upm.
674 3112 710 3172 Et
748 3111 786 3172 de
824 3109 954 3190 Aegypti
988 3110 1157 3190 gigantibus
1191 3114 1302 3188 poetae

126 3215 220 3275 multa
242 3215 416 3294 loquuntur
463 3213 551 3278 Unde’
580 3217 670 3277 Dent.
697 3215 854 3276 lll.et1n
884 3213 985 3275 multis
1014 3214 1092 3274 locis
1121 3215 1235 3273 mentio
1270 3211 1303 3272 tlt

126 3318 163 3378 de
197 3320 374 3397 gigantibus.
427 3319 512 3392 Quae
546 3327 648 3382 autem
682 3320 824 3380 habitatio
858 3336 964 3380 eorum
996 3315 1051 3379 sub
1085 3325 1165 3377 terra
1200 3316 1301 3386 fuerit,

124 3428 208 3500 patet
239 3441 294 3502 per
324 3405 511 3496 historiam,
531 3441 629 3502 quam
657 3425 766 3484 recitat
797 3421 888 3482 Bocc.
920 3420 954 3481 L.
979 3421 1014 3482 V.
1047 3420 1079 3480 C.
1104 3415 1156 3482 68.
1202 3419 1301 3496 Siqui-

126 3523 196 3585 dem
218 3527 249 3586 in
273 3526 375 3588 Sicilia
397 3528 476 3608 apud
498 3525 676 3607 Trepanum'
696 3526 854 3604 oppidum,
879 3543 949 3586 cum
973 3541 1070 3603 nuper
1096 3525 1127 3583 in
1151 3520 1301 3584 radicibus

127 3631 253 3702 montis,
277 3634 329 3710 qui
346 3629 582 3713 'superimminet
601 3631 756 3709 Trepano‚
781 3648 840 3690 non
856 3630 945 3707 longe
961 3629 995 3688 ab
1011 3625 1122 3706 oppido
1146 3630 1301 3704 aggrestes

127 3731 165 3792 ad
188 3735 419 3797 construendam
435 3735 618 3817 pastoralem
632 3735 757 3795 domum
770 3731 965 3793 fundamenta
986 3729 1141 3801 foderent,
1166 3729 1303 3809 apparuit

127 3854 273 3899 cavernae
296 3838 453 3915 cujusdam
467 3840 624 3907 introitus,
648 3817 739 3915 quern
763 3854 832 3896 cum
847 3837 940 3897 visuri
955 3834 1098 3913 quidnam
1112 3835 1193 3893 intus
1210 3836 1302 3901 esset,

126 3940 232 4002 iaculis
254 3943 387 4003 incensis
401 3943 536 4011 fossores
553 3944 716 4002 intrassent
731 3939 824 4011 avidi,
848 3946 965 4000 antrum
987 3954 1122 3999 summae
1138 3934 1302 3997 altitudinis

127 4049 217 4122 atque
241 4044 444 4125 amplitudinis
468 4048 638 4116 invenere,
655 4062 710 4123 per
732 4044 814 4122 quod
842 4042 1036 4116 incedentes,
1069 4043 1099 4101 in
1128 4041 1302 4119 oppositum

126 4149 283 4220 introitus,
316 4151 444 4228 ingentis
478 4148 691 4227 magnitudinis
715 4149 872 4210 sedentem
895 4147 1033 4209 viderunt
1061 4147 1231 4215 hominem,
1265 4162 1301 4205 ex

128 4271 187 4332 quo
211 4255 363 4316 terrefacti
385 4261 511 4334 repente
535 4255 638 4333 fugam
661 4256 839 4332 arripientes
854 4253 1010 4313 exiverunt
1024 4251 1158 4319 autrum,
1183 4248 1300 4307 cunctis
