2874 4770
710 163 772 235 lfifi

148 347 214 409 slve
237 343 390 416 animalis,
414 348 445 406 et
467 341 517 404 diu
541 341 697 424 disputant
719 342 758 406 de
774 343 944 407 defectibus
966 343 1097 416 venalis,
1122 343 1201 406 sicut
1223 344 1329 408 nobis-

149 468 219 512 cum
240 448 274 511 fit
296 466 366 510 cum
390 450 486 527 equis.
514 448 550 509 Et
570 447 642 510 dum
664 449 716 510 ille
733 466 836 519 emere
851 450 1005 509 bominem
1027 456 1058 509 et
1073 467 1179 509 secum
1195 448 1331 513 educere

150 553 231 625 vult,
256 555 388 614 exoritur
410 567 478 613 mou
502 553 616 612 clamor
637 570 765 630 magnus
796 558 828 614 et
850 551 939 613 lletus
967 554 998 612 in
1023 552 1144 612 cumulo
1167 553 1331 626 venalium,

149 658 220 735 quia
242 655 319 716 lorte
351 673 427 734 puer
459 656 600 718 venditus
633 657 724 717 habet
755 656 798 717 ibi
828 661 955 716 matrem
986 657 1078 715 etiam
1106 656 1247 716 venalem
1277 663 1331 718 aut

148 757 266 819 iratres.
311 756 354 818 lbi
377 760 459 819 enim
480 758 620 821 venditur
642 760 720 820 filius
743 759 922 836 inspiciente
947 764 979 818 et
1001 758 1124 819 dolente
1148 765 1263 831 matre,
1288 760 1330 822 ibi

147 861 287 924 venditur
309 868 405 922 mater
427 864 459 924 in
482 862 694 923 contusionem
716 868 747 924 et
770 861 948 940 despectum
971 861 1039 932 filii,
1062 863 1103 922 ibi
1122 865 1230 937 marito
1256 882 1327 924 eru-

62 962 66 971 '
146 967 291 1026 bescente
314 984 388 1026 uror
409 970 443 1026 ut
466 971 601 1026 scortum
625 963 778 1026 deluditur
806 970 838 1025 et
860 964 911 1025 alii
933 967 998 1027 viro
1023 965 1166 1038 traditur,
1193 968 1234 1027 ibi
1257 986 1328 1045 par·

146 1069 275 1131 vulusa
309 1071 376 1130 sinu
411 1069 515 1129 matris
549 1069 663 1146 rapitur
693 1073 724 1127 et
751 1069 911 1128 commotis
941 1071 1012 1129 totis
1041 1071 1208 1130 visceribus
1231 1078 1331 1132 mater

146 1173 182 1234 ab
205 1191 242 1234 eo
266 1179 434 1252 separatur.
480 1171 518 1231 Et
542 1171 601 1231 boc
625 1177 673 1233 est
695 1189 802 1232 verum
825 1173 855 1231 in
871 1173 968 1250 prima
988 1171 1175 1243 venditione,
1199 1173 1272 1235 dum
1297 1177 1328 1236 in

145 1276 244 1354 aliqua
267 1277 386 1338 civitate
408 1274 457 1336 vel
478 1274 548 1336 villa
572 1273 811 1336 Christianorum
839 1276 975 1354 praedati
1003 1276 1114 1337 luerint
1136 1277 1328 1351 Christianis,

146 1380 196 1443 vel
230 1380 304 1441 dum
337 1384 438 1458 paites
479 1377 717 1439 Christianorum
757 1378 957 1458 depopulatae
988 1380 1118 1453 luerint;
1159 1399 1230 1440 nam
1274 1380 1327 1453 illi,

148 1485 200 1563 qui
222 1482 373 1543 ducuntur
387 1480 599 1553 Alexandriam
621 1481 659 1542 ad
679 1482 846 1555 nundinas,
870 1490 904 1543 ut
918 1483 1103 1556 vendantur,
1126 1487 1208 1563 prius
1232 1503 1328 1563 saepe

146 1593 180 1648 ut
201 1588 233 1646 in
256 1587 419 1664 plurimum
441 1584 554 1647 venditi
576 1584 714 1657 luerunt,
740 1585 809 1646 ideo
832 1585 908 1646 tales
932 1586 1063 1664 gaudent
1086 1575 1270 1667 quandoque
1287 1589 1326 1650 de

145 1692 193 1751 sui
215 1689 387 1753 venditione
411 1694 442 1748 et
464 1687 503 1749 ad
523 1689 680 1749 introitum
708 1689 876 1761 alienorum
901 1707 1003 1751 emere
1034 1690 1201 1753 volentium
1225 1691 1327 1754 rident

145 1799 176 1855 ct
198 1790 333 1854 affabiles
360 1796 391 1853 et
414 1789 618 1870 modigeratos
641 1809 675 1853 se
700 1793 858 1863 exhibent,
891 1798 929 1866 ut
948 1794 1058 1855 melius
1087 1796 1230 1874 placeant
1260 1815 1326 1856 em-

144 1896 277 1967 toribus,
306 1896 469 1974 praecipue
500 1897 525 1954 si
550 1897 633 1974 prius
657 1895 732 1956 dura
754 1903 824 1972 sunt
849 1901 998 1975 perpessi.
1044 1900 1097 1960 Est
1115 1901 1209 1960 >enim
1238 1901 1325 1962 inau-

145 1998 208 2072 dita
244 1997 369 2060 aviditas
402 1997 579 2077 possidendi
614 2002 751 2079 proprios
787 2001 925 2061 homines
960 2003 1093 2062 emtitios
1122 2004 1152 2062 in
1184 2006 1326 2066 omnibus

144 2104 318 2166 Sarracenis
333 2109 363 2164 et
378 2101 485 2165 Turcis
503 2111 534 2165 et
549 2107 676 2165 caeteris
691 2104 875 2177 infidelibus,
901 2112 932 2167 et
945 2091 1004 2167 una
1019 2109 1153 2168 omnium
1169 2111 1327 2170 universa-

145 2210 181 2270 lis
212 2215 259 2270 est
291 2209 408 2287 opinio,
438 2205 520 2286 quod
557 2210 739 2286 quicumque
772 2211 905 2289 potuerit
937 2209 1095 2288 possidere
1129 2230 1223 2271 unum
1258 2231 1325 2273 ser-

144 2333 216 2377 vum
239 2319 289 2375 aut
312 2313 466 2384 ancillam,
490 2318 658 2392 egestatem
681 2312 808 2396 amplius
831 2331 893 2373 non
915 2312 1037 2374 videbit.
1081 2313 1147 2374 Nec
1172 2315 1328 2378 eoslallit

144 2420 203 2480 ista
226 2419 347 2497 opinio,
379 2436 448 2478 nam
470 2435 526 2496 pro
560 2424 644 2478 certo
668 2416 774 2504 credo,
806 2415 887 2502 quod
915 2422 1040 2496 propter
1068 2418 1125 2476 hoc
1148 2418 1325 2481 maledictio

142 2523 200 2584 Dei
222 2541 292 2582 cum
314 2522 437 2595 homine
460 2510 541 2596 emto
566 2523 658 2581 intrat
681 2522 713 2580 in
737 2521 863 2582 donnum
886 2519 969 2597 ejus,
984 2527 1037 2608 jut
1059 2520 1219 2582 frustratus
1242 2529 1323 2585 tota·

143 2614 214 2688 liter
243 2644 298 2705 spe
329 2615 482 2685 felicitatis
511 2624 812 2701 aetemae'gaudeat
840 2624 984 2704 felicitate
1000 2619 1151 2694 terrena,
1184 2644 1254 2688 nam
1287 2646 1325 2688 eu

143 2737 216 2792 tunc
261 2736 344 2790 tanta
388 2727 596 2788 insatiabilitas
637 2731 698 2786 cor
730 2726 795 2803 ejus
834 2734 982 2806 occupat,
1031 2734 1079 2799 ut,
1122 2748 1191 2789 cum
1227 2750 1324 2791 unum
1390 2794 1397 2805 „

143 2832 314 2913 possederit
347 2849 467 2892 servum
496 2829 544 2891 vel
576 2828 731 2901 ancillam,
767 2833 869 2893 statim
897 2832 934 2893 ad
958 2832 1129 2894 habendum
1153 2836 1323 2898 secundum
1377 2816 1380 2821 ⁸

142 2943 227 2998 tanto
263 2933 362 2995 cordis
386 2932 538 2994 desiderio
564 2932 715 3011 adspiret,
749 2941 779 2995 et
810 2938 856 2996 sic
880 2937 1025 3016 deinceps
1056 2939 1094 2999 de
1123 2941 1257 3002 secundo
1283 2945 1320 3006 ad

141 3041 273 3108 tertium,
297 3035 335 3096 de
359 3035 509 3118 tertioad
533 3042 692 3114 quartum,
717 3041 813 3100 etsie
841 3048 999 3102 crescente
1024 3043 1111 3123 culpa
1126 3045 1156 3104 in
1172 3046 1322 3110 infinitum

142 3160 176 3203 se
200 3138 333 3201 extendit
361 3142 623 3222 concupiscentia,
652 3143 709 3214 ita,
742 3145 823 3223 quod
850 3146 935 3206 multi
962 3149 1166 3220 inveniantur,
1191 3154 1243 3228 qui
1264 3154 1319 3214 vil-

141 3248 186 3308 las
215 3245 255 3306 de
286 3245 381 3305 servis
420 3251 451 3303 et
489 3243 606 3310 ancillis
643 3249 845 3321 constituunt,
864 3267 867 3270 ’
886 3255 916 3309 et
954 3268 1075 3313 servom
1111 3271 1180 3312 cum
1212 3257 1320 3319 ancilla

142 3347 238 3431 (lae
261 3343 304 3427 a)
336 3346 476 3426 conjugio
502 3346 666 3428 jungentes
698 3350 804 3412 domos
834 3352 988 3426 efficiunt,
1022 3362 1173 3434 quatenus
1208 3377 1245 3420 ex
1275 3363 1319 3421 eis

139 3454 334 3515 nascentibus
363 3452 431 3512 filiis
466 3459 497 3513 et
526 3453 641 3513 filiabus
682 3473 737 3515 suo
773 3457 935 3517 insatiabili
967 3458 1118 3521 desiderio
1153 3462 1323 3541 aliqualiter

141 3557 274 3618 satisfiat.
321 3556 377 3619 Vir
409 3560 490 3618 enim
513 3565 561 3619 est
584 3558 691 3619 domus
714 3561 745 3620 in
768 3565 830 3621 tota
843 3559 1004 3640 Aegypto,
1034 3565 1121 3643 Syria
1143 3571 1174 3625 et
1196 3564 1321 3641 Turoia,

139 3661 171 3720 in
206 3677 264 3738 qua
296 3679 356 3721 non
392 3664 431 3722 sit
462 3663 553 3723 homo
590 3665 740 3734 emtitiuS,
776 3663 857 3724 unde
890 3665 938 3736 fit,
976 3672 1009 3725 ut
1044 3674 1321 3748 quantumcumque

140 3766 171 3825 in
205 3780 331 3824 numero
364 3770 395 3825 et
428 3766 459 3826 in
495 3768 581 3845 copia
613 3767 870 3846 multiplicentur,
899 3787 1073 3847 ,numquam
1103 3777 1205 3833 tamen
1238 3775 1321 3835 valor

141 3873 174 3927 et
203 3869 335 3946 pretium
368 3868 534 3942 decrescit,
568 3873 630 3930 imo
665 3874 764 3948 potius
799 3880 938 3952 augetur,
980 3880 1011 3934 et
1042 3874 1149 3935 exinde
1183 3878 1319 3954 ipsorum

141 3976 344 4031 mercatorum
372 3971 506 4034 sollertia
535 3974 698 4045 excitatur,
735 3975 807 4036 dum
831 3979 1036 4055 conspiciunt,
1063 3984 1319 4042 suorum‘meroi-

141 4073 261 4132 nicrum
291 4075 422 4152 pretium
456 4082 486 4135 et
518 4075 652 4137 valorem
687 4096 723 4139 en
756 4081 841 4158 copia
864 4099 922 4140 non
946 4081 1039 4142 minui
1062 4082 1117 4143 sed
1142 4085 1243 4161 potius
1266 4102 1318 4145 au·

142 4176 215 4255 geri.
258 4175 344 4237 Unde
374 4176 466 4241 Turci
504 4179 679 4243 Christianis
708 4185 800 4246 vicini
830 4201 922 4264 saepe
950 4190 1046 4246 terras
1079 4203 1185 4249 eorum
1216 4189 1317 4267 ingre-
