2874 4770
687 149 749 219 set

126 325 262 405 Missas,
291 331 322 389 et
345 342 435 397 ecce,
467 323 698 404 respicientibus
728 324 816 386 uobis
846 321 885 385 ad
906 322 991 384 littus
1012 321 1145 394 insilias,
1177 321 1307 386 uidimus

127 448 221 510 supra
244 448 369 510 rupem,
394 445 471 507 quae
494 427 532 489 de
549 429 624 489 mari
638 429 844 506 prominebat,
868 434 949 488 stare
963 425 1113 505 quoddam
1125 435 1308 505 moustmm,

129 534 217 612 cujus
240 534 337 595 forma
367 533 443 593 haec
477 537 559 592 erat:
598 531 754 610 longitudo
784 530 956 609 ejumiorte
986 538 1115 608 quatuor
1140 528 1307 609 homiuum,

128 659 192 702 non
214 638 343 699 multum
367 655 506 716 grossum
529 643 581 697 aut
604 637 813 715 corpulentum
829 643 972 714 respectu
987 643 1087 696 tantae
1102 636 1306 717 longitudinis,

130 743 186 804 sed
209 749 273 804 erat
296 742 381 820 quasi
403 746 528 801 truncus
552 740 631 801 altus
654 742 732 818 nigri
755 741 883 812 coloris,
906 747 938 800 et
958 739 1136 833 movebatur¹
1152 740 1223 805 sius
1235 761 1306 823 pro-

133 860 259 925 gressu,
294 845 380 923 quasi
403 842 523 903 fortiter
544 849 687 903 tremens.
729 841 819 914 Quod
842 861 912 904 cum
933 845 1078 953 Qtus
1099 820 1307 924 strumisque

128 952 237 1011 tacitus
262 948 428 1026 aspiceret,
461 954 624 1025 antequam
646 965 725 1008 nnus
747 947 835 1007 alteri
856 930 1046 1041 low,
1069 949 1219 1035 lapsum
1206 966 1306 1029 npe-

126 1060 249 1114 tuosum
281 1054 398 1131 recepit
419 1053 451 1112 in
473 1068 556 1112 mare
580 1058 613 1112 et
634 1068 784 1129 nusquam
815 1046 1003 1130 compara}
1029 1050 1101 1129 quid
1124 1044 1228 1117 aui'em
1248 1054 1307 1114 hoe

127 1157 227 1229 luerit,
253 1176 311 1218 nec
333 1158 459 1218 harcarii
480 1173 538 1216 nec
561 1157 613 1216 alii
635 1163 776 1234 poterant
796 1157 882 1216 nohis
905 1155 1018 1227 dicere,
1040 1155 1097 1216 sed
1110 1154 1307 1229 affirmabant,

129 1280 163 1322 se
187 1263 271 1341 prius
294 1261 354 1322 tale
378 1234 450 1340 quid
464 1277 630 1338 numquam
652 1259 712 1321 ridi
804 1259 885 1320 unde
905 1258 1077 1339 pndiginm
1099 1279 1172 1321 esse
1191 1263 1308 1341 ipimici

128 1366 250 1445 plurimi
269 1364 462 1443 judicabant,
484 1364 661 1425 sederemus
882 1381 1002 1424 summo
1017 1363 1153 1434 silentio,
1177 1368 1247 1443 quia
1270 1365 1309 1426 ad

128 1470 255 1534 Missam
277 1472 418 1547 navigare
439 1470 605 1540 voluimus,
639 1476 687 1531 et
770 1472 837 1527 t
870 1469 1143 1546 interrumperetur

130 1576 226 1635 oratio
255 1581 287 1634 et
318 1579 351 1633 ut
382 1574 502 1633 curiosa
522 1573 697 1650 imaginatio
772 1562 842 1632 'tur
864 1570 991 1631 deuotis.
1035 1571 1137 1649 Aliqui
1159 1476 1309 1642 mr,

132 1694 203 1739 esse
227 1679 347 1757 signum
370 1674 496 1753 alicujus
519 1675 613 1737 futuri
634 1683 775 1747 eventus,
808 1675 856 1736 vel
878 1677 1100 1753 praenuntiatio
1120 1677 1236 1736 mort

131 1782 359 1842 submersionis.
390 1779 470 1853 Quid
484 1779 593 1842 borum
607 1778 697 1840 tuerit
710 1780 833 1849 nescio,
855 1777 911 1838 sed
933 1779 992 1839 hoc
1013 1780 1093 1850 scio,
1115 1779 1198 1858 quod
1252 1772 1309 1839 ci

129 1886 284 1964 peregrim
304 1886 375 1945 huic
397 1883 572 1964 spectaculo
594 1891 773 1963 praesentes
793 1881 951 1944 rediemnt
971 1885 1041 1945 riri.

552 2142 554 2146 Ι
636 2183 810 2257 Parentis

1266 2274 1303 2327 1·

161 2347 198 2411 Ω
213 2408 424 2487 Narigarimus
448 2425 520 2486 ergo
543 2409 580 2468 ab
607 2407 706 2468 insula
729 2396 762 2466 S.
785 2405 903 2466 Nicolai
934 2403 973 2465 ad
994 2403 1164 2465 Parentium
1196 2413 1229 2467 et
1259 2406 1307 2468 in·

131 2515 230 2599 gressi
252 2512 410 2593 prandium
432 2508 597 2572 sumsimus
618 2512 650 2570 in
671 2511 818 2586 hospitio,
842 2515 912 2587 post
932 2507 1092 2587 prandium
1107 2509 1146 2570 ad
1160 2511 1307 2572 eeclesias

129 2618 162 2677 in
186 2617 304 2678 civitate
327 2622 359 2676 et
381 2620 463 2676 extra
484 2615 675 2675 transivimus
706 2611 743 2673 ad
782 2612 986 2691 indulgentias
1016 2621 1049 2675 at
1078 2614 1118 2675 ad
1145 2614 1308 2676 ridendum

109 2719 291 2799 reliquias:
326 2725 432 2798 postea
454 2735 508 2798 per
530 2718 614 2779 littus
636 2719 729 2778 maris
762 2715 920 2795 spatiando
950 2715 1138 2779 deambulari
1170 2727 1204 2778 et
1229 2721 1309 2779 iuter

130 2823 273 2902 scopulos
304 2824 405 2883 inveni
423 2821 553 2899 juvenes
576 2829 747 2883 ostreamm
770 2823 903 2900 captioni
935 2825 1110 2883 insistentes
1141 2831 1172 2883 et
1195 2841 1308 2902 pueros

132 2928 264 2988 conchas
281 2927 457 3005 colligentes
480 2926 528 2987 rel
543 2933 640 2988 testas
657 2923 882 2986 conchiliarum.
911 2925 965 2985 Est
981 2933 1081 2986 autem
1096 2934 1197 2988 ostrea
1212 2928 1306 3006 piscis

129 3048 219 3091 came
241 3031 358 3103 mollis,
382 3029 457 3092 dura
479 3037 580 3092 tectus
603 3037 698 3102 testa,
730 3032 763 3090 ιιι
785 3031 917 3091 cautium
940 3037 972 3090 et
993 3049 1134 3093 saromm
1155 3034 1306 3102 scissuris,

128 3134 166 3196 ad
190 3152 262 3213 quas
286 3153 363 3213 aqua
394 3136 486 3196 maris
515 3137 623 3206 intrat,
654 3134 773 3212 iacens.
818 3133 946 3213 Aliquae
979 3143 1101 3196 ostreae
1127 3143 1200 3197 suut
1224 3144 1305 3197 totae

127 3241 214 3299 testis
236 3238 388 3311 inclusae,
420 3256 479 3299 nee
500 3238 754 3317 progrediuntur,
788 3238 947 3317 aliquando
974 3240 1139 3301 adhaerent
1166 3243 1247 3301 saris
1274 3245 1308 3301 et

127 3343 290 3420 parietibus
313 3343 434 3420 rupium
466 3345 575 3402 emari
600 3346 847 3422 consurgentium
870 3349 903 3404 et
924 3343 1035 3405 habent
1056 3345 1152 3405 solam
1174 3343 1308 3405 mediam

128 3451 256 3515 testam,
289 3462 366 3522 quae
388 3445 559 3506 firmissime
582 3447 726 3508 adhaeret
755 3449 849 3526 petris
876 3447 909 3506 ιιι
930 3463 1022 3524 aqua,
1052 3448 1110 3515 ita,
1143 3454 1177 3508 nt
1199 3445 1307 3506 terreis

100 3549 336 3629 ¹instrumentis
370 3547 458 3609 avelli
490 3565 543 3609 aas
572 3567 700 3611 necesse
731 3551 780 3610 sit„
824 3547 953 3626 Aliquae
975 3548 1210 3629 progrediuntur
1236 3567 1307 3611 eum

126 3653 190 3711 suis
213 3651 351 3712 domibus
373 3653 454 3712 sicut
475 3658 634 3714 terrestres
650 3653 810 3723 cochleae,
834 3670 947 3712 cornua
961 3651 1161 3715 extendentes
1182 3653 1251 3713 hina
1273 3660 1306 3716 et

126 3755 360 3827 contrahentes,
383 3756 455 3833 quia
475 3756 571 3816 oculis
595 3762 708 3819 carent.
739 3755 867 3835 Aliquae
890 3757 998 3818 hahent
1023 3764 1119 3819 testas
1143 3756 1245 3837 (205
1259 3756 1304 3837 a)

126 3859 285 3936 spinosas,
308 3865 340 3919 et
362 3861 393 3920 in
416 3859 519 3920 colore
542 3865 575 3920 et
586 3859 691 3938 liguris
706 3861 868 3921 maximam
883 3863 1059 3924 varietatem
1075 3863 1184 3925 ludens
1199 3868 1305 3924 natura

126 3960 256 4034 inducit,
291 3979 351 4039 quo
378 3980 440 4023 non
470 3962 569 4023 solum
598 3965 683 4039 parri
714 3962 770 4023 sed
792 3963 959 4042 prudentes
981 3965 1178 4029 admirentur.
1224 3965 1305 4026 luter

128 4080 235 4125 omnes
257 4065 388 4132 conchas
402 4067 603 4146 principatum
619 4073 726 4129 tenant
739 4069 990 4147 margaritiferae,
1013 4089 1092 4151 quae
1115 4078 1148 4133 et
1169 4070 1306 4131 ecelolae

128 4165 285 4241 dicuntur,
306 4170 480 4250 inquorum
495 4188 586 4234 came
601 4173 752 4250 pretiosus
767 4169 868 4254 (lapis)
883 4192 910 4236 s.
925 4174 1060 4239 cdculus
1073 4172 1228 4237 solidatur.
1259 4171 1306 4233 De
