2874 4770
681 194 759 264 249„

124 373 206 453 apud
230 371 360 435 Colchos
383 372 441 434 fuit
462 369 652 433 reconditum
676 375 900 446 311313313111,
932 376 1040 450 putant
1065 371 1108 433 illi
1131 371 1211 434 idem
1235 389 1305 434 csso

125 476 239 538 Choloe
256 484 287 538 et
302 474 441 549 Colchos,
457 474 539 554 quod
556 483 656 536 tamen
672 496 732 537 333
751 484 814 537 est:
832 494 899 538 uam
912 474 1062 536 Colchidis
1078 478 1161 555 13313
1177 485 1224 538 331
1239 479 1304 556 qui·

125 579 198 642 dem
212 582 343 654 asiatica,
360 583 439 642 sicut
454 587 485 642 ct
494 579 616 651 Chalos,
633 580 688 641 sed
697 581 787 659 13333
798 583 828 640 in
839 582 1055 658 3331331111333
1064 580 1193 642 distenta
1207 597 1304 659 usque

126 685 165 748 ad
179 685 279 747 littora
295 686 500 765 pontiEuxini,
517 702 607 762 quem
623 685 714 745 habet
730 684 767 746 ad
783 684 980 756 occidentem,
995 693 1129 746 montem
1138 687 1305 748 Caucasum

126 789 355 863 adorientem,
379 808 396 852 a
418 791 638 869 septemtrione
655 790 834 874 Sarmatiam
857 795 887 849 et
911 807 927 850 3
954 788 1079 849 meridie
1098 789 1305 868 capadociam,

128 912 208 974 quae
224 897 433 974 'propinquior'
449 894 568 965 Rhodo,
603 900 755 955 ettamen
781 895 858 955 latae
881 895 1052 973 provinciae
1075 896 1154 955 iuter
1176 896 1252 955 hanc
1275 900 1306 956 et

125 996 210 1060 illam
232 998 382 1060 mediant:
416 999 534 1060 scilicet
556 998 676 1077 grandis
699 1017 768 1078 pars
792 1001 883 1060 maris
898 997 1009 1076 Aegei,
1034 1003 1063 1057 et
1081 996 1182 1066 Caria,
1206 997 1305 1077 Lycia,

125 1101 294 1181 Pamphilia
316 1108 347 1163 31
365 1100 437 1181 juga
456 1105 566 1162 montis
580 1101 686 1172 Tauri,
711 1108 742 1162 et
764 1100 833 1161 inde
857 1103 993 1178 sequitur
1010 1099 1188 1178 capadocia,
1213 1118 1229 1161 a
1246 1118 1304 1179 qrra

126 1205 219 1284 longa
240 1207 347 1266 itinera
370 1212 441 1266 sunt
462 1221 560 1283 usque
583 1204 621 1265 ad
644 1206 745 1265 littora
767 1206 851 1283 ponti
878 1204 1004 1276 Euxini,
1031 1207 1083 1283 qui
1117 1221 1150 1264 se
1175 1204 1304 1265 11331333

126 1311 161 1371 13
185 1310 376 1372 occidentem
397 1315 517 1370 nostras
533 1327 691 1387 germanas
714 1312 855 1388 regiones
873 1311 1034 1388 contingit,
1059 1307 1228 1369 Danubium
1252 1307 1305 1368 do-

128 1416 292 1475 mesticum
315 1415 414 1486 nobis,
451 1416 556 1475 asiuu
587 1421 691 1474 nostro
716 1421 924 1484 emanantem,
956 1415 985 1474 in
1009 1431 1042 1473 se
1073 1416 1208 1493 suscipit.
1255 1413 1306 1473 Sic

128 1536 202 1597 ergo
225 1524 323 1597 patet,
354 1537 415 1578 non
437 1537 531 1579 unum
554 1535 623 1578 esse
648 1517 758 1578 Chalos
782 1524 813 1578 31
837 1518 983 1589 Colchos,
1014 1535 1071 1578 nec
1094 1515 1173 1596 apud
1197 1517 1306 1578 Cholo-

129 1605 239 1690 censes
268 1621 488 1685 luisse-vellus
516 1640 657 1692 aureum,
691 1621 745 1682 sed
777 1621 855 1700 apud
886 1622 1081 1684 Colchcnses.
1126 1622 1194 1682 Non
1225 1624 1306 1683 enim

130 1725 252 1788 difficile
274 1721 381 1788 luisset
409 1727 513 1789 Jasoni
543 1735 575 1789 et
596 1726 745 1788 nobilibus
770 1726 914 1789 Graeciae
939 1746 957 1789 a
979 1727 1135 1788 Thessalia
1166 1727 1306 1804 navigare

128 1829 286 1902 Rhodum,
322 1849 390 1891 cum
414 1849 495 1892 mare
519 1831 656 1910 Aegeum
678 1835 837 1911 utriusque
860 1834 958 1906 littus,
981 1831 1253 1894 Thessalonicense
1277 1836 1308 1890 et

53 1963 56 1967 ¹
131 1933 319 1995 Choloccnse
353 1938 514 2014 contingat.
573 1935 687 1999 Omnes
726 1945 827 1998 autem
872 1941 1056 2001 mentionem
1090 1937 1236 1998 iacientes
1269 1935 1306 1997 de

131 2036 253 2100 tasonis
276 2041 383 2100 itinere
407 2036 463 2120 (11)
487 2048 612 2101 eumet
635 2059 740 2102 313333
757 2039 945 2120 Argonautas
975 2043 1137 2122 plurimum
1165 2039 1306 2102 audaciae

131 2142 343 2203 commendant
366 2150 396 2204 31
410 2162 493 2229 mare
508 2142 757 2224 indevirginatum
774 2149 905 2231 primum
933 2146 1068 2208 sulcasse
1092 2146 1203 2215 dicunt,
1228 2143 1308 2223 quod

130 2247 237 2325 utique
261 2264 345 2307 marc
363 2247 501 2326 Aegeum
524 2256 554 2308 et
569 2248 755 2310 Adriaticum
769 2269 829 2310 uon
846 2250 902 2310 luit
925 2253 1004 2311 inter
1025 2249 1253 2310 Thessaloniam
1277 2252 1308 2307 et

134 2350 286 2422 Rhodum,
312 2351 367 2412 sed
382 2352 557 2430 longissima
573 2355 662 2414 maris
679 2355 786 2413 itinera
804 2359 1013 2430 terrarumque
1030 2354 1154 2430 arripuit
1169 2352 1305 2421 insueta3

131 2455 296 2534 inquibus
321 2456 437 2517 belluas
471 2458 600 2516 marinas
634 2463 665 2517 31
688 2456 829 2518 crudeles
852 2464 951 2531 131133
978 2460 1091 2520 bestias
1124 2457 1248 2518 vincens
1278 2456 1310 2514 31

132 2550 298 2637 penetrans
319 2561 349 2618 in
374 2559 548 2620 Colchidem
573 2558 704 2622 devenit.

219 2661 382 2724 Videamus
406 2664 579 2735 historiam,
613 2670 646 2723 ut
669 2665 796 2725 satisiiat
820 2666 1007 2743 evagatorio,
1046 2681 1103 2725 nec
1126 2663 1212 2722 enim
1233 2659 1309 2720 liber

129 2770 190 2828 iste
214 2751 418 2846 erogatorium
434 2768 598 2841 diceretur,
620 2771 678 2830 nisi
703 2787 739 2830 ex
753 2769 811 2829 hoc
834 2771 863 2829 iu
887 2769 945 2829 hoc
968 2775 1152 2847 evagaretur.
1183 2765 1308 2827 Ovidius

131 2877 174 2933 et
186 2870 323 2944 Servius,
346 2870 533 2950 Augustinus
557 2875 649 2934 etiam
673 2873 710 2935 de
734 2876 854 2934 civitate
879 2874 933 2935 liei
958 2874 1020 2936 Lib.
1045 2872 1092 2934 lll.
1119 2873 1151 2934 C.
1177 2870 1206 2935 7.
1232 2874 1308 2932 1331-

129 2982 204 3048 1331,
220 2976 301 3055 quod
316 2975 470 3049 Athamos,
487 2995 538 3038 rex
547 2976 767 3049 Thebanorum,
783 2978 877 3038 tilium
892 2976 1033 3039 Phrixum
1051 2983 1081 3038 31
1096 2978 1186 3038 liliam
1196 2977 1309 3038 hellen

130 3080 246 3154 habuit,
264 3080 498 3159 ‘quibus-mater
521 3083 648 3142 arietem
673 3099 798 3144 aureum
820 3082 960 3156 tradidit,
984 3090 1015 3143 ut
1039 3081 1201 3144 novercam
1224 3083 1308 3161 iuge-

130 3188 217 3256 rent,
256 3188 334 3263 quae
357 3186 582 3248 machinabatur
606 3205 711 3249 eorum
734 3189 765 3247 in
788 3194 933 3259 mortem,
968 3204 1065 3265 eaque
1086 3185 1213 3264 jubente
1237 3205 1308 3246 con-

130 3287 317 3350 scenderunt
333 3290 429 3360 ambo,
452 3289 546 3351 irater
560 3297 591 3350 31
606 3309 700 3363 33131,
725 3293 807 3351 33131
821 3290 941 3352 13113113
957 3292 1092 3363 31131313,
1116 3292 1167 3368 qui
1183 3295 1309 3369 1333313

131 3411 202 3454 3313
232 3395 438 3455 3131313313
467 3395 585 3456 saltavit
617 3402 648 3455 31
679 3413 734 3474 331
765 3398 881 3473 1333133
914 3394 958 3453 eis
990 3394 1130 3470 regiones
1161 3394 1307 3471 portavit3

132 3502 210 3577 quos
234 3515 304 3558 cum
320 3500 364 3558 sic
379 3498 481 3570 131131,
506 3501 640 3578 33311311,
663 3505 697 3558 31
713 3498 799 3559 Helle
815 3499 975 3577 perterrita
991 3495 1114 3556 caderet
1129 3499 1159 3556 in
1175 3493 1309 3575 pontum,

134 3604 236 3679 aquo
260 3619 331 3662 casu
354 3603 405 3663 illa
428 3605 518 3663 maris
541 3602 687 3680 particula
710 3619 823 3661 nomen
840 3607 1007 3660 aeternum
1040 3602 1158 3679 accepit
1186 3607 1216 3661 et
1237 3599 1309 3661 Η31-

131 3704 291 3785 1333331113
315 3724 412 3785 usque
436 3706 526 3766 hodie
549 3706 731 3765 nominatur.
770 3702 895 3763 Phrixus
919 3709 1021 3763 autem
1043 3703 1224 3782 procedens,
1248 3722 1308 3782 quo

133 3826 204 3870 eum
229 3812 306 3872 aries
329 3811 415 3882 tulit,
454 3809 578 3872 devenit
608 3826 705 3887 usque
732 3810 762 3868 in
787 3806 963 3868 Colchidem
987 3810 1144 3887 regionem
1178 3815 1207 3868 et
1232 3810 1309 3869 arie-

132 3919 196 3974 tem
218 3915 261 3976 ibi
283 3917 402 3993 superis
425 3914 642 3984 33313111,’11111
665 3913 813 3993 templum
832 3911 917 3990 juxta
933 3915 1010 3974 ostia
1025 3913 1157 3974 fluminis
1180 3920 1210 3973 et
1225 3914 1309 3975 locus
1401 3916 1406 3921 '

132 4017 362 4079 nobilis-Phrixi
391 4020 475 4079 aurei
506 4017 627 4080 velleris
661 4019 754 4078 ariete
778 4017 874 4077 multo
898 4025 1035 4097 tempore
1060 4016 1228 4088 colebatur,
1262 4018 1310 4078 cui

133 4123 225 4182 etiam
247 4139 299 4182 rex
322 4121 472 4183 Colchidis
496 4123 586 4184 tiliam
609 4139 696 4182 suam
718 4141 842 4183 uxorem
865 4123 997 4184 tradidit.
1042 4120 1152 4193 Porro,
1185 4123 1243 4182 hoc
1266 4125 1310 4183 sic

133 4231 249 4298 stante,
273 4223 408 4287 auditum
431 4226 487 4288 luit
510 4225 548 4288 de
571 4226 684 4299 vellere
708 4243 816 4299 aureo,
847 4226 929 4305 quod
952 4225 1038 4287 multi
1062 4224 1184 4304 quidem
1208 4227 1309 4304 33313-
