2874 4770
749 160 793 229 62

189 332 348 410 magnifica
390 334 554 413 opulentia.
610 332 669 395 Per
700 333 889 413 praedictum
922 343 1024 399 autem
1054 346 1219 401 arcuatum
1253 359 1370 403 murum

187 438 389 507 transivimus,
413 442 443 497 et
466 436 523 497 snb
543 454 615 500 areu
638 440 907 520 bibimudtnqoanx,
930 458 1010 520 quae
1032 441 1182 503 deorsum
1212 442 1370 505 decidebat

188 542 292 602 exiens
315 558 370 619 per
392 541 500 600 rimam
522 540 645 603 canalis.
691 541 725 605 ln
745 560 909 625 progressu
930 543 1062 607 vidimus
1084 547 1117 605 in
1146 564 1261 626 canopo
1291 555 1368 608 stare

186 663 278 706 unam
312 646 465 722 antiquam
498 644 675 717 ecclesiam,
699 664 846 726 magnam,
870 664 946 725 quae
968 649 1141 711 minabatur
1162 652 1307 722 ruinam,
1340 657 1369 710 et

182 748 247 826 J'arn
269 749 343 808 tecti
364 745 461 823 major
483 765 552 825 pars
575 749 737 813 ceciderat.
782 750 865 813 Haeo
887 752 1019 817 aeclesia
1040 754 1146 831 paneis
1177 754 1295 832 elapsis
1319 773 1366 815 an·

187 853 234 911 nis
256 851 313 911 tuit
337 848 574 910 Christianorum
596 850 768 925 latinorum,
792 870 923 933 quornm
944 855 1071 933 copiosa
1092 855 1260 918 multitudo
1284 856 1367 937 juxta

187 973 256 1016 cam
277 953 426 1015 habitabat
459 960 490 1013 ct
520 955 708 1031 quottidiana
738 957 838 1021 aucta
871 956 969 1018 divina
1002 959 1035 1019 in
1055 976 1093 1021 aa
1115 962 1290 1040 peragebat,
1314 961 1367 1022 sed

186 1063 290 1124 nescio
313 1060 351 1120 ob
375 1076 464 1136 quarn
487 1076 609 1120 causam
631 1076 648 1120 a
670 1060 739 1122 loeo
761 1060 876 1140 repulsi
898 1067 979 1133 sunt,
1000 1079 1058 1123 nec
1081 1064 1211 1143 amplius
1241 1068 1364 1144 permit·

187 1172 292 1227 tuntur
315 1163 475 1223 Christiani
499 1165 591 1223 etiarn
613 1162 651 1225 ad
672 1164 774 1226 iocum
795 1163 950 1227 accedere.
987 1166 1035 1229 De
1058 1166 1216 1246 praedicto
1242 1176 1363 1229 arcuato

187 1287 273 1329 muro
297 1275 344 1328 est
367 1282 492 1345 campus
513 1264 688 1339 latissimus,
711 1274 872 1346 protensus
894 1269 1053 1346 usquead
1085 1278 1220 1333 castrum
1252 1271 1363 1332 domini

187 1372 319 1442 Soidani,
343 1377 492 1448 eiusque
516 1369 554 1433 ad
582 1377 723 1432 montana
749 1370 880 1443 deserti,
913 1372 945 1433 in
974 1389 1036 1451 quo
1069 1390 1179 1453 campo
1202 1373 1362 1435 Mamalnci

188 1494 222 1536 se
246 1478 409 1536 exercitant
433 1475 560 1535 diversis
582 1472 691 1546 modis,
713 1480 872 1552 equestres
895 1480 926 1535 et
948 1474 1107 1555 pedestres
1129 1480 1162 1539 in
1186 1479 1279 1540 rebus
1301 1481 1360 1541 bol·

188 1582 264 1652 licis,
288 1583 365 1640 sicut
388 1579 502 1657 patebit
523 1581 554 1638 in
577 1579 654 1648 loco,
678 1578 728 1638 uhi
751 1577 789 1639 de
811 1572 989 1661 Mamainqis
1013 1580 1178 1643 dicendum
1199 1585 1293 1643 venit.
1331 1583 1360 1642 tn

187 1684 246 1745 hoc
270 1702 376 1763 campo
399 1683 526 1745 vidimus
551 1690 649 1743 turres
672 1689 762 1753 stare,
785 1699 841 1760 pro
862 1682 1011 1755 columbis
1035 1685 1217 1758 aedificatas,
1242 1690 1275 1748 in
1299 1690 1359 1766 qui·

187 1787 244 1849 bus
267 1787 422 1847 columbae
445 1787 541 1847 nuntii
564 1786 644 1863 regis
668 1785 856 1856 nutriuntur,
879 1792 913 1846 ut
934 1790 1075 1865 superius
1106 1789 1177 1850 dixi.
1223 1791 1358 1852 Vidimus

188 1892 280 1951 etiarn
302 1890 342 1949 ibi
366 1891 459 1950 muita
482 1906 630 1967 equorum
652 1886 776 1967 grandia
798 1887 922 1959 stabula,
945 1892 997 1963 ita,
1020 1891 1103 1970 quod
1118 1882 1156 1955 ii
1190 1912 1252 1954 uno
1283 1903 1359 1956 'stare

188 1999 315 2072 possunt
345 1995 499 2070 quingenti
533 1996 612 2071 equi.
659 1992 776 2053 Deinde
808 2001 913 2054 contra
945 2001 1079 2055 castrum
1102 1995 1218 2077 domiqi
1242 1998 1360 2058 Soidani

188 2098 403 2176 processimus,
426 2097 508 2175 quod
528 2099 557 2156 in
582 2105 683 2157 monte
707 2097 850 2175 singulari
873 2103 920 2157 est
941 2100 1042 2171 situm,
1065 2106 1098 2159 et
1112 2107 1162 2160 est
1175 2108 1237 2161 nttn
1248 2100 1361 2179 grande

187 2199 378 2263 intervallum
399 2202 479 2261 inter
500 2207 635 2261 montem
659 2202 749 2261 castri
774 2209 804 2261 et
827 2207 968 2265 montana
986 2200 1079 2280 ,longa
1114 2201 1250 2274 deserti,
1277 2222 1310 2265 ac
1337 2205 1361 2262 si

188 2324 275 2366 mons
307 2305 397 2365 castri
428 2310 511 2365 esset
542 2302 694 2365 abscissus
719 2322 735 2364 a
758 2307 910 2365 montanis
940 2305 1053 2366 deserti
1080 2313 1144 2367 arte
1178 2314 1231 2367 aut
1266 2308 1361 2386 aliqua

187 2410 331 2470 herculea
351 2409 479 2478 virtute,
502 2413 553 2468 aut
575 2411 709 2486 potentia
732 2388 952 2475 atlantion-res
971 2409 1114 2478 titanica;
1137 2408 1195 2470 sed
1217 2427 1277 2469 nec
1300 2416 1360 2469 arte

188 2517 320 2593 magica,
352 2529 409 2571 nec
433 2512 542 2570 virtute
564 2509 721 2582 herculea,
754 2518 822 2575 nee'
836 2509 1013 2573 tortitudine
1043 2513 1182 2583 titanios,
1211 2513 1271 2573 sed
1302 2512 1359 2573 fide

190 2617 361 2696 evangelica
386 2622 416 2674 et
438 2614 546 2674 virtute
571 2613 695 2703 Christi,
713 2634 773 2675 non
796 2633 851 2694 per
873 2617 1207 2695 potantemgigantem,
1231 2616 1288 2677 sed
1310 2633 1362 2694 per

189 2720 335 2780 humilem
359 2723 390 2777 et
413 2716 593 2777 catholicum
616 2717 733 2779 fabrum
756 2719 870 2780 iactum
892 2720 948 2779 tuit
969 2717 1029 2778 hoo
1056 2717 1236 2797 prodigium,
1282 2717 1361 2790 Quo·

189 2823 259 2884 dam
282 2826 363 2882 enim
386 2830 524 2900 tempore
547 2820 604 2881 suit
627 2824 656 2882 in
674 2823 762 2883 Cairo
786 2830 890 2887 exorta
912 2822 1009 2902 gravis
1040 2820 1148 2882 seditio
1172 2823 1254 2881 inter
1277 2821 1359 2881 Chri-

189 2927 312 2996 stianos,
337 2944 465 3004 quorum
488 2941 597 3002 magna
619 2926 659 2986 ibi
683 2926 810 3003 degebat
825 2924 995 2996 multitudo,
1019 2932 1051 2985 et
1073 2927 1153 2986 inter
1167 2925 1361 2996 Sarracenos,

189 3033 242 3110 qui
272 3038 303 3092 et
330 3028 503 3091 tortitudine
536 3035 566 3088 et
600 3028 789 3089 multitudine
823 3029 1007 3089 Christianos
1042 3028 1238 3089 excedebant.
1275 3029 1361 3099 ,Hae

187 3135 265 3197 duae
288 3143 389 3213 partes
413 3131 559 3211 quottidie
584 3132 771 3192 corrixahant
794 3130 831 3191 de
861 3131 919 3192 fide
944 3137 975 3191 et
998 3130 1165 3192 credendis.
1212 3132 1362 3194 Saldanus

187 3245 289 3300 autem
322 3255 430 3316 pacem
458 3235 569 3295 habere
601 3237 724 3314 cupiens
757 3234 863 3295 indixit
896 3232 1132 3311 disputationem
1165 3236 1301 3312 partibus
1332 3237 1361 3294 in

188 3360 296 3421 campo
319 3341 387 3409 illo,
420 3345 489 3415 post
515 3355 605 3415 quam
627 3355 696 3415 pars
720 3340 798 3398 vieta
823 3336 948 3397 deberet
980 3342 1085 3397 tenere
1118 3336 1275 3399 silentium
1305 3355 1362 3398 nec

187 3444 315 3521 amphus
338 3441 455 3518 litigare
479 3439 517 3499 de
546 3442 711 3501 rationibus
740 3440 819 3500 fidei.
867 3439 1003 3515 Cumque
1027 3439 1116 3498 simul
1146 3437 1361 3518 disceptarent,

188 3550 222 3605 et
253 3542 412 3603 Christiani
441 3542 622 3604 Sarracenos
653 3545 812 3605 manifeste
852 3545 1085 3610 convincerent,
1121 3545 1254 3603 surrexit
1284 3561 1361 3604 unns

189 3644 308 3716 Joadas,
332 3663 457 3724 magnus
481 3646 717 3708 Sarracenorum
741 3651 914 3728 episcopus,
939 3645 1045 3706 dicens
1074 3643 1111 3704 ad
1135 3663 1257 3724 regem:
1289 3665 1362 3707 ecoe

189 3750 311 3813 domine
335 3768 395 3822 rex,
417 3753 467 3813 isti
491 3751 651 3813 Christiani
679 3754 786 3812 astutis
810 3759 841 3812 et
863 3751 993 3812 versutis
1017 3747 1115 3810 verbis
1142 3748 1284 3811 videntur
1307 3768 1362 3810 nos

188 3870 342 3934 superare,
365 3853 412 3915 iao
434 3873 487 3916 eos
509 3857 599 3917 iidem
615 3873 700 3916 suam
716 3855 802 3916 factis
818 3856 954 3934 probare,
978 3855 1057 3913 sicut
1073 3858 1103 3910 et
1119 3851 1240 3931 exlege
1256 3870 1363 3915 eorum

188 3963 330 4018 tenentur
351 3958 512 4019 ostendere
526 3959 618 4020 fidem
633 3960 729 4021 iactis.
760 3960 874 4032 Quodsi
897 3957 1095 4037 nequiverint,
1119 3962 1270 4018 mortuam
1293 3974 1362 4018 esse

190 4077 295 4123 eorum
321 4060 414 4123 iidem
446 4060 493 4122 ier
516 4080 622 4124 eorum
645 4062 774 4134 indicat,
798 4063 900 4125 iacobi
922 4061 957 4122 11.
998 4062 1134 4136 Cumque
1157 4075 1209 4120 rex
1231 4061 1361 4124 interro-

188 4169 290 4246 garet,
312 4163 420 4245 quibua
440 4163 529 4227 iactis
553 4164 712 4227 Christiani
734 4181 819 4227 suam
841 4164 934 4233 iidem
955 4163 1102 4227 deberem
1124 4163 1274 4242 probare,
1311 4182 1362 4226 re-
