2874 4770
759 164 826 234 21111

198 341 317 402 inerant
330 338 439 402 llhodii
459 341 568 404 Turois
590 361 648 403 uec
672 343 801 422 amplius
824 340 896 402 dare
919 341 1042 402 solitum
1067 341 1212 403 tributum
1231 341 1391 414 uolebant,

199 446 332 524 quinimo
355 443 473 508 Turcus
496 448 563 526 ipse
585 448 760 509 tributarius
783 445 901 507 eisdem
924 444 1051 506 51155155
1075 453 1141 516 551,
1173 446 1391 509 uaru'Johau·

198 551 268 610 nitis
302 551 377 630 ipsis
409 552 440 611 in
476 569 587 631 genere
617 549 659 617 35
690 552 783 613 millia
822 549 1018 619 ducatorum,
1049 547 1196 628 Magistro
1231 567 1310 610 aero
1348 546 1389 615 10

198 651 290 714 millia
313 653 472 733 persolvit,
496 654 577 734 quod
601 661 685 716 certo
707 654 896 715 dominorum
919 654 1056 731 ipsorum
1080 652 1243 714 didicimus
1275 671 1388 716 narra·

197 759 289 818 tione.
335 755 420 818 bum
442 776 530 836 ergo,
563 760 643 819 sicut
675 776 750 818 uxor
773 763 926 828 suaserat,
958 757 1113 817 brachium
1136 756 1282 817 Rhodum
1314 775 1388 818 cum

196 862 321 934 litteris,
346 860 426 941 qnod
450 863 634 940 accipientes
653 861 853 924 colossenses
875 880 996 922 summo
1020 880 1089 922 cum
1105 862 1220 922 honore
1236 880 1311 922 cnm
1335 879 1387 923 re·

197 966 297 1044 liquiis
321 964 536 1044 deposuerunt.
567 965 613 1026 De
635 964 695 1026 illis
711 965 847 1045 reliquiis
863 965 1079 1027 Rhodiensium
1104 965 1194 1026 debui
1217 966 1385 1044 scripsisse

196 1087 285 1148 supra
308 1068 392 1129 Folio
418 1067 479 1132 155
502 1076 571 1129 5515
594 1067 675 1128 diem
698 1067 776 1128 xvl.
1212 1055 1216 1059 ⁴

283 1173 376 1254 lgitur
398 1190 467 1233 cum
491 1175 522 1233 in
544 1172 656 1233 Gaudia
679 1175 779 1233 omnia
802 1171 1000 1243 vidissemus,
1033 1172 1228 1233 transivimus
1253 1170 1301 1231 ad
1318 1173 1383 1234 val·

196 1294 248 1339 vas
278 1280 533 1356 carpentariorum
564 1285 595 1338 51
628 1279 776 1356 pictomm
808 1284 839 1338 et
870 1280 997 1338 emimus
1027 1279 1158 1338 scrinina
1190 1280 1383 1355 cypressina,

195 1399 273 1462 quae
289 1380 374 1441 valde
397 1381 498 1441 subtili
514 1397 609 1460 opere
624 1381 665 1440 ibi
684 1381 774 1453 hunt,
798 1389 829 1441 et
844 1383 991 1460 imagines
1013 1383 1120 1442 heatae
1137 1381 1278 1467 Virginis,
1304 1399 1384 1460 quas

194 1486 336 1563 singulari
361 1483 487 1563 quadam
511 1491 573 1544 arte
598 1487 741 1547 vivaciter
764 1485 928 1565 depingunt
952 1486 1119 1547 secundum
1143 1485 1294 1555 turmam,
1321 1503 1384 1564 qua

195 1589 226 1649 S.
250 1587 348 1650 Lucas
372 1588 482 1649 dicitur
503 1588 804 1668 depinxisse·heatae
822 1582 951 1670 Virginis
973 1593 1145 1670 imaginem.
1177 1591 1214 1652 Et
1238 1593 1287 1652 his
1312 1610 1383 1652 oru-

194 1693 281 1753 nibus
305 1694 436 1771 peractis
458 1695 489 1753 iu
512 1692 641 1754 classem
664 1692 886 1756 descendimus.
1003 1725 1008 1730 ·

307 1993 508 2083 Progressio
536 1997 668 2068 marina
696 2014 775 2069 cum
802 1999 1005 2070 saevissima
1032 2002 1254 2086 tempestate.

281 2214 337 2277 Die
352 2213 441 2287 ittx,
466 2231 543 2295 quae
567 2198 614 2278 est
637 2216 748 2278 testum
764 2217 894 2280 Sanctae
909 2219 1107 2290 Elisabethae,
1131 2219 1163 2277 in
1185 2221 1279 2275 nocte
1303 2231 1379 2276 coe·

193 2322 236 2400 pit
261 2322 390 2400 graviter
413 2321 556 2382 infirmari
580 2321 720 2382 dominus
741 2323 846 2382 555551
861 2322 1080 2384 Alexandrinus
1103 2323 1134 2381 iu
1156 2326 1261 2380 nostra
1278 2319 1377 2398 galea,

192 2434 312 2507 praeter
342 2427 398 2487 hoc
430 2434 536 2487 c'ursus
566 2428 686 2487 navium
716 2425 773 2486 1511
805 2428 993 2507 interceptus
1023 2409 1078 2506 per
1100 2424 1236 2485 velorum
1262 2423 1378 2483 remis·

192 2531 318 2591 sionem.
364 2529 397 2591 ln
421 2530 477 2591 alia
501 2537 600 2591 autem
625 2531 709 2608 galea
733 2537 796 2591 erat
820 2530 940 2608 quidam
965 2537 1105 2610 expertus
1128 2526 1284 2595 medicus,
1318 2544 1377 2604 pro

193 2651 253 2710 quo
278 2636 388 2694 emissa
412 2635 521 2713 scapha
545 2637 682 2702 inruere
707 2636 852 2706 misimus,
876 2643 908 2695 et
928 2636 1051 2696 veniens
1074 2634 1171 2693 virum
1186 2632 1218 2690 iu
1234 2635 1377 2690 extremo

192 2739 327 2816 periculo
343 2737 415 2798 dixit
428 2741 624 2798 constitutum
650 2745 681 2797 et
694 2739 883 2815 repentinam
900 2739 1121 2816 navigationem
1136 2734 1190 2794 sibi
1208 2732 1378 2810 plurimum

192 2857 319 2910 nocere,
343 2839 397 2901 555
421 2859 480 2902 555
504 2842 695 2920 paulatinam.
734 2841 884 2904 inutiliter
907 2861 979 2920 ergo
1003 2848 1065 2902 tota
1087 2840 1193 2901 classis
1217 2837 1377 2900 terebatur

188 2928 220 3006 in
245 2946 353 3006 aulone
378 2945 497 3006 0551155
521 2949 598 3005 iuter
622 2946 765 3008 Candiam
800 2941 1375 3014 51815551551555555115055155·

190 3050 289 3119 sibus,
323 3052 416 3110 51115
449 3051 608 3129 propinqui
639 3050 807 3111 adinvicem
839 3045 949 3110 fuimus
991 3068 1061 3111 cnm
1100 3066 1152 3108 sen
1189 3045 1300 3128 galeis,
1339 3052 1376 3106 ut

190 3160 364 3233 poteramus
388 3154 587 3214 conclamare.
618 3152 711 3214 Porro
735 3156 814 3214 51155
837 3152 994 3214 meridiem
1018 3153 1146 3213 surrexit
1160 3156 1269 3211 ventus
1287 3164 1374 3228 mag·

189 3277 263 3328 555,
287 3258 401 3319 15511115
425 3260 605 3336 navigationi
620 3265 760 3328 nostrae,
785 3268 815 3318 et
833 3275 915 3318 mare
932 3258 1186 3335 inquietissimum
1202 3251 1374 3323 habuimus,

192 3359 379 3441 projecitque
404 3381 459 3423 nos
483 3370 586 3423 eontra
610 3362 780 3440 aquilonem
805 3361 842 3422 ad
857 3361 970 3423 insulas
988 3361 1168 3439 Cycladum,
1193 3364 1224 3416 et
1246 3363 1311 3418 arte
1335 3375 1374 3417 ao

189 3467 217 3526 vi
241 3469 356 3545 ingenti
380 3466 537 3528 obstabant
559 3468 653 3526 nostri
677 3473 806 3535 nautae,
835 3483 872 3526 ne
896 3466 1106 3526 relaberentur
1128 3465 1157 3522 iu
1181 3478 1263 3521 mere
1288 3459 1373 3520 Rho·

190 3569 327 3641 dianum‚
359 3571 487 3632 vidimus
512 3573 593 3631 enim
617 3570 773 3649 Napuliam
797 3568 966 3631 Turcorum
990 3571 1147 3646 regionem
1169 3566 1298 3626 vicinam
1323 3565 1373 3624 iu·

190 3672 273 3732 stilae
296 3673 410 3744 Rhodi,
446 3676 534 3753 longe
557 3683 658 3736 tamen
682 3692 770 3753 supra
801 3692 866 3734 nos.
912 3673 1017 3734 Versis
1040 3678 1141 3732 autem
1165 3668 1239 3730 velis
1262 3667 1374 3745 rejecti

189 3776 327 3835 venimus
351 3777 380 3835 lo
398 3776 588 3856 Carpaticum
611 3780 742 3851 fretum,
767 3781 814 3840 cui
831 3795 942 3839 nornen
965 3778 1066 3838 tribuit
1092 3776 1246 3852 Carpatus,
1270 3773 1372 3834 insula

189 3897 246 3940 vina
270 3876 451 3957 Cycladum,
490 3883 575 3957 cujus
600 3885 785 3944 mentionem
815 3882 874 3943 ieci
902 3881 964 3942 Ful.
992 3880 1062 3944 155.
1110 3876 1371 3955 Tempestuosum

190 3989 306 4052 551551,
331 3981 491 4044 obscurum
522 3991 552 4045 et
576 3987 742 4065 inquietum
764 3986 854 4049 valde
878 3986 958 4048 diem
980 3984 1139 4046 habuimus
1163 3989 1286 4042 etcum
1310 3980 1371 4042 hoc

189 4082 335 4164 pluvium,
359 4100 436 4163 ipim
460 4087 641 4162 navigationi
664 4099 712 4152 est
727 4109 849 4170 semper
868 4090 1010 4157 molesta,
1034 4106 1093 4149 nee
1117 4087 1255 4147 sinebant
1278 4085 1369 4146 uobis

188 4189 269 4251 veriti
292 4196 323 4251 ot
346 4186 463 4269 pltrvlao
486 4189 587 4268 ignom
602 4192 736 4267 ardere,
750 4201 782 4256 et
804 4197 845 4257 ita
867 4194 923 4257 hac
947 4193 997 4254 die
1019 4193 1084 4254 sine
1108 4189 1175 4253 cibo
1190 4187 1369 4262 mauairnua,
