2874 4770
681 157 745 226 221

126 353 215 398 meus
238 336 312 396 mihi
335 337 366 397 in
388 335 485 396 vineis
509 333 663 413 Engaddi,
686 333 892 412 intelligentes
915 332 1080 395 dictionem
1102 332 1185 394 illam
1215 332 1306 412 Cypri

127 439 296 518 significare
331 440 488 518 regionem
511 439 602 518 Cypri
635 445 666 498 ct
693 445 828 499 montem
856 438 941 499 illum
970 437 1030 499 dici
1052 437 1196 516 Engaddi.
1243 435 1308 498 Sed

128 551 176 605 est
197 541 323 622 puerilis
345 541 536 614 intellectus,
560 543 676 622 Cyprus
700 544 782 602 enim
804 543 834 601 in
857 541 909 601 iiio
923 542 991 602 loco
1015 548 1062 602 est
1077 542 1217 603 surculus
1242 543 1306 604 sire

126 645 275 728 plantula,
299 647 385 725 quasi
407 647 453 706 sic
476 645 572 717 dicta,
599 645 701 707 serens
724 647 845 706 botmm
866 644 1001 717 balsami,
1025 646 1077 723 qui
1096 645 1253 715 crescebat
1273 647 1307 708 in

126 743 223 815 rineis
250 748 386 828 Engaddi
419 751 450 810 in
472 748 602 821 Judaea,
633 756 667 810 ut
689 755 774 827 patet
804 766 894 826 supra
924 747 955 808 P.
979 746 1001 808 l.
1034 748 1085 809 iol.
1111 743 1178 820 65„
1214 747 1306 810 etde

125 854 209 916 sonte
224 854 352 926 Elisaei,
374 857 406 914 et
426 851 459 913 P.
472 851 507 913 ll.
531 852 583 914 iol.
607 849 670 917 246
687 848 738 934 (i).
770 851 916 912 Possihile
938 858 1040 913 tamen
1062 858 1109 913 est
1130 856 1222 914 etiam
1245 853 1306 915 huc

126 959 359 1038 transplantatus
380 956 476 1018 fuisse
499 957 668 1018 arbustulos
689 955 816 1016 balsami
839 963 979 1035 tempore
1003 955 1225 1028 Romanorum,
1249 956 1305 1018 sub

127 1064 235 1142 quihus
262 1066 382 1122 montes
401 1059 503 1135 ,lsrael
532 1060 614 1138 pleni
643 1058 785 1119 balsamis
809 1058 946 1132 fuerunt,
980 1066 1013 1121 ut
1042 1058 1114 1120 dicit
1143 1059 1304 1139 Josephus.

125 1165 160 1227 ln
183 1166 242 1228 hoc
263 1168 389 1247 insuper
404 1172 507 1227 monte
526 1170 563 1226 ,et
585 1164 616 1223 iu
639 1163 704 1223 aliis
722 1164 812 1242 Cypri
827 1165 978 1225 montibus
995 1172 1063 1225 sunt
1079 1165 1191 1251 multae
1206 1165 1305 1228 iussae
1404 1180 1407 1186 ’

126 1271 330 1342 mineriarum,
353 1271 424 1349 quia
447 1266 569 1337 metalla
592 1266 632 1326 ibi
656 1270 856 1345 reperiuntur.
887 1250 968 1329 Dicit
991 1272 1073 1330 enim
1089 1258 1199 1344 Yeidis,
1223 1269 1306 1350 quod

125 1391 200 1435 usus
222 1375 413 1436 metallorum
436 1373 492 1434 suit
514 1373 614 1451 primo
635 1372 667 1432 in
692 1368 791 1451 Cypro
814 1373 965 1433 inventus.

140 1654 144 1658 ,
213 1581 302 1644 Hunc
325 1599 397 1661 ergo
421 1587 557 1641 montem
576 1576 729 1658 impudica
744 1578 848 1639 Venus
865 1580 921 1639 sibi
936 1582 1064 1642 sacrarit
1078 1599 1133 1660 per
1148 1599 1181 1642 se
1207 1582 1306 1659 ipsam

127 1688 159 1747 e't
180 1687 265 1747 lucos
287 1688 431 1758 instituit,
455 1685 629 1745 necessaria
651 1683 810 1761 plantavit,
845 1679 1005 1762 speluncas
1028 1683 1103 1746 fodit
1125 1687 1155 1745 in
1178 1690 1304 1758 tantum,

126 1797 161 1851 ut
183 1789 323 1867 abintus
346 1789 545 1850 habitationes
565 1789 651 1867 quasi
672 1804 799 1864 magnae
823 1793 854 1847 et
876 1788 1056 1849 tenebrosae
1080 1795 1193 1850 essent.
1240 1788 1305 1851 Ati-

130 1911 206 1972 quas
231 1874 373 1956 cavernas
396 1892 469 1953 iecit
492 1891 529 1953 ad
545 1890 680 1952 flendum
702 1893 733 1951 in
757 1887 996 1962 eieAdonidem,
1020 1892 1134 1971 aliquas
1157 1893 1194 1954 ad
1218 1894 1303 1955 luru-

126 1997 275 2063 riaudum.
321 1995 462 2058 adinstar
485 2002 587 2066 autem
610 1995 691 2056 iliius
715 1995 825 2053 montis
856 1994 942 2055 multi
975 2012 1122 2058 successu
1157 1998 1305 2078 temporis

127 2107 248 2163 montes
270 2077 326 2186 per
348 2099 493 2165 mundum
516 2107 586 2161 sunt
609 2099 778 2159 consecrati
801 2096 930 2168 Veneri,
960 2096 1029 2158 ideo
1059 2098 1305 2178 frequentissime

125 2208 158 2266 in
190 2205 323 2265 historiis
353 2207 546 2264 nominantur
582 2209 700 2263 montes
729 2201 866 2262 Veneris.
918 2200 952 2262 Et
984 2201 1133 2263 moderno
1166 2211 1305 2283 tempore

127 2309 235 2390 vulgus
257 2307 340 2368 rudis
364 2307 470 2369 delirat
494 2307 531 2368 de
548 2305 681 2385 quodam
696 2304 825 2365 Tusciae
842 2309 962 2376 monte,
985 2323 1046 2365 non
1062 2305 1151 2385 longe
1168 2324 1184 2367 a
1199 2309 1304 2381 Roma,

126 2413 158 2472 in
181 2391 241 2490 quo
266 2409 368 2470 dicunt
384 2409 537 2470 dominam
553 2409 705 2470 Venerem
727 2407 841 2468 deliciis
865 2406 924 2467 frui
947 2425 1017 2467 cum
1032 2409 1212 2486 quibusdam
1233 2411 1306 2473 viris

128 2522 159 2576 et
181 2499 331 2575 foeminis.
362 2513 450 2582 Vnde.
471 2515 509 2575 dc
534 2515 592 2575 hoc
615 2529 740 2588 carmen
763 2510 924 2570 confictum
946 2510 1089 2583 habetur,
1114 2514 1195 2591 quod
1210 2516 1305 2576 mani-

127 2617 205 2678 ieste
234 2618 363 2695 arulgo
386 2635 441 2696 per
463 2617 673 2680 alemanniam
696 2616 813 2675 canitur
842 2613 880 2674 de
911 2614 1040 2693 quodam
1070 2616 1163 2677 nobili
1195 2618 1305 2692 Sucro,

126 2738 217 2799 quem
231 2722 389 2782 nominant
403 2721 571 2795 Daphuser,
596 2720 634 2782 de
650 2720 814 2794 Danhusen
830 2719 898 2784 villa
920 2738 1014 2799 prope
1028 2721 1302 2802 Diinckelspiichel.

126 2823 214 2896 Hunc
242 2825 358 2902 fingunt
386 2824 424 2886 ad
453 2809 573 2904 tempus
603 2827 634 2885 in
665 2832 768 2886 monte
800 2843 869 2886 cum
889 2823 1011 2889 ,Venere
1033 2825 1143 2899 fuisse,
1175 2834 1206 2888 et
1234 2845 1305 2890 cum

126 2929 313 3009 poenitentia
336 2928 444 2991 ductus
467 2928 566 3009 Papae
588 2928 696 2989 fuisset
720 2927 891 3002 confessus,
924 2926 1072 3007 denegata
1094 2929 1151 2992 suit
1173 2932 1229 2993 sibi
1252 2932 1304 2993 ab·

127 3023 254 3104 solutio,
287 3039 319 3093 et
347 3034 388 3094 ita
417 3051 575 3112 regressus
604 3035 637 3094 in
659 3040 794 3093 montem
822 3048 973 3108 nusquam
1004 3036 1185 3112 comparuit,
1220 3038 1304 3098 etin

127 3134 245 3196 deliciis
269 3131 325 3216 (1))
348 3138 434 3208 vivit,
457 3144 490 3198 ut
513 3137 625 3210 dicunt,
648 3155 745 3216 usque
771 3135 809 3197 ad
832 3131 912 3196 diem
931 3135 1047 3213 judicii.
1094 3138 1189 3212 Ecce,
1214 3157 1305 3218 quam

126 3237 214 3299 facile
244 3239 383 3299 homines
413 3241 445 3299 iu
474 3258 592 3300 errores
623 3238 775 3305 ducuntur
808 3239 968 3301 credentes
1001 3242 1188 3305 fictionibus!
1226 3244 1304 3305 Nam

126 3340 278 3403 Venerem
299 3349 449 3403 mortuam
473 3350 504 3404 et
526 3343 606 3404 haud
635 3343 757 3404 dubium
778 3343 964 3416 damnatam,
988 3362 1065 3422 quae
1089 3347 1192 3408 vivens
1215 3365 1302 3408 uum·

127 3463 217 3524 quam
238 3446 389 3524 Europam
419 3447 508 3519 vidit,
542 3449 668 3509 credunt
697 3449 729 3506 iu
760 3446 888 3508 Tusciae
919 3449 1073 3508 montibus
1102 3448 1224 3528 degere.
1268 3450 1304 3515 111

126 3555 242 3611 tantum
267 3558 366 3611 autem
390 3551 447 3611 hac
469 3550 548 3611 fama
571 3550 735 3611 dementati
764 3558 835 3612 sunt
856 3551 1031 3624 Alemanni,
1064 3559 1098 3613 ut
1120 3552 1206 3615 multi
1230 3556 1301 3615 sim-

78 3646 80 3650 ’
126 3653 222 3732 plicas
254 3653 291 3715 ad
320 3655 375 3723 irus
405 3653 532 3734 famatus
563 3657 795 3733 peregrinentur
822 3661 958 3728 montes,
991 3661 1022 3715 et
1053 3654 1125 3717 dum
1156 3659 1304 3740 contingit

125 3755 258 3836 aliquem
280 3760 366 3830 mori,
390 3760 479 3819 amici
501 3759 548 3818 sui
571 3757 691 3831 famant,
716 3776 787 3818 eum
803 3764 921 3837 raptum
938 3757 1088 3820 aVenere
1104 3760 1135 3820 in
1150 3768 1301 3834 montem;

126 3861 175 3922 aiii
198 3861 360 3923 redeuntes
384 3862 488 3922 dicunt
511 3880 545 3922 se
568 3862 696 3933 vidisse,
731 3880 808 3942 quae
832 3880 849 3923 a
871 3862 1066 3941 phantasticis
1097 3862 1201 3926 auditu
1224 3863 1301 3926 didi·

126 3970 243 4026 cerunt.
273 3963 360 4027 Unde
383 3971 522 4047 temporo
537 3964 652 4026 Nicolai
675 3984 770 4046 papae
786 3967 882 4045 quinti
896 3965 1020 4028 fuerunt
1036 3969 1206 4028 sententiae
1223 3966 1302 4030 latae

126 4073 231 4129 contra
251 4067 400 4133 adeuntes
423 4057 543 4129 montes
565 4069 643 4140 ilios,
667 4076 699 4130 et
721 4087 811 4132 canes
833 4069 929 4131 rabidi
951 4071 981 4130 in
998 4073 1102 4132 stricto
1124 4070 1224 4143 locati,
1246 4089 1303 4152 per

126 4170 208 4250 quod
231 4169 329 4234 aditus
352 4179 400 4235 est
422 4171 463 4235 ad
483 4178 661 4251 suspectum
674 4189 813 4255 ¹sicerum.
856 4173 893 4235 Et
915 4172 991 4247 haec
1014 4173 1088 4239 aero
1103 4181 1210 4237 nostro
1227 4193 1304 4238 cons
