2874 4770
647 101 649 104 ’
686 147 751 216 aas

80 330 84 375 ¹
130 346 216 392 suam
239 325 478 396 diaetamlacit,
503 330 536 385 ut
559 331 759 402 pernoctem
782 321 861 403 apud
883 321 1019 383 dominos
1042 323 1118 384 istos
1140 322 1197 393 sit,
1231 337 1304 399 qua-

80 430 84 483 Ι
129 439 218 494 tenus
241 433 307 510 ipse
332 436 363 490 et
385 446 480 506 equus
504 429 706 506 provisionem
742 428 849 488 habeat
880 433 911 487 et
933 429 996 487 suis
1025 429 1161 506 pecuniis
1191 432 1304 505 parcat.

80 544 83 587 ¹
129 539 162 599 lu
186 545 302 599 tantum
324 541 424 596 autern
448 520 745 611 gravantur'domini
767 531 810 591 illi
833 531 1018 610 hospitibus,
1052 537 1085 590 ut
1106 532 1153 591 viv
1177 528 1306 589 sufficiat

80 649 83 692 t
129 640 299 702 dimidietas
324 640 414 698 totius
438 635 622 696 substantiae
647 652 753 694 eorum
776 653 830 713 pro
846 634 998 712 hospitum
1022 635 1207 711 equestrium
1230 650 1304 691 enu-

80 756 81 763 ’
128 747 259 805 tritione.
289 741 321 803 ln
345 749 463 803 tantum
479 741 570 800 etiam
586 738 767 819 ingratitudo
785 745 815 799 et
830 738 1029 798 inhumanitas
1043 735 1188 796 nobilium
1211 735 1304 794 clien-

127 854 192 909 tum
217 855 247 907 et
270 846 481 907 reutherorum
504 845 645 914 increvit,
670 849 707 903 ut
721 842 790 919 jure
815 843 906 904 velint
929 842 1132 919 provisionem
1156 838 1192 899 ad
1216 857 1305 898 suum

127 950 311 1012 desiderium
335 949 461 1019 habere,
497 954 528 1007 et
557 949 583 1006 si
613 946 672 1006 boc
701 948 737 1032 iuv
761 964 854 1024 parvo
885 944 1068 1022 denegatum
1097 941 1201 1012 luerit,
1235 943 1305 1020 igne

126 1053 266 1132 ferroque
290 1055 442 1113 minentur
464 1069 497 1111 se
520 1050 723 1113 vindicaturos
746 1056 777 1109 et
799 1051 938 1109 inimicos
961 1048 1089 1109 fulsurus.
1125 1046 1180 1107 llis
1203 1051 1304 1106 tamen

126 1134 347 1236 gravaminibus
370 1173 431 1215 nou
454 1154 640 1215 obstantibus
657 1172 690 1214 se
708 1173 724 1214 a
740 1170 906 1233 pauperum
924 1154 1121 1213 subventione
1145 1156 1176 1210 et
1198 1167 1305 1209 eorum

126 1262 303 1338 receptione
325 1277 516 1337 nequaquam
539 1264 692 1328 avertunt,
729 1259 878 1328 seientes,
914 1255 995 1334 quod
1024 1273 1085 1314 nou
1116 1255 1173 1314 nisi
1196 1252 1304 1314 talibus

125 1363 234 1425 hostiis
257 1370 448 1442 promeretur
470 1362 568 1446 Deus,
592 1360 682 1421 hebr.
707 1358 795 1420 Xlll.‘

212 1468 310 1537 Ecce,
344 1465 497 1544 quomodo
530 1465 733 1542 evagatorium
763 1462 992 1524 ordinatissime
1020 1463 1211 1532 conficiatur,
1244 1462 1303 1522 uisi

127 1571 208 1631 cuim
242 1572 307 1630 sine
343 1568 448 1629 ordine
481 1583 644 1648 processus
676 1572 843 1639 texeretur,
878 1584 1069 1646 nequaquam
1100 1566 1303 1645 evagatorium
1330 1632 1334 1639 ¹

129 1671 296 1734 diceretur!

215 1774 317 1835 Tertia
333 1774 447 1835 decima
470 1772 535 1846 die,
560 1791 636 1853 quae
652 1779 699 1834 est
714 1780 819 1835 octava
843 1775 1038 1854 epiphaniae,
1062 1774 1211 1835 conducta
1229 1791 1304 1834 nave

127 1897 182 1959 per
204 1880 344 1940 Brentam
369 1878 405 1939 ad
429 1897 511 1940 mare
539 1879 752 1940 descendimus
777 1887 807 1940 et
830 1881 1005 1957 navigantes
1028 1879 1101 1940 hora
1125 1881 1198 1939 satis
1221 1877 1305 1939 tarda

126 1983 270 2045 Venetiae
294 1986 480 2055 revenimus,
515 1985 596 2061 passi
620 1986 700 2044 enim
723 1984 876 2045 fueramus
901 1982 999 2063 (ulti
1024 1980 1067 2061 a)
1098 1986 1128 2042 in
1151 1984 1224 2043 mari
1247 1983 1303 2041 im-

126 2087 300 2168 pedimenta
331 2106 385 2166 per
417 2094 523 2149 ventos
557 2091 734 2149 contrarios.
779 2087 992 2148 Ascendimus'
1014 2090 1088 2165 ergo'
1118 2104 1172 2165 per
1201 2086 1304 2146 canale

125 2211 268 2271 magnum
301 2195 332 2253 iu
354 2193 524 2255 Rivoaltum
557 2199 588 2251 et
610 2200 734 2271 pontem
766 2194 948 2271 transgressi
979 2191 1125 2251 ioaticum
1158 2190 1303 2251 Teutoni-

127 2314 231 2357 corum
253 2298 428 2357 intravimus
460 2304 491 2358 et
513 2303 678 2356 coenantes
713 2296 850 2356 dominos
881 2297 1067 2374 reperimus,
1101 2312 1171 2354 cum
1196 2295 1303 2371 quibus

127 2398 235 2459 reiecti
258 2400 288 2458 in
304 2399 386 2460 loeis
409 2401 521 2459 uostris
544 2399 751 2461 dormivimus.

217 2501 330 2573 Quarta
353 2502 470 2563 decima
493 2501 541 2562 die
563 2504 700 2580 navigavi
722 2518 792 2563 cum
814 2503 1048 2581 negotiatoribus
1072 2503 1109 2564 ad
1132 2501 1304 2564 Marianum

127 2604 288 2685 oppidum,
321 2613 351 2665 et
374 2606 417 2666 eis
440 2606 662 2684 negotiantibus
697 2622 766 2665 curn
788 2607 989 2693 vitriatoribus
1020 2626 1076 2686 ego
1100 2609 1207 2669 intravi
1232 2626 1303 2668 con·

126 2715 249 2770 ventum
272 2715 408 2770 nostrum
432 2708 469 2769 ad
485 2709 516 2769 S.
533 2707 656 2769 Petrum
679 2716 841 2788 martyrem
864 2715 894 2770 et
916 2710 957 2770 ibi
982 2711 1098 2788 aliquos
1120 2712 1193 2774 mihi
1216 2721 1303 2775 notos

127 2815 226 2890 reperi
248 2812 370 2884 iratres,
394 2831 463 2873 oum
479 2813 587 2892 quibus
610 2814 651 2874 ivi
673 2814 702 2872 in
727 2813 888 2873 ecelesiam
911 2815 1128 2891 parochialem,
1154 2822 1185 2876 et
1207 2818 1303 2878 multa

128 2917 307 2978 Sanctorum
331 2921 536 2979 innocentium
561 2935 686 2996 corpora
708 2918 749 2977 ibi
770 2917 893 2977 luerunt
915 2918 1000 2977 nobis
1023 2925 1154 2981 ostensa.
1184 2921 1302 2983 Deinde

127 3019 163 3081 ad
187 3028 370 3082 mercatores
393 3021 484 3094 redii,
509 3029 539 3082 et
555 3022 697 3083 Venetiae
721 3022 836 3095 reversi
857 3038 962 3081 sumus
985 3025 1102 3102 navigio
1127 3042 1195 3084 cum
1217 3027 1302 3086 vitris

128 3127 230 3197 emtis;
266 3145 325 3187 non
349 3130 430 3188 enim
452 3128 644 3207 reperiuntur
668 3126 757 3186 bodie
787 3127 819 3186 in
843 3124 955 3186 mundo
979 3132 1039 3186 tarn
1063 3130 1196 3205 pretiosa
1218 3133 1301 3200 vitra,

126 3229 204 3289 sieut
227 3232 266 3291 ibi
289 3231 363 3291 fiunt
386 3230 525 3302 cottidie,
548 3235 689 3290 nectam
712 3229 886 3291 industriosi
909 3230 1054 3301 artifices,
1078 3233 1129 3309 qui
1153 3250 1188 3292 er
1205 3232 1303 3310 fragili

127 3335 253 3394 materia
275 3332 405 3393 formant
428 3352 499 3394 vasa
520 3341 583 3394 tam
606 3333 770 3412 elegantia,
794 3342 827 3394 ut
851 3352 948 3412 paene
965 3343 1110 3413 superent
1132 3352 1231 3406 aurea,
1256 3353 1301 3395 ar-

127 3442 244 3514 gentea,
267 3438 409 3514 pretiosis
432 3436 580 3514 lapidibus
596 3446 699 3500 oruata
715 3456 794 3510 vasa,
820 3439 900 3498 etsi
923 3436 1018 3497 solida
1042 3444 1152 3508 essent,
1176 3446 1207 3498 ut
1233 3454 1302 3498 vasa

126 3539 296 3608 metallina,
320 3556 412 3616 super
433 3557 523 3599 omne
546 3556 651 3601 aurum
675 3544 806 3625 pretium
830 3559 936 3602 eorum
960 3543 1122 3612 emineret,
1155 3541 1233 3602 unde
1257 3541 1301 3600 le·

125 3647 204 3721 gitur
226 3645 256 3704 iu
279 3642 366 3703 lsidis
391 3641 474 3714 XVI,
497 3643 575 3720 quod
600 3644 720 3722 quidam
745 3645 850 3707 artilex
874 3648 1003 3707 vitreum
1027 3663 1078 3706 ras
1103 3645 1214 3707 ductile
1237 3649 1301 3708 sive

125 3746 295 3808 fabricabile
320 3747 428 3807 obtulit
443 3745 564 3806 Tiben'o
581 3746 710 3818 Caesari,
735 3749 815 3827 quod
840 3748 875 3809 ad
892 3751 1039 3827 parietem
1056 3747 1217 3828 projiciens
1241 3771 1301 3812 nou

126 3856 171 3912 est
194 3851 337 3923 fractum,
371 3852 426 3912 sed
450 3838 615 3911 curvatum.
659 3850 775 3913 Artifex
797 3862 898 3915 autern
921 3855 1019 3915 levato
1045 3872 1114 3915 vase
1138 3855 1169 3915 id
1193 3855 1301 3916 malleo

126 3955 163 4015 ad
185 3958 341 4034 pristinam
364 3956 456 4018 refert
480 3957 624 4027 formam,
648 3955 752 4018 dicens
768 3961 956 4037 imperatori,
981 3967 1077 4020 artem
1100 3979 1116 4041 a
1140 3979 1174 4021 se
1197 3964 1300 4022 inven-

125 4062 187 4117 tam
209 4060 282 4120 nulli
305 4059 420 4120 bomini
444 4059 540 4119 adbuc
562 4065 664 4119 uotam
687 4062 718 4120 iu
739 4062 867 4134 mundo,
898 4067 957 4125 nisi
982 4066 1047 4126 sibi.
1094 4063 1182 4136 Quod
1204 4055 1300 4144 impe-

126 4166 207 4220 rator
228 4160 354 4225 audiens
375 4182 447 4225 mor
476 4164 621 4226 artificem
655 4164 797 4228 decollari
823 4167 916 4246 jussit
945 4168 1067 4229 dicens:
1104 4171 1131 4229 si
1153 4185 1202 4229 ars
1224 4169 1300 4230 haec
