2874 4770
707 239 751 310 bb

100 467 103 469 ,
139 415 267 487 lacerem
299 418 331 475 et
352 415 445 474 etiam
467 417 573 474 mortis
595 417 693 483 minas
715 414 805 487 lecit,
836 418 862 476 si
884 417 986 478 facere
1009 418 1114 478 nollet.
1160 418 1221 480 Sed
1245 418 1316 479 dum

140 535 198 577 nec
219 519 379 596 promissis
402 534 460 577 nec
483 519 573 578 minis
596 519 823 594 acquiesceret,
855 521 938 580 misit
966 537 1036 579 eum
1059 521 1200 582 Soldaoo.
1246 521 1314 582 Sol-

141 619 236 680 danus
260 626 362 679 autem
384 615 482 679 multo
498 618 612 696 majora
627 621 779 696 promisit,
805 619 860 679 sed
873 624 918 683 vir
934 628 1076 682 constans
1091 626 1210 694 mansit,
1235 624 1316 685 unde

138 721 330 800 privilegium
353 721 410 781 sibi
433 721 533 792 dedit,
565 721 645 799 quod
674 720 772 781 nullus
797 721 834 781 de
857 723 996 782 omnibus
1019 721 1194 786 Mamalnois
1217 727 1315 796 habet,

140 825 328 901 supportavit
343 841 413 885 eum
429 824 467 885 de
483 821 714 886 circumcisione
732 823 815 883 etde
831 824 1030 904 abnegatione
1047 826 1173 898 Christi,
1196 845 1315 904 rogans,

138 932 173 986 ut
195 944 229 987 se
253 927 360 988 saltem
376 934 496 1004 gereret
511 932 662 1010 tamquam
679 908 862 987 Sarracenus
877 929 907 986 in
924 928 1057 988 vestibus
1074 935 1105 988 et
1119 932 1261 1003 moribus,
1286 937 1317 991 et

139 1028 198 1090 hoc
220 1029 308 1101 iacit,
332 1031 468 1107 quamvis
492 1029 530 1090 ad
553 1030 681 1108 salutem
704 1029 858 1106 sufficiens
875 1025 930 1108 (b)
947 1028 1016 1088 fidei
1039 1029 1226 1093 Christianae
1243 1052 1315 1093 con·

138 1131 232 1193 lessio
247 1151 306 1193 non
321 1138 412 1193 esset.
444 1130 513 1191 lstis
524 1131 651 1210 Ungaris
662 1130 839 1192 Mamalnois
853 1132 1037 1210 praedicavit
1052 1131 1192 1194 dominus
1204 1135 1314 1195 lohan-

136 1252 194 1295 nes
216 1232 471 1305 hratridiaoonus,
494 1237 540 1294 vir
563 1236 667 1311 utique
691 1235 849 1313 religiosus
872 1236 903 1294 e't
927 1232 1052 1306 doctus,
1087 1240 1314 1297 conversatione

136 1356 258 1416 quoque
280 1339 429 1416 benignus
454 1345 484 1397 et
502 1336 672 1414 jucundus,
697 1344 728 1396 et
751 1337 844 1409 multa
867 1337 946 1414 apud
970 1339 1119 1404 eosbuua
1135 1340 1315 1417 operabatur

136 1459 191 1502 suo
215 1441 353 1519 exemplo
377 1447 408 1500 et
430 1441 566 1512 hortatu;
600 1456 671 1514 nam
694 1437 798 1519 plures
822 1457 928 1500 eorum
951 1439 1019 1500 data
1042 1422 1100 1501 fide
1122 1443 1153 1501 in
1177 1442 1314 1502 manibus

136 1543 202 1621 ejus
222 1544 414 1621 juraverunt,
439 1542 520 1619 quod
542 1544 722 1620 quantocius
742 1539 778 1600 ad
793 1550 915 1603 sanctae
931 1545 1035 1603 matris
1051 1543 1200 1604 ecclcsiae
1216 1545 1314 1604 sinum
1399 1531 1412 1543 κ

133 1646 234 1707 redire
258 1654 289 1706 et
313 1663 406 1724 super
429 1648 611 1736 apostasiam
633 1643 812 1721 condignam
838 1663 928 1724 agere
945 1625 1164 1725 poeniteutiam
1178 1645 1311 1717 vellent;

135 1752 203 1828 ipse
226 1752 317 1810 etiam
340 1751 530 1809 matrimonia
554 1764 660 1809 eorum
693 1763 778 1806 more
802 1748 999 1808 sarracenico
1028 1755 1182 1808 contracta
1213 1766 1312 1808 sacra-

135 1853 259 1912 mentali
282 1853 340 1910 ritu
364 1850 540 1911 rectificavit
552 1897 553 1901 ,
563 1856 594 1911 et
607 1849 738 1910 infantes
754 1851 901 1928 quosdam
914 1852 1083 1931 baptizavit.
1114 1850 1197 1911 Haec
1212 1858 1314 1912 autem

135 1957 236 2015 omnia
270 1954 346 2014 clam
381 1954 411 2011 in
447 1952 537 2013 domo
567 1950 693 2032 praelati
714 1952 824 2032 Ungari
847 1954 934 2024 lecit,
965 1972 1014 2012 me
1048 1955 1077 2012 ei
1100 1956 1317 2014 coassistente,

135 2057 263 2118 Gavisns
286 2055 423 2134 prolecto
444 2056 499 2128 'tui
529 2057 567 2116 de
599 2041 828 2120 fructificatione
861 2056 973 2115 domini
997 2054 1156 2127 Johannis,
1190 2058 1221 2116 in
1251 2073 1310 2135 qua

132 2166 250 2237 partem
272 2160 373 2219 meriti
396 2176 456 2218 non
480 2161 634 2218 minimam
657 2155 747 2238 spero
770 2176 820 2219 me
843 2158 1028 2228 habiturum;
1061 2175 1115 2237 per
1146 2175 1195 2216 me
1228 2161 1309 2218 enim

132 2263 163 2320 in
185 2261 262 2319 hanc
284 2262 681 2338 peregrinationemvenit,
706 2270 736 2322 et
759 2278 913 2339 nunquam
930 2278 997 2320 eam
1013 2277 1174 2337 aggressus
1190 2260 1307 2330 luisset,

131 2364 190 2420 uisi
213 2379 270 2438 ego
294 2379 365 2422 eum
397 2365 579 2424 animassem
603 2371 633 2424 et
653 2357 812 2440 juvissem.
858 2362 903 2422 Ob
935 2363 1061 2438 gratiam
1092 2379 1163 2438 ergo
1195 2360 1308 2421 domini

133 2463 277 2524 lobannis
299 2466 326 2523 is
349 2461 501 2543 praelatus
524 2464 712 2526 Mamalucus
735 2467 905 2527 humaniter
927 2482 960 2524 se
983 2463 1070 2523 uobis
1096 2463 1239 2523 exhibens
1271 2462 1309 2524 ad

133 2568 226 2628 multa
248 2586 303 2630 nos
327 2568 392 2629 loca
415 2583 474 2646 per·
493 2566 646 2654 civitatem
669 2569 767 2639 duxit,
802 2576 833 2630 et
856 2574 980 2629 secreta·
996 2566 1140 2643 pleraque
1164 2566 1307 2627 ostendit.

131 2668 317 2732 Duodecima
340 2670 405 2742 die,
430 2689 506 2749 quae
529 2671 585 2731 luit
608 2669 664 2729 XX
686 2677 757 2749 post
780 2669 950 2740 Trinitatis,
975 2686 1058 2728 more
1081 2667 1216 2728 fidelium
1235 2671 1306 2729 mis-

105 2781 112 2790 ’
132 2792 196 2834 sam
219 2772 386 2850 audivimus
409 2777 441 2834 in
465 2774 532 2835 loco
556 2778 659 2851 nostro
691 2779 813 2851 etpost
837 2775 960 2833 missam
983 2770 1020 2832 ad
1043 2788 1179 2831 mensam
1203 2789 1305 2831 acces·

132 2879 236 2937 simus.
282 2874 375 2943 Porro
406 2879 483 2938 intra
512 2877 637 2956 prandia
673 2884 773 2938 nostra
804 2862 952 2943 venerunt
983 2877 1014 2934 in
1037 2875 1123 2951 equis
1146 2864 1307 2937 Mamaluci

130 2979 256 3058 praelati
280 2977 318 3039 de
341 2974 486 3056 Ungaria,
522 2999 591 3041 cum
611 2963 768 3060 propimis
793 2985 824 3040 et
847 2976 1038 3048 muneribus,
1072 2974 1227 3052 dominum
1255 2974 1305 3034 Jo-

130 3083 258 3143 hanuem
282 3088 313 3141 et
335 3097 522 3141 aesomnes
544 3068 744 3156 honorantem
768 3088 963 3162 portaverunt
987 3081 1067 3139 enim
1082 3079 1169 3138 nobis
1185 3080 1215 3137 in
1233 3096 1305 3155 apo·

129 3185 265 3265 phoretis
298 3181 450 3262 pretiosos
470 3189 582 3244 ,terrac
611 3174 752 3258 fructus,
777 3185 928 3264 dactylos,
960 3188 990 3242 et
1024 3198 1116 3260 panes
1150 3180 1305 3241 coniectos

128 3289 306 3366 speciebus,
330 3304 403 3347 uvas
420 3294 458 3351 ,et
481 3287 539 3348 alia
561 3287 734 3365 hujusmodi
756 3288 922 3348 intulerunt
943 3286 973 3344 in
997 3301 1147 3344 cameram
1169 3283 1305 3343 domino·

128 3408 195 3451 rum
218 3389 447 3468 peregrinorum
475 3391 594 3450 tertiae
614 3373 778 3466 societatis.
825 3389 993 3458 clausimus
1024 3393 1125 3447 autern
1155 3403 1306 3446 cameram

128 3511 221 3578 super
243 3486 314 3564 nos,
333 3497 369 3561 ¹et
391 3490 585 3569 produximus
609 3472 724 3564 omnia,
756 3481 833 3570 quae
852 3478 1160 3566 'hahere-potuimus,
1184 3495 1215 3547 et
1237 3486 1305 3546 reli·

128 3606 221 3674 quum
243 3597 322 3677 vini,
352 3592 434 3671 quod
461 3576 682 3656 reservavimus
706 3593 743 3654 ad
766 3610 884 3665 casum,
908 3594 934 3652 si
957 3593 1063 3669 aliquis
1088 3590 1126 3650 do
1148 3591 1235 3664 nobis
1259 3591 1304 3649 in-

126 3699 312 3769 firmaretur,
341 3703 377 3782 ut
405 3713 443 3782 eo
475 3696 665 3768 reficeretur,
693 3694 874 3767 infudimus,
909 3701 939 3754 et
961 3692 1139 3763 Mamalnois
1169 3709 1304 3752 mensam

126 3803 299 3881 posuimus:
333 3780 532 3861 comederunt
553 3784 840 3882 autem'nobiscum·
863 3814 932 3858 cum
952 3795 1142 3872 jucunditate
1166 3801 1196 3855 et
1220 3796 1302 3855 bibe-

126 3913 196 3967 runt
228 3907 345 3976 vinum,
372 3910 493 3964 'contra
532 3902 632 3980 legem
651 3896 844 3963 'Machometi
878 3907 909 3961 et
939 3918 1008 3960 cum
1042 3897 1250 3976 objurgatione
1273 3902 1305 3956 et

127 4008 330 4070 detestatione
354 4024 388 4067 ac
410 4005 598 4083 blasphemia
620 4002 814 4087 Machometi.
860 4003 896 4063 Et
920 4002 1001 4063 diem
1024 4003 1107 4062 illam
1123 3999 1303 4060 deduximus

126 4127 205 4172 cum·
219 4110 278 4171 illis
301 4108 488 4175 Mamalnois.
534 4105 566 4167 ln
590 4125 696 4167 eorum
719 4123 844 4168 recessu
866 4107 1072 4185 promiserunt
1094 4104 1196 4173 nobis,
1221 4099 1304 4179 quod

125 4214 158 4273 in
180 4215 345 4276 crastinum
367 4209 406 4273 ad
427 4227 483 4272 nos
512 4209 625 4271 vellent
647 4211 758 4295 ,venire
788 4214 819 4269 et
849 4224 905 4285 per
931 4206 1038 4281 urbem
1064 4202 1304 4266 circumducere

1016 4320 1017 4324 ,
1043 4319 1090 4373 3„
