2874 4770
678 175 742 247 16⁵

126 354 190 418 llos
211 351 446 416 circumstabant
466 353 553 415 multi
575 359 709 416 emtores
724 354 854 434 gentiles
881 361 914 417 et
938 355 1108 418 caedant
1128 354 1169 417 de
1191 354 1298 418 rendi·

129 461 212 520 tione
233 458 404 528 hominum,
429 473 505 534 quos
521 456 659 524 Christus
681 459 755 516 emit
775 476 832 518 sua
851 460 985 538 pretiosa
1005 468 1113 521 morte.
1142 458 1298 539 Aliquam·

130 563 182 624 diu
205 562 343 623 stetimus
366 562 397 620 in
419 560 478 621 hoc
499 559 620 620 lunesto
642 560 709 620 foro
738 567 770 621 et
800 561 1023 634 lamentabiles,
1043 565 1106 625 imo
1138 563 1298 624 horribiles

130 649 286 728 homiuum
313 667 569 725 contrectationes
599 663 737 724 vidimus.
782 665 859 724 Nam
887 665 959 727 dum
984 665 1076 728 lromo
1104 668 1169 730 vult
1190 685 1296 729 emere

128 772 297 840 hominem,
326 767 495 828 masculum
519 773 569 827 aut
591 767 784 840 ioemellam,
814 771 903 830 intrat
925 769 1050 830 domum
1072 779 1104 833 et
1125 772 1299 833 considerat

126 875 264 944 venales,
288 875 354 951 quis
378 873 436 932 sibi
458 872 591 950 placeat,
620 879 652 932 et
673 875 704 932 in
727 873 777 933 illa
800 873 1044 933 consideratione
1066 882 1135 934 snut
1155 876 1297 936 oculatis·

126 979 195 1040 simi
218 983 249 1037 et
272 977 487 1055 expertissimi,
510 994 571 1035 non
595 977 676 1037 enim
700 983 747 1036 est
761 977 898 1038 medicus
922 984 974 1037 aut
990 975 1151 1056 physicus,
1173 981 1225 1056 qui
1245 997 1298 1039 ra·

126 1082 186 1142 leat
208 1083 251 1141 eis
275 1081 442 1158 comparari
470 1082 501 1139 in
524 1080 744 1158 cognoscendis
769 1081 1029 1159 complexionibus
1063 1087 1095 1140 et
1118 1079 1298 1141 conditioni·

124 1187 181 1247 bus
202 1186 373 1254 hominum3
397 1183 570 1244 immediate
595 1187 693 1254 enim,
716 1186 802 1243 utin
825 1183 935 1244 faciem
958 1181 1085 1256 alicujus
1106 1186 1301 1263 inspexerint,

125 1292 211 1369 cujus
242 1291 281 1348 sit
302 1289 436 1357 caloris,
467 1288 538 1348 artis
560 1287 609 1348 vei
632 1283 688 1367 (lt)
717 1287 856 1347 fortunae
886 1295 1092 1365 cognoscunt,
1117 1295 1148 1348 et
1171 1290 1197 1347 si
1220 1305 1297 1365 puer

127 1402 189 1469 est,
222 1395 294 1464 scit,
334 1398 370 1452 ut
405 1409 477 1451 eum
508 1393 649 1469 inspicit,
692 1391 730 1451 ad
762 1391 846 1470 qnod
881 1393 990 1452 habilis
1022 1395 1071 1452 sit
1128 1391 1179 1450 Sic
1212 1393 1303 1450 ctiam

127 1499 159 1558 in
183 1492 402 1575 cognoscendis
433 1496 583 1571 equorum
611 1497 725 1555 naturis
756 1503 787 1555 et
810 1495 1032 1556 conditionibus
1055 1502 1169 1555 tantam
1190 1495 1303 1555 habent

127 1598 376 1668 industriam„ut
397 1596 557 1658 videantur
570 1615 692 1658 omnem
709 1599 851 1678 physicae
875 1602 947 1660 artis
970 1601 1110 1679 peritiam
1126 1596 1302 1677 adplenum

108 1746 111 1751 -
131 1701 302 1771 consecuti,
326 1699 365 1760 ad
385 1718 480 1761 unum
503 1702 587 1760 euim
607 1704 730 1763 unicum
751 1709 927 1781 respectum
949 1720 1056 1762 omnes
1079 1701 1146 1778 ejus
1165 1701 1303 1762 deiectus

130 1812 162 1865 et
183 1802 352 1882 proiectus,
387 1808 418 1863 et
438 1802 526 1880 'cujus
549 1805 588 1864 sit
603 1805 758 1878 utilitatis,
782 1809 890 1867 aetatis
921 1813 950 1866 ct
983 1806 1095 1867 valoris
1127 1803 1302 1865 immediate

130 1909 310 1969 discernunt.
356 1906 431 1968 Aliis
463 1911 545 1968 enim
574 1909 686 1970 artibus
718 1911 912 1990 speculativis
943 1909 1147 1991 phpsicdibus
1178 1910 1301 1968 omnino

128 2020 242 2084 carent,
280 2028 338 2072 nec
369 2018 418 2073 est
455 2011 534 2090 apud
574 2028 628 2071 cos
671 2015 808 2090 quaestio
845 2012 883 2073 de
914 2016 1013 2074 anima
1051 2020 1102 2073 aut
1138 2011 1206 2088 ejus
1244 2029 1298 2089 po·

127 2119 249 2189 tentiis,
289 2116 479 2196 passionibus
515 2122 547 2176 et
579 2115 746 2187 habitibus,
778 2133 836 2176 nec
871 2123 1019 2193 quacmnt
1053 2116 1091 2177 de
1126 2115 1191 2191 ejus
1223 2115 1301 2176 iniu-

126 2223 211 2282 sione
244 2225 296 2280 aut
326 2221 437 2279 unione
468 2217 536 2295 ejus
566 2237 637 2280 cum
666 2237 803 2298 corpore.
856 2218 919 2279 Sed
948 2228 1051 2280 tamen
1081 2222 1113 2279 iu
1146 2218 1302 2296 praedicto

129 2330 199 2384 sunt
220 2339 312 2400 super
333 2338 441 2381 omues
462 2322 615 2382 naturales
636 2329 668 2382 et
689 2323 832 2402 physicos
854 2325 960 2401 periti,
983 2331 1044 2383 tam
1064 2325 1096 2382 iu
1111 2325 1302 2401 inspectione

120 2426 295 2487 'bostiamm
333 2440 424 2501 quam
453 2423 619 2484 hominum.
665 2425 745 2486 Dum
775 2445 848 2506 crgo
879 2427 985 2505 aliquis
1012 2429 1167 2489 homiuem
1199 2444 1302 2485 emere

131 2528 238 2589 volens
262 2526 432 2587 considerat
458 2527 515 2586 sibi
538 2526 725 2606 placentem,
756 2529 890 2590 extendit
920 2548 1042 2591 manum
1074 2535 1104 2591 in
1137 2530 1301 2601 cumulum,

134 2638 165 2719 et
196 2632 370 2711 placentem
402 2630 576 2692 ioemellam
608 2633 657 2694 rel
689 2634 856 2696 masculum
883 2634 984 2695 educit
1021 2641 1053 2695 et
1081 2638 1171 2697 variis
1203 2633 1302 2694 modis

129 2736 236 2815 probat
258 2734 437 2807 emendum,
470 2737 603 2815 loquitur
625 2740 653 2798 ci
682 2746 713 2800 et
737 2739 820 2800 audit
842 2756 1040 2817 responsum,
1065 2740 1092 2798 si
1115 2739 1301 2799 rationabile,

69 2814 77 2838 ⁹
128 2840 268 2918 Respicit
291 2841 319 2899 ci
341 2842 372 2900 in
396 2840 516 2912 oculos,
540 2858 577 2901 au
600 2842 695 2903 bonos
719 2851 751 2904 ct
777 2850 878 2905 rectos
900 2843 1007 2914 habet,
1030 2859 1068 2902 an
1089 2841 1168 2902 bene
1193 2842 1302 2912 audiat,

127 2950 237 3015 tentat,
261 2949 292 3003 et
311 2943 434 3004 demum
450 2946 543 3005 etiam
557 2949 747 3009 vestimentis
762 2946 897 3009 denudat
919 2954 1027 3008 notans
1043 2949 1143 3007 omnia
1159 2946 1303 3016 membra,

127 3066 217 3128 quam
238 3046 448 3121 verecundus,
471 3067 562 3127 quam
583 3052 724 3123 timidus,
750 3070 842 3130 quam
863 3052 977 3122 laetus,
1001 3068 1093 3129 qnam
1115 3052 1210 3111 tristis
1230 3067 1302 3108 rou-

126 3151 257 3222 siderat,
281 3169 371 3230 quam
393 3170 485 3213 sanus
509 3159 540 3213 et
561 3156 690 3233 integer.
734 3153 796 3227 lbi,
829 3154 912 3235 quod
933 3153 1032 3233 pudor
1054 3153 1154 3225 dictu,
1182 3171 1301 3213 mascu-

126 3257 225 3318 lomm
253 3262 284 3316 et
311 3255 513 3317 foeminarum
544 3258 702 3336 pudenda.
718 3277 820 3320 coram
847 3258 987 3318 omnibus
1019 3264 1244 3318 contrectantur
1271 3263 1304 3316 et

127 3359 286 3422 manifesto
324 3359 538 3433 ostenduntur,
577 3362 650 3423 nudi
688 3364 782 3422 etiam
816 3361 1039 3439 compelluntur
1084 3364 1166 3422 oaesi
1197 3360 1301 3438 flagel-

126 3465 164 3526 lis
195 3481 298 3524 coram
325 3463 463 3524 omnibus
493 3465 655 3537 incedere,
696 3480 834 3535 currere,
864 3462 1018 3525 ambulare
1048 3471 1080 3525 et
1108 3464 1237 3536 saltare,
1270 3472 1303 3525 ut

125 3567 287 3629 manifeste
311 3573 469 3647 appareat,
494 3575 595 3629 utrum
615 3562 753 3631 infirmus
775 3568 825 3628 rel
851 3584 959 3638 sanus,
990 3568 1143 3628 masculus
1165 3567 1214 3629 rel
1236 3566 1302 3627 loe·

125 3672 236 3743 mella,
274 3673 359 3749 virgo
400 3677 451 3730 aut
492 3679 642 3750 corrupta.
693 3673 731 3733 Et
768 3675 794 3733 si
832 3688 909 3749 quos
944 3669 1074 3730 viderint
1110 3670 1302 3742 embcsccre,

127 3776 207 3835 circa
222 3773 291 3834 illos
307 3775 402 3852 magis
419 3777 531 3835 instant
552 3775 755 3855 impellendo,
777 3779 869 3856 virgis
885 3774 1055 3847 caedendo,
1079 3774 1302 3854 colaphisaudo,

125 3884 160 3938 ut
188 3879 232 3939 sic
255 3883 360 3938 coacte
391 3876 496 3948 iaciat,
521 3878 602 3956 quod
625 3887 734 3958 sponte
763 3882 882 3942 emituit
905 3897 1007 3941 coram
1030 3880 1167 3940 omuibus
1190 3878 1301 3937 lacere,

126 3979 255 4041 l’robato
279 3987 380 4041 autem
403 3981 528 4042 homine
543 3984 726 4044 conveniunt
742 3990 842 4044 emtor
864 3991 895 4045 et
908 3982 1063 4053 venditor,
1086 3990 1118 4042 ct
1139 3984 1303 4052 bominem,

128 4103 233 4164 quem·
248 4085 386 4148 venditor
412 4087 551 4166 praebuit
572 4105 627 4165 pro
649 4086 704 4149 XV
727 4089 861 4159 ducatis,
887 4094 986 4148 emtor
1015 4087 1114 4147 solum
1137 4085 1226 4146 ullert
1248 4102 1303 4162 pro

130 4205 168 4248 eo
190 4191 338 4270 quinque,
370 4190 504 4269 allegans
527 4190 682 4253 delectum
703 4192 851 4265 hominis,
882 4194 945 4255 sire
968 4192 1009 4251 sit
1030 4207 1106 4269 pure
1129 4188 1302 4269 corporalis,
