2874 4770
772 156 817 230 '1²

207 338 245 400 ad
267 356 302 399 se
324 336 442 418 ingredi
464 336 554 408 vidit;
578 337 637 398 nisi
658 337 747 416 sequi
777 338 967 415 antiquomm
998 353 1117 396 errores
1149 336 1302 414 placeret,
1338 336 1384 412 qui

209 441 357 522 quosdam
379 442 455 503 deos
477 441 623 522 putabant
653 439 862 519 perambulare
895 439 1019 508 domos,
1054 446 1084 498 et
1108 439 1192 498 bunc
1216 438 1382 508 laetificare,

208 548 300 608 alium
323 563 396 606 vero
420 544 596 624 perturbare
624 541 808 620 satagebant.
854 542 891 601 Et
923 541 1013 602 bodie
1046 542 1133 601 multi
1162 541 1244 601 illius
1279 559 1383 600 sensns

208 655 288 720 sunt,
312 647 393 726 quod
418 647 562 717 credunt,
596 647 626 705 in
649 646 737 706 lectis
756 644 896 722 jacentes
917 652 948 705 et
972 646 1131 722 vigilantes
1155 663 1189 704 se
1224 646 1323 723 premi
1352 645 1383 704 ab

208 753 266 814 diis
289 750 378 812 dictis
400 749 572 828 uetusti,
596 750 648 827 qui
671 755 754 808 tanto
776 748 911 827 pondere
935 754 1092 825 premunt,
1127 748 1211 825 quod
1245 766 1304 807 nec
1336 766 1382 824 ge·

209 853 311 915 mendi
334 870 393 914 nec
415 856 462 913 vin
485 850 620 932 spirandi
643 851 730 913 datur
752 853 848 912 locus.
879 852 1005 912 Constat
1027 857 1139 921 autem,
1163 852 1241 911 tales
1263 868 1383 928 pressu·

210 974 258 1018 ras
285 973 378 1035 saepe
393 956 458 1017 fleri
474 972 510 1016 er
532 955 660 1016 naturali
682 954 912 1034 indispositione
938 963 967 1015 et
991 973 1027 1014 er
1050 955 1214 1014 humorum
1237 954 1383 1031 intempe-

209 1067 275 1121 rato
304 1076 470 1130 concursu,
503 1058 552 1119 vel
584 1061 675 1121 etiam
708 1078 745 1121 er
774 1063 866 1121 nimia
898 1059 1048 1120 stomachi
1078 1058 1246 1135 repletione
1284 1063 1384 1116 auter

212 1163 351 1242 ejusdem
376 1165 467 1224 nimia
490 1165 697 1225 evacuatione.
728 1162 821 1223 Porro
836 1164 944 1241 vulgus
966 1179 1037 1222 vera
1053 1162 1226 1238 gravamina
1241 1162 1383 1229 sentiens,

211 1275 241 1329 et
263 1287 324 1328 non
347 1267 535 1345 intelligens,
559 1266 631 1345 quid
653 1268 732 1327 intra
756 1266 910 1335 sehabet,
934 1272 1018 1343 putat
1041 1266 1077 1326 ab
1108 1271 1191 1324 entra
1216 1264 1384 1334 adventare,

210 1378 241 1431 et
263 1370 376 1441 dicunt,
400 1387 468 1430 esse
492 1388 601 1448 parvos
624 1370 858 1441 homunciones,
890 1371 945 1448 qui'
973 1386 1066 1447 super
1093 1369 1209 1427 lectum
1242 1367 1385 1426 scandunt

211 1480 242 1533 et
264 1473 473 1550 quiescentem
496 1480 647 1551 premunt,
672 1475 766 1533 etita
791 1472 828 1533 ad
851 1490 921 1534 vera
950 1474 1131 1550 gravamima
1159 1471 1280 1531 accedit
1296 1471 1383 1549 phan-

212 1577 297 1635 tasia.
342 1575 505 1635 Nominant
527 1582 629 1636 eutem
652 1579 726 1637 istos
750 1578 970 1638 homunciones
994 1578 1089 1637 nostri
1112 1575 1253 1652 vulgares
1287 1580 1318 1633 et
1338 1591 1384 1633 ve·

212 1677 293 1738 tulae
337 1676 540 1750 Sebretellos‚
581 1697 658 1757 quos
704 1682 817 1759 antiqui
857 1680 996 1741 dicebant
1033 1681 1175 1740 Emactes
1215 1684 1245 1736 et
1291 1676 1384 1755 Ephy-

213 1785 306 1841 actes.
352 1780 495 1842 Rationes
518 1784 673 1842 nominum
702 1785 819 1860 ignoro.
866 1783 978 1844 Vemm
1013 1802 1074 1844 non
1106 1800 1272 1860 negamus,
1298 1781 1385 1840 multa

214 1885 316 1945 multis
354 1884 493 1945 accidere
540 1888 650 1963 quietis
688 1893 825 1966 tempore
863 1905 899 1947 ex
945 1886 1091 1947 diabolica
1134 1884 1286 1945 illusione.
1332 1881 1386 1942 Ab·

214 1988 333 2047 ominor
372 1989 452 2048 enim
484 1988 556 2067 quid
600 1988 701 2048 dicere
734 1987 772 2049 de
803 1987 984 2050 lncuborum
1024 1996 1055 2048 ct
1095 1987 1306 2047 Succuborum
1335 1987 1385 2043 im·

214 2096 342 2168 portuna
364 2091 526 2164 violentia,
562 2109 651 2170 quam
683 2109 831 2170 persaepe
866 2094 1058 2170 experiuntur
1081 2093 1216 2151 inclusae
1249 2090 1387 2166 virgines,
1430 2150 1432 2154 Α

214 2212 286 2255 num
307 2211 404 2272 usque
428 2195 466 2255 ad
489 2196 654 2275 penetralia
677 2195 821 2256 cellarum
845 2213 947 2256 earum
976 2197 1174 2272 perveniunt,
1210 2199 1240 2251 et
1265 2191 1388 2269 quidet

215 2305 361 2376 quantum
384 2299 481 2358 bonae
505 2305 536 2357 et
558 2298 685 2360 devotae
710 2316 857 2378 personae
881 2301 1040 2379 patiantur,
1063 2315 1161 2376 usquc
1185 2295 1222 2355 ad
1246 2311 1389 2355 nauseam

215 2401 363 2481 quottidie
398 2402 602 2479 querimonias
636 2403 813 2480 accipimus.
859 2401 921 2462 llos
953 2401 1087 2461 diabolos
1119 2418 1176 2461 nos
1199 2401 1389 2459 nominamus

215 2505 343 2566 lncubos
358 2511 389 2565 ct
405 2505 571 2564 Succubos.
596 2502 719 2581 Antiqui
735 2503 874 2564 dicebant
891 2503 964 2564 deos
980 2503 1209 2563 transformatos
1232 2502 1264 2561 id
1290 2518 1389 2580 agere.

215 2608 315 2687 Aliqui
339 2608 486 2679 dicebant,
511 2605 610 2687 (100
627 2604 670 2685 a)
687 2607 768 2684 quod
793 2606 833 2667 dii
851 2608 993 2668 silvarum
1010 2614 1040 2666 et
1056 2605 1257 2675 desertorum,
1284 2605 1390 2682 Satyri,

215 2713 308 2774 Fauni
331 2720 362 2773 et
383 2712 496 2791 Eppani
519 2711 557 2773 dc
580 2711 790 2773 solitudinibus
815 2711 1031 2790 egrederentur
1055 2716 1086 2769 et
1101 2711 1242 2788 innuptas
1261 2725 1386 2787 quaere-

217 2821 284 2875 rent
316 2817 422 2894 eisque
444 2815 469 2874 si
493 2821 618 2893 possent
641 2816 919 2877 commiscerentur.

306 2916 382 2979 Sunt
417 2926 517 2980 autem
551 2918 665 2997 Satyri,
694 2916 786 2978 Fauni
810 2924 839 2977 et
861 2917 974 2997 Epyani
997 2918 1145 2996 quaedam
1167 2917 1284 2976 bestiae
1306 2933 1392 2975 mon·

217 3027 363 3093 struosae,
387 3022 519 3100 effigiem
543 3021 667 3100 quidem
689 3022 820 3083 hominis
843 3023 989 3082 babentes
1019 3029 1049 3083 et
1082 3023 1113 3081 in
1135 3020 1237 3080 multis
1261 3019 1391 3090 bomini·

216 3125 273 3187 bus
296 3126 422 3196 similes,
446 3126 590 3185 etiamin
613 3143 702 3197 voce,
728 3125 783 3185 sed
807 3126 956 3185 humanae
979 3126 1102 3186 rationis
1125 3142 1185 3183 non
1208 3129 1279 3183 sunt
1301 3123 1392 3200 parti·

218 3230 320 3309 cipes,
355 3235 385 3290 et
416 3245 473 3289 nec
511 3235 617 3289 natura
651 3247 709 3288 nec
743 3235 807 3289 arte
843 3237 913 3291 sunt
948 3227 1092 3300 docibiles
1126 3224 1163 3286 ad
1191 3224 1392 3303 loquendum.

217 3330 328 3393 Ferum
351 3339 382 3392 et
404 3331 571 3392 belluinum
593 3331 704 3412 habent
727 3333 859 3391 animum
894 3338 924 3391 et
958 3329 1116 3393 bestialem
1151 3330 1339 3408 appetitum,
1365 3333 1395 3387 et

218 3438 288 3494 sunt
319 3433 350 3493 in
382 3419 526 3495 venerem
549 3435 636 3495 valde
660 3452 790 3512 pronae,
826 3442 856 3496 et
888 3435 1032 3495 mulieres
1065 3434 1145 3491 coitu
1178 3431 1334 3501 inliciunt,
1369 3431 1395 3490 si

220 3550 310 3612 quam
333 3534 363 3617 iu
388 3534 509 3597 deserto
538 3539 587 3598 vel
610 3541 784 3600 nemoribus
808 3541 997 3620 oberrantem
1020 3537 1196 3596 invenerint.
1242 3533 1316 3592 ldeo
1350 3532 1395 3592 di-

220 3641 330 3699 cuntur
353 3637 470 3718 Satyri,
506 3629 576 3717 quia
605 3659 665 3701 non
688 3641 961 3720 possunt-libidine
992 3642 1101 3704 satiari.
1147 3637 1260 3697 Dicunt
1293 3640 1396 3708 etiem,

220 3736 301 3817 quod
323 3744 407 3801 tanto
430 3749 516 3802 aestu
550 3744 731 3822 quaudoque
751 3754 909 3806 'venerem
941 3751 1105 3824 appetunt,
1140 3739 1221 3820 quod
1252 3741 1397 3805 noctibus

220 3843 258 3906 de
281 3845 452 3908 nemoribus
476 3853 587 3907 exeunt
628 3853 659 3907 ct
692 3864 746 3924 per
768 3860 871 3908 muros
895 3848 1080 3920 ascendunt,
1113 3845 1250 3907 cubicula
1273 3849 1397 3918 intrant,

221 3953 252 4008 et
274 3945 421 4010 foeminas
446 3955 605 4028 quaerunt,
629 3955 659 4009 et
683 3947 720 4008 ad
742 3947 822 4007 solas
842 3948 981 4025 jacentes
1005 3968 1038 4011 se
1061 3958 1176 4031 ponunt
1199 3956 1237 4010 et⁴
1263 3951 1397 4012 mirabili

221 4048 366 4132 applausu
389 4051 496 4115 adsui
520 4051 736 4115 admissionem
771 4070 822 4113 eas
854 4056 1009 4116 inducunt.
1057 4057 1118 4119 Sed
1142 4074 1178 4116 an
1206 4073 1315 4116 verum
1347 4058 1398 4127 sit,

221 4151 345 4226 dubito,
373 4156 434 4217 imo
457 4173 519 4217 non
543 4154 634 4217 credo
657 4159 701 4219 sic
725 4172 803 4228 esse,
827 4174 897 4219 cum
919 4161 949 4220 in
972 4163 1083 4223 nostris
1112 4159 1286 4222 nemoribus
1320 4178 1396 4222 nus·
