<?xml version="1.0" encoding="UTF-8"?>
<!DOCTYPE html PUBLIC "-//W3C//DTD XHTML 1.0 Transitional//EN"
    "http://www.w3.org/TR/xhtml1/DTD/xhtml1-transitional.dtd">
<html xmlns="http://www.w3.org/1999/xhtml" xml:lang="en" lang="en">
 <head>
  <title>
</title>
<meta http-equiv="Content-Type" content="text/html;charset=utf-8" />
  <meta name='ocr-system' content='tesseract 3.04.00' />
  <meta name='ocr-capabilities' content='ocr_page ocr_carea ocr_par ocr_line ocrx_word'/>
</head>
<body>
  <div class='ocr_page' id='page_1' title='image "./fratrisfelicisf00fabrgoog_0187.png"; bbox 0 0 2874 4770; ppageno 0'>
   <div class='ocr_carea' id='block_1_1' title="bbox 689 160 753 237">
    <p class='ocr_par' dir='ltr' id='par_1_1' title="bbox 689 160 753 237">
     <span class='ocr_line' id='line_1_1' title="bbox 689 160 753 237; baseline 0.031 -2"><span class='ocrx_word' id='word_1_1' title='bbox 689 160 753 237; x_wconf 78' lang='lat' dir='ltr'><strong>tas</strong></span> 
     </span>
    </p>
   </div>
   <div class='ocr_carea' id='block_1_2' title="bbox 30 341 1310 425">
    <p class='ocr_par' dir='ltr' id='par_1_2' title="bbox 30 341 1310 425">
     <span class='ocr_line' id='line_1_2' title="bbox 30 341 1310 425; baseline 0.002 -17"><span class='ocrx_word' id='word_1_2' title='bbox 30 384 33 388; x_wconf 92' lang='lat'>-</span> <span class='ocrx_word' id='word_1_3' title='bbox 134 349 237 409; x_wconf 64' lang='lat' dir='ltr'><strong>amm</strong></span> <span class='ocrx_word' id='word_1_4' title='bbox 258 342 355 408; x_wconf 83' lang='lat' dir='ltr'><strong>Nilus·</strong></span> <span class='ocrx_word' id='word_1_5' title='bbox 370 342 406 407; x_wconf 88' lang='lat' dir='ltr'><strong>sb</strong></span> <span class='ocrx_word' id='word_1_6' title='bbox 428 341 628 425; x_wconf 74' lang='lat' dir='ltr'><strong>Aethiopibus</strong></span> <span class='ocrx_word' id='word_1_7' title='bbox 652 346 783 408; x_wconf 87' lang='lat' dir='ltr'><strong>omissus</strong></span> <span class='ocrx_word' id='word_1_8' title='bbox 804 346 838 406; x_wconf 92' lang='lat' dir='ltr'><strong>in</strong></span> <span class='ocrx_word' id='word_1_9' title='bbox 859 345 977 418; x_wconf 91' lang='lat' dir='ltr'><strong>locum,</strong></span> <span class='ocrx_word' id='word_1_10' title='bbox 1008 364 1077 408; x_wconf 94' lang='lat' dir='ltr'><strong>cum</strong></span> <span class='ocrx_word' id='word_1_11' title='bbox 1101 365 1209 409; x_wconf 91' lang='lat' dir='ltr'><strong>secum</strong></span> <span class='ocrx_word' id='word_1_12' title='bbox 1231 366 1310 410; x_wconf 89' lang='lat' dir='ltr'><strong>sem·</strong></span> 
     </span>
    </p>
   </div>
   <div class='ocr_carea' id='block_1_3' title="bbox 75 449 1312 1473">
    <p class='ocr_par' dir='ltr' id='par_1_3' title="bbox 75 449 1312 1473">
     <span class='ocr_line' id='line_1_3' title="bbox 131 449 1312 531; baseline 0.003 -20"><span class='ocrx_word' id='word_1_13' title='bbox 131 466 189 530; x_wconf 87' lang='lat' dir='ltr'><strong>per</strong></span> <span class='ocrx_word' id='word_1_14' title='bbox 209 449 289 511; x_wconf 86' lang='lat' dir='ltr'><strong>ierat</strong></span> <span class='ocrx_word' id='word_1_15' title='bbox 311 455 425 510; x_wconf 90' lang='lat' dir='ltr'><strong>terram</strong></span> <span class='ocrx_word' id='word_1_16' title='bbox 446 455 477 510; x_wconf 86' lang='lat' dir='ltr'><strong>ot</strong></span> <span class='ocrx_word' id='word_1_17' title='bbox 499 449 607 510; x_wconf 92' lang='lat' dir='ltr'><strong>limum</strong></span> <span class='ocrx_word' id='word_1_18' title='bbox 631 451 805 528; x_wconf 87' lang='lat' dir='ltr'><strong>copiosum,</strong></span> <span class='ocrx_word' id='word_1_19' title='bbox 828 451 1062 531; x_wconf 87' lang='lat' dir='ltr'><strong>propterquod</strong></span> <span class='ocrx_word' id='word_1_20' title='bbox 1086 458 1117 513; x_wconf 91' lang='lat' dir='ltr'><strong>et</strong></span> <span class='ocrx_word' id='word_1_21' title='bbox 1140 452 1312 514; x_wconf 90' lang='lat' dir='ltr'><strong>turbidissi-</strong></span> 
     </span>
     <span class='ocr_line' id='line_1_4' title="bbox 133 547 1308 631; baseline 0.001 -16"><span class='ocrx_word' id='word_1_22' title='bbox 133 571 201 617; x_wconf 92' lang='lat' dir='ltr'><strong>mus</strong></span> <span class='ocrx_word' id='word_1_23' title='bbox 215 558 291 626; x_wconf 84' lang='lat' dir='ltr'><strong>est,</strong></span> <span class='ocrx_word' id='word_1_24' title='bbox 313 556 430 614; x_wconf 83' lang='lat' dir='ltr'><strong>tantum</strong></span> <span class='ocrx_word' id='word_1_25' title='bbox 454 553 495 614; x_wconf 91' lang='lat' dir='ltr'><strong>ibi</strong></span> <span class='ocrx_word' id='word_1_26' title='bbox 519 552 641 614; x_wconf 84' lang='lat' dir='ltr'><strong>adduxit</strong></span> <span class='ocrx_word' id='word_1_27' title='bbox 656 553 695 614; x_wconf 91' lang='lat' dir='ltr'><strong>de</strong></span> <span class='ocrx_word' id='word_1_28' title='bbox 709 559 807 624; x_wconf 80' lang='lat' dir='ltr'><strong>terra,</strong></span> <span class='ocrx_word' id='word_1_29' title='bbox 830 559 864 613; x_wconf 91' lang='lat' dir='ltr'><strong>ut</strong></span> <span class='ocrx_word' id='word_1_30' title='bbox 891 562 1178 631; x_wconf 86' lang='lat' dir='ltr'><strong>superexcresceret</strong></span> <span class='ocrx_word' id='word_1_31' title='bbox 1201 547 1308 630; x_wconf 82' lang='lat' dir='ltr'><strong>fundus</strong></span> 
     </span>
     <span class='ocr_line' id='line_1_5' title="bbox 133 648 1309 738; baseline 0.003 -20"><span class='ocrx_word' id='word_1_32' title='bbox 133 663 165 718; x_wconf 84' lang='lat' dir='ltr'><strong>et</strong></span> <span class='ocrx_word' id='word_1_33' title='bbox 195 660 278 718; x_wconf 87' lang='lat' dir='ltr'><strong>terra</strong></span> <span class='ocrx_word' id='word_1_34' title='bbox 307 657 464 718; x_wconf 88' lang='lat' dir='ltr'><strong>continens</strong></span> <span class='ocrx_word' id='word_1_35' title='bbox 484 653 606 727; x_wconf 85' lang='lat' dir='ltr'><strong>lieret,</strong></span> <span class='ocrx_word' id='word_1_36' title='bbox 634 661 667 717; x_wconf 89' lang='lat' dir='ltr'><strong>et</strong></span> <span class='ocrx_word' id='word_1_37' title='bbox 699 654 803 716; x_wconf 88' lang='lat' dir='ltr'><strong>multis</strong></span> <span class='ocrx_word' id='word_1_38' title='bbox 826 648 1015 734; x_wconf 75' lang='lat' dir='ltr'>temporibus</span> <span class='ocrx_word' id='word_1_39' title='bbox 1048 661 1132 736; x_wconf 86' lang='lat' dir='ltr'><strong>regio</strong></span> <span class='ocrx_word' id='word_1_40' title='bbox 1165 660 1309 738; x_wconf 87' lang='lat' dir='ltr'><strong>paludosa</strong></span> 
     </span>
     <span class='ocr_line' id='line_1_6' title="bbox 132 749 1307 843; baseline 0 -19"><span class='ocrx_word' id='word_1_41' title='bbox 132 749 286 824; x_wconf 85' lang='lat' dir='ltr'><strong>vermibus</strong></span> <span class='ocrx_word' id='word_1_42' title='bbox 309 767 341 823; x_wconf 92' lang='lat' dir='ltr'><strong>ct</strong></span> <span class='ocrx_word' id='word_1_43' title='bbox 359 758 543 822; x_wconf 81' lang='lat' dir='ltr'>&#39;draconibus</span> <span class='ocrx_word' id='word_1_44' title='bbox 566 759 656 839; x_wconf 89' lang='lat' dir='ltr'><strong>plena</strong></span> <span class='ocrx_word' id='word_1_45' title='bbox 671 762 846 832; x_wconf 79' lang='lat' dir='ltr'><strong>exsisteret,</strong></span> <span class='ocrx_word' id='word_1_46' title='bbox 870 780 1016 823; x_wconf 89' lang='lat' dir='ltr'><strong>successu</strong></span> <span class='ocrx_word' id='word_1_47' title='bbox 1038 769 1140 825; x_wconf 88' lang='lat' dir='ltr'><strong>autem</strong></span> <span class='ocrx_word' id='word_1_48' title='bbox 1163 765 1307 843; x_wconf 89' lang='lat' dir='ltr'><strong>temporis</strong></span> 
     </span>
     <span class='ocr_line' id='line_1_7' title="bbox 133 849 1308 946; baseline 0 -20"><span class='ocrx_word' id='word_1_49' title='bbox 133 866 342 929; x_wconf 78' lang='lat' dir='ltr'><strong>exsiccabatur</strong></span> <span class='ocrx_word' id='word_1_50' title='bbox 363 865 465 946; x_wconf 90' lang='lat' dir='ltr'><strong>palus,</strong></span> <span class='ocrx_word' id='word_1_51' title='bbox 489 865 629 944; x_wconf 84' lang='lat' dir='ltr'><strong>iactaque</strong></span> <span class='ocrx_word' id='word_1_52' title='bbox 647 870 701 925; x_wconf 82' lang='lat' dir='ltr'><strong>est</strong></span> <span class='ocrx_word' id='word_1_53' title='bbox 716 849 800 944; x_wconf 86' lang='lat' dir='ltr'><strong>regio</strong></span> <span class='ocrx_word' id='word_1_54' title='bbox 824 865 971 927; x_wconf 86' lang='lat' dir='ltr'><strong>silvestris</strong></span> <span class='ocrx_word' id='word_1_55' title='bbox 993 867 1024 927; x_wconf 93' lang='lat' dir='ltr'><strong>in</strong></span> <span class='ocrx_word' id='word_1_56' title='bbox 1043 853 1147 946; x_wconf 84' lang='lat' dir='ltr'><strong>parte,</strong></span> <span class='ocrx_word' id='word_1_57' title='bbox 1170 869 1204 928; x_wconf 93' lang='lat' dir='ltr'><strong>in</strong></span> <span class='ocrx_word' id='word_1_58' title='bbox 1228 870 1308 946; x_wconf 86' lang='lat' dir='ltr'><strong>parte</strong></span> 
     </span>
     <span class='ocr_line' id='line_1_8' title="bbox 98 959 1308 1053; baseline -0.002 -21"><span class='ocrx_word' id='word_1_59' title='bbox 98 1046 100 1053; x_wconf 16' lang='lat' dir='ltr'>y</span> <span class='ocrx_word' id='word_1_60' title='bbox 132 971 242 1032; x_wconf 88' lang='lat' dir='ltr'><strong>mansit</strong></span> <span class='ocrx_word' id='word_1_61' title='bbox 264 984 304 1032; x_wconf 83' lang='lat' dir='ltr'><strong>er</strong></span> <span class='ocrx_word' id='word_1_62' title='bbox 314 969 383 1032; x_wconf 84' lang='lat' dir='ltr'><strong>Nilo</strong></span> <span class='ocrx_word' id='word_1_63' title='bbox 405 968 561 1049; x_wconf 85' lang='lat' dir='ltr'><strong>paludosa.</strong></span> <span class='ocrx_word' id='word_1_64' title='bbox 606 967 639 1029; x_wconf 81' lang='lat' dir='ltr'><strong>br</strong></span> <span class='ocrx_word' id='word_1_65' title='bbox 662 968 821 1048; x_wconf 92' lang='lat' dir='ltr'><strong>paludibus</strong></span> <span class='ocrx_word' id='word_1_66' title='bbox 845 976 931 1030; x_wconf 90' lang='lat' dir='ltr'><strong>erant</strong></span> <span class='ocrx_word' id='word_1_67' title='bbox 951 970 1106 1046; x_wconf 87' lang='lat' dir='ltr'><strong>cocodrilli</strong></span> <span class='ocrx_word' id='word_1_68' title='bbox 1130 977 1161 1032; x_wconf 87' lang='lat' dir='ltr'><strong>et</strong></span> <span class='ocrx_word' id='word_1_69' title='bbox 1184 959 1308 1051; x_wconf 88' lang='lat' dir='ltr'><strong>serpen-</strong></span> 
     </span>
     <span class='ocr_line' id='line_1_9' title="bbox 132 1074 1309 1155; baseline 0.001 -20"><span class='ocrx_word' id='word_1_70' title='bbox 132 1079 181 1135; x_wconf 88' lang='lat' dir='ltr'><strong>tes</strong></span> <span class='ocrx_word' id='word_1_71' title='bbox 203 1075 319 1155; x_wconf 89' lang='lat' dir='ltr'><strong>magni,</strong></span> <span class='ocrx_word' id='word_1_72' title='bbox 341 1076 374 1135; x_wconf 92' lang='lat' dir='ltr'><strong>in</strong></span> <span class='ocrx_word' id='word_1_73' title='bbox 396 1074 480 1137; x_wconf 84' lang='lat' dir='ltr'><strong>silvis</strong></span> <span class='ocrx_word' id='word_1_74' title='bbox 502 1075 608 1135; x_wconf 88' lang='lat' dir='ltr'><strong>leones</strong></span> <span class='ocrx_word' id='word_1_75' title='bbox 632 1080 719 1135; x_wconf 91' lang='lat' dir='ltr'><strong>erant</strong></span> <span class='ocrx_word' id='word_1_76' title='bbox 741 1081 771 1135; x_wconf 90' lang='lat' dir='ltr'><strong>et</strong></span> <span class='ocrx_word' id='word_1_77' title='bbox 792 1075 1000 1136; x_wconf 76' lang='lat' dir='ltr'><strong>ferocissimae</strong></span> <span class='ocrx_word' id='word_1_78' title='bbox 1014 1075 1148 1147; x_wconf 80' lang='lat' dir='ltr'><strong>bestiae,</strong></span> <span class='ocrx_word' id='word_1_79' title='bbox 1171 1077 1216 1136; x_wconf 87' lang='lat' dir='ltr'><strong>ita</strong></span> <span class='ocrx_word' id='word_1_80' title='bbox 1232 1074 1309 1155; x_wconf 94' lang='lat' dir='ltr'><strong>quod</strong></span> 
     </span>
     <span class='ocr_line' id='line_1_10' title="bbox 75 1178 1308 1267; baseline -0.001 -27"><span class='ocrx_word' id='word_1_81' title='bbox 75 1248 86 1267; x_wconf 25' lang='lat' dir='ltr'><strong>g</strong></span> <span class='ocrx_word' id='word_1_82' title='bbox 131 1178 239 1240; x_wconf 89' lang='lat' dir='ltr'><strong>nullus·</strong></span> <span class='ocrx_word' id='word_1_83' title='bbox 263 1180 355 1242; x_wconf 91' lang='lat' dir='ltr'><strong>bomo</strong></span> <span class='ocrx_word' id='word_1_84' title='bbox 385 1188 477 1242; x_wconf 86' lang='lat' dir='ltr'><strong>ausus</strong></span> <span class='ocrx_word' id='word_1_85' title='bbox 510 1181 552 1241; x_wconf 94' lang='lat' dir='ltr'><strong>ibi</strong></span> <span class='ocrx_word' id='word_1_86' title='bbox 585 1180 643 1241; x_wconf 85' lang='lat' dir='ltr'><strong>tuit</strong></span> <span class='ocrx_word' id='word_1_87' title='bbox 666 1181 854 1259; x_wconf 87' lang='lat' dir='ltr'><strong>aliquatenus</strong></span> <span class='ocrx_word' id='word_1_88' title='bbox 868 1186 1015 1253; x_wconf 88' lang='lat' dir='ltr'><strong>manere,</strong></span> <span class='ocrx_word' id='word_1_89' title='bbox 1051 1197 1213 1259; x_wconf 88' lang='lat' dir='ltr'><strong>quousque</strong></span> <span class='ocrx_word' id='word_1_90' title='bbox 1236 1178 1308 1240; x_wconf 89' lang='lat' dir='ltr'><strong>ller-</strong></span> 
     </span>
     <span class='ocr_line' id='line_1_11' title="bbox 134 1282 1309 1362; baseline -0.001 -19"><span class='ocrx_word' id='word_1_91' title='bbox 134 1282 218 1344; x_wconf 84' lang='lat' dir='ltr'><strong>oulas</strong></span> <span class='ocrx_word' id='word_1_92' title='bbox 252 1285 335 1346; x_wconf 83' lang='lat' dir='ltr'><strong>venit</strong></span> <span class='ocrx_word' id='word_1_93' title='bbox 365 1290 406 1344; x_wconf 25' lang='lat' dir='ltr'><strong>et.</strong></span> <span class='ocrx_word' id='word_1_94' title='bbox 429 1284 542 1344; x_wconf 87' lang='lat' dir='ltr'><strong>bestias</strong></span> <span class='ocrx_word' id='word_1_95' title='bbox 567 1299 727 1361; x_wconf 85' lang='lat' dir='ltr'><strong>aggressus</strong></span> <span class='ocrx_word' id='word_1_96' title='bbox 749 1285 781 1344; x_wconf 93' lang='lat' dir='ltr'><strong>in</strong></span> <span class='ocrx_word' id='word_1_97' title='bbox 804 1283 962 1362; x_wconf 90' lang='lat' dir='ltr'><strong>paludibus</strong></span> <span class='ocrx_word' id='word_1_98' title='bbox 985 1290 1017 1345; x_wconf 90' lang='lat' dir='ltr'><strong>et</strong></span> <span class='ocrx_word' id='word_1_99' title='bbox 1038 1285 1122 1345; x_wconf 87' lang='lat' dir='ltr'><strong>silvis</strong></span> <span class='ocrx_word' id='word_1_100' title='bbox 1155 1285 1309 1362; x_wconf 86' lang='lat' dir='ltr'><strong>regionem</strong></span> 
     </span>
     <span class='ocr_line' id='line_1_12' title="bbox 133 1384 1308 1473; baseline -0.002 -24"><span class='ocrx_word' id='word_1_101' title='bbox 133 1389 273 1469; x_wconf 88' lang='lat' dir='ltr'><strong>purgavit</strong></span> <span class='ocrx_word' id='word_1_102' title='bbox 308 1384 436 1466; x_wconf 86' lang='lat' dir='ltr'><strong>eamque</strong></span> <span class='ocrx_word' id='word_1_103' title='bbox 468 1387 639 1473; x_wconf 84' lang='lat' dir='ltr'><strong>bominibus</strong></span> <span class='ocrx_word' id='word_1_104' title='bbox 669 1386 708 1448; x_wconf 89' lang='lat' dir='ltr'><strong>ad</strong></span> <span class='ocrx_word' id='word_1_105' title='bbox 736 1386 930 1448; x_wconf 89' lang='lat' dir='ltr'><strong>habitandum</strong></span> <span class='ocrx_word' id='word_1_106' title='bbox 958 1389 1128 1466; x_wconf 79' lang='lat' dir='ltr'><strong>assignavit.</strong></span> <span class='ocrx_word' id='word_1_107' title='bbox 1178 1387 1308 1448; x_wconf 56' lang='lat' dir='ltr'><strong>consona</strong></span> 
     </span>
    </p>
   </div>
   <div class='ocr_carea' id='block_1_4' title="bbox 13 1489 1309 1584">
    <p class='ocr_par' dir='ltr' id='par_1_4' title="bbox 13 1489 1309 1584">
     <span class='ocr_line' id='line_1_13' title="bbox 13 1489 1309 1584; baseline -0.002 -32"><span class='ocrx_word' id='word_1_108' title='bbox 13 1577 17 1583; x_wconf 79' lang='lat'><strong>.</strong></span> <span class='ocrx_word' id='word_1_109' title='bbox 135 1491 210 1554; x_wconf 89' lang='lat' dir='ltr'><strong>dunt</strong></span> <span class='ocrx_word' id='word_1_110' title='bbox 227 1493 318 1579; x_wconf 85' lang='lat' dir='ltr'><strong>etiam</strong></span> <span class='ocrx_word' id='word_1_111' title='bbox 332 1489 474 1584; x_wconf 76' lang='lat' dir='ltr'><strong>Aegyptii</strong></span> <span class='ocrx_word' id='word_1_112' title='bbox 490 1497 610 1553; x_wconf 87' lang='lat' dir='ltr'><strong>veteres</strong></span> <span class='ocrx_word' id='word_1_113' title='bbox 626 1491 690 1552; x_wconf 83' lang='lat' dir='ltr'><strong>fere</strong></span> <span class='ocrx_word' id='word_1_114' title='bbox 707 1508 822 1564; x_wconf 90' lang='lat' dir='ltr'><strong>omnes,</strong></span> <span class='ocrx_word' id='word_1_115' title='bbox 847 1490 922 1551; x_wconf 87' lang='lat' dir='ltr'><strong>deos</strong></span> <span class='ocrx_word' id='word_1_116' title='bbox 945 1491 1103 1575; x_wconf 80' lang='lat' dir='ltr'><strong>gentilium</strong></span> <span class='ocrx_word' id='word_1_117' title='bbox 1122 1509 1160 1552; x_wconf 83' lang='lat' dir='ltr'><strong>cx</strong></span> <span class='ocrx_word' id='word_1_118' title='bbox 1173 1489 1309 1570; x_wconf 82' lang='lat' dir='ltr'><strong>Aegypto</strong></span> 
     </span>
    </p>
   </div>
   <div class='ocr_carea' id='block_1_5' title="bbox 134 1593 1313 2089">
    <p class='ocr_par' dir='ltr' id='par_1_5' title="bbox 134 1593 1313 1992">
     <span class='ocr_line' id='line_1_14' title="bbox 135 1593 1309 1674; baseline -0.002 -16"><span class='ocrx_word' id='word_1_119' title='bbox 135 1603 187 1658; x_wconf 86' lang='lat' dir='ltr'><strong>aut</strong></span> <span class='ocrx_word' id='word_1_120' title='bbox 214 1596 341 1658; x_wconf 84' lang='lat' dir='ltr'><strong>babuise</strong></span> <span class='ocrx_word' id='word_1_121' title='bbox 374 1597 521 1674; x_wconf 87' lang='lat' dir='ltr'><strong>originem</strong></span> <span class='ocrx_word' id='word_1_122' title='bbox 550 1601 601 1657; x_wconf 91' lang='lat' dir='ltr'><strong>aut</strong></span> <span class='ocrx_word' id='word_1_123' title='bbox 625 1595 670 1661; x_wconf 84' lang='lat' dir='ltr'><strong>ibi</strong></span> <span class='ocrx_word' id='word_1_124' title='bbox 702 1593 796 1657; x_wconf 91' lang='lat' dir='ltr'><strong>divini</strong></span> <span class='ocrx_word' id='word_1_125' title='bbox 819 1594 918 1657; x_wconf 93' lang='lat' dir='ltr'><strong>cultus</strong></span> <span class='ocrx_word' id='word_1_126' title='bbox 942 1595 1198 1674; x_wconf 87' lang='lat' dir='ltr'><strong>magnificentiam</strong></span> <span class='ocrx_word' id='word_1_127' title='bbox 1220 1597 1309 1674; x_wconf 89' lang='lat' dir='ltr'><strong>insig-</strong></span> 
     </span>
     <span class='ocr_line' id='line_1_15' title="bbox 134 1690 1313 1779; baseline -0.001 -18"><span class='ocrx_word' id='word_1_128' title='bbox 134 1690 222 1762; x_wconf 86' lang='lat' dir='ltr'><strong>nibus</strong></span> <span class='ocrx_word' id='word_1_129' title='bbox 245 1702 340 1779; x_wconf 89' lang='lat' dir='ltr'><strong>gestis</strong></span> <span class='ocrx_word' id='word_1_130' title='bbox 363 1701 522 1762; x_wconf 87' lang='lat' dir='ltr'><strong>meruisse.</strong></span> <span class='ocrx_word' id='word_1_131' title='bbox 568 1699 740 1777; x_wconf 82' lang='lat' dir='ltr'><strong>Dicuntque</strong></span> <span class='ocrx_word' id='word_1_132' title='bbox 763 1701 794 1758; x_wconf 92' lang='lat' dir='ltr'><strong>in</strong></span> <span class='ocrx_word' id='word_1_133' title='bbox 817 1696 956 1779; x_wconf 77' lang='lat' dir='ltr'><strong>Aegypto</strong></span> <span class='ocrx_word' id='word_1_134' title='bbox 978 1701 1090 1778; x_wconf 92' lang='lat' dir='ltr'><strong>primos</strong></span> <span class='ocrx_word' id='word_1_135' title='bbox 1115 1703 1252 1761; x_wconf 86' lang='lat' dir='ltr'><strong>omnium</strong></span> <span class='ocrx_word' id='word_1_136' title='bbox 1275 1696 1313 1760; x_wconf 85' lang='lat' dir='ltr'><strong>ad</strong></span> 
     </span>
     <span class='ocr_line' id='line_1_16' title="bbox 136 1802 1309 1882; baseline -0.001 -16"><span class='ocrx_word' id='word_1_137' title='bbox 136 1803 240 1867; x_wconf 91' lang='lat' dir='ltr'><strong>coelos</strong></span> <span class='ocrx_word' id='word_1_138' title='bbox 262 1803 439 1882; x_wconf 86' lang='lat' dir='ltr'><strong>sustulisse,</strong></span> <span class='ocrx_word' id='word_1_139' title='bbox 456 1809 502 1865; x_wconf 81' lang='lat' dir='ltr'><strong>et</strong></span> <span class='ocrx_word' id='word_1_140' title='bbox 516 1803 612 1865; x_wconf 88' lang='lat' dir='ltr'><strong>solem</strong></span> <span class='ocrx_word' id='word_1_141' title='bbox 635 1808 665 1864; x_wconf 89' lang='lat' dir='ltr'><strong>et</strong></span> <span class='ocrx_word' id='word_1_142' title='bbox 687 1802 789 1864; x_wconf 90' lang='lat' dir='ltr'><strong>lunam</strong></span> <span class='ocrx_word' id='word_1_143' title='bbox 811 1810 844 1865; x_wconf 87' lang='lat' dir='ltr'><strong>ut</strong></span> <span class='ocrx_word' id='word_1_144' title='bbox 867 1803 942 1864; x_wconf 88' lang='lat' dir='ltr'><strong>deos</strong></span> <span class='ocrx_word' id='word_1_145' title='bbox 965 1803 1117 1865; x_wconf 91' lang='lat' dir='ltr'><strong>adorasse.</strong></span> <span class='ocrx_word' id='word_1_146' title='bbox 1148 1802 1239 1866; x_wconf 78' lang='lat' dir='ltr'><strong>Haeo</strong></span> <span class='ocrx_word' id='word_1_147' title='bbox 1252 1805 1309 1865; x_wconf 81' lang='lat' dir='ltr'><strong>llu-</strong></span> 
     </span>
     <span class='ocr_line' id='line_1_17' title="bbox 134 1888 1087 1992; baseline -0.009 -22"><span class='ocrx_word' id='word_1_148' title='bbox 134 1908 237 1992; x_wconf 85' lang='lat' dir='ltr'><strong>sebius</strong></span> <span class='ocrx_word' id='word_1_149' title='bbox 260 1907 302 1970; x_wconf 76' lang='lat' dir='ltr'><strong>de&#39;</strong></span> <span class='ocrx_word' id='word_1_150' title='bbox 322 1908 497 1987; x_wconf 71' lang='lat' dir='ltr'><strong>evangelica</strong></span> <span class='ocrx_word' id='word_1_151' title='bbox 518 1907 756 1987; x_wconf 81' lang='lat' dir='ltr'><strong>praeparatione.</strong></span> <span class='ocrx_word' id='word_1_152' title='bbox 781 1904 815 1968; x_wconf 80' lang='lat' dir='ltr'><strong>t.</strong></span> <span class='ocrx_word' id='word_1_153' title='bbox 838 1888 861 1968; x_wconf 71' lang='lat'><strong>1&#39;.</strong></span> <span class='ocrx_word' id='word_1_154' title='bbox 886 1907 919 1967; x_wconf 80' lang='lat'><strong>0.</strong></span> <span class='ocrx_word' id='word_1_155' title='bbox 944 1903 974 1970; x_wconf 89' lang='lat'><strong>6.</strong></span> <span class='ocrx_word' id='word_1_156' title='bbox 1011 1932 1013 1937; x_wconf 32' lang='lat' dir='ltr'>v</span> <span class='ocrx_word' id='word_1_157' title='bbox 1075 1958 1087 1964; x_wconf 68' lang='grc'><strong>,,</strong></span> 
     </span>
    </p>

    <p class='ocr_par' dir='ltr' id='par_1_6' title="bbox 177 1992 1311 2089">
     <span class='ocr_line' id='line_1_18' title="bbox 177 1992 1311 2089; baseline -0.001 -17"><span class='ocrx_word' id='word_1_158' title='bbox 177 2013 186 2025; x_wconf 74' lang='grc'><em>“</em></span> <span class='ocrx_word' id='word_1_159' title='bbox 221 1996 269 2073; x_wconf 85' lang='lat' dir='ltr'><strong>lbi</strong></span> <span class='ocrx_word' id='word_1_160' title='bbox 287 2010 360 2085; x_wconf 90' lang='lat' dir='ltr'><strong>lsis,</strong></span> <span class='ocrx_word' id='word_1_161' title='bbox 390 1992 557 2073; x_wconf 75' lang='lat' dir='ltr'><strong>clarissima</strong></span> <span class='ocrx_word' id='word_1_162' title='bbox 583 2011 733 2084; x_wconf 81' lang='lat' dir='ltr'><strong>foemina,</strong></span> <span class='ocrx_word' id='word_1_163' title='bbox 764 2009 859 2071; x_wconf 89' lang='lat' dir='ltr'><strong>metu</strong></span> <span class='ocrx_word' id='word_1_164' title='bbox 876 2012 969 2089; x_wconf 90' lang='lat' dir='ltr'><strong>patris</strong></span> <span class='ocrx_word' id='word_1_165' title='bbox 992 2007 1094 2071; x_wconf 92' lang='lat' dir='ltr'><strong>lnaobi</strong></span> <span class='ocrx_word' id='word_1_166' title='bbox 1124 2013 1206 2089; x_wconf 89' lang='lat' dir='ltr'><strong>regis</strong></span> <span class='ocrx_word' id='word_1_167' title='bbox 1228 2009 1311 2089; x_wconf 80' lang='lat' dir='ltr'><strong>Argi·</strong></span> 
     </span>
    </p>
   </div>
   <div class='ocr_carea' id='block_1_6' title="bbox 16 2109 1311 2196">
    <p class='ocr_par' dir='ltr' id='par_1_7' title="bbox 16 2109 1311 2196">
     <span class='ocr_line' id='line_1_19' title="bbox 16 2109 1311 2196; baseline -0.005 -16"><span class='ocrx_word' id='word_1_168' title='bbox 16 2142 20 2159; x_wconf 91' lang='lat'>·</span> <span class='ocrx_word' id='word_1_169' title='bbox 135 2118 247 2196; x_wconf 80' lang='lat' dir='ltr'><strong>rorum</strong></span> <span class='ocrx_word' id='word_1_170' title='bbox 263 2117 318 2178; x_wconf 83' lang='lat' dir='ltr'><strong>-ob</strong></span> <span class='ocrx_word' id='word_1_171' title='bbox 333 2121 540 2195; x_wconf 87' lang='lat' dir='ltr'><strong>perpetratum</strong></span> <span class='ocrx_word' id='word_1_172' title='bbox 571 2116 671 2177; x_wconf 90' lang='lat' dir='ltr'><strong>scelus</strong></span> <span class='ocrx_word' id='word_1_173' title='bbox 703 2109 843 2178; x_wconf 83' lang='lat' dir='ltr'><strong>adulterii</strong></span> <span class='ocrx_word' id='word_1_174' title='bbox 866 2133 937 2176; x_wconf 91' lang='lat' dir='ltr'><strong>oum</strong></span> <span class='ocrx_word' id='word_1_175' title='bbox 958 2112 1033 2176; x_wconf 79' lang='lat' dir='ltr'><strong>Jove</strong></span> <span class='ocrx_word' id='word_1_176' title='bbox 1069 2116 1190 2192; x_wconf 89' lang='lat' dir='ltr'><strong>navigio</strong></span> <span class='ocrx_word' id='word_1_177' title='bbox 1224 2115 1311 2187; x_wconf 85' lang='lat' dir='ltr'><strong>venit,</strong></span> 
     </span>
    </p>
   </div>
   <div class='ocr_carea' id='block_1_7' title="bbox 111 2209 1313 2926">
    <p class='ocr_par' dir='ltr' id='par_1_8' title="bbox 111 2209 1313 2926">
     <span class='ocr_line' id='line_1_20' title="bbox 137 2209 1312 2302; baseline -0.002 -20"><span class='ocrx_word' id='word_1_178' title='bbox 137 2224 168 2284; x_wconf 85' lang='lat' dir='ltr'><strong>et</strong></span> <span class='ocrx_word' id='word_1_179' title='bbox 190 2218 303 2282; x_wconf 80' lang='lat' dir='ltr'><strong>terram</strong></span> <span class='ocrx_word' id='word_1_180' title='bbox 316 2209 479 2281; x_wconf 70' lang='lat' dir='ltr'><strong>&#39;desertam</strong></span> <span class='ocrx_word' id='word_1_181' title='bbox 501 2222 658 2302; x_wconf 78' lang='lat' dir='ltr'><strong>reperiens</strong></span> <span class='ocrx_word' id='word_1_182' title='bbox 688 2219 888 2297; x_wconf 88' lang='lat' dir='ltr'><strong>hominesque</strong></span> <span class='ocrx_word' id='word_1_183' title='bbox 911 2218 1007 2295; x_wconf 91' lang='lat' dir='ltr'><strong>magis</strong></span> <span class='ocrx_word' id='word_1_184' title='bbox 1030 2235 1116 2278; x_wconf 91' lang='lat' dir='ltr'><strong>more</strong></span> <span class='ocrx_word' id='word_1_185' title='bbox 1149 2218 1312 2280; x_wconf 89' lang='lat' dir='ltr'><strong>bestiarum</strong></span> 
     </span>
     <span class='ocr_line' id='line_1_21' title="bbox 135 2311 1311 2411; baseline -0.007 -21"><span class='ocrx_word' id='word_1_186' title='bbox 135 2326 272 2390; x_wconf 81' lang='lat' dir='ltr'><strong>visentes</strong></span> <span class='ocrx_word' id='word_1_187' title='bbox 294 2340 384 2404; x_wconf 87' lang='lat' dir='ltr'><strong>quam</strong></span> <span class='ocrx_word' id='word_1_188' title='bbox 405 2324 562 2411; x_wconf 90' lang='lat' dir='ltr'><strong>bominum</strong></span> <span class='ocrx_word' id='word_1_189' title='bbox 592 2323 731 2386; x_wconf 83' lang='lat' dir='ltr'><strong>adunavit</strong></span> <span class='ocrx_word' id='word_1_190' title='bbox 753 2330 867 2384; x_wconf 87' lang='lat' dir='ltr'><strong>terram</strong></span> <span class='ocrx_word' id='word_1_191' title='bbox 889 2311 1005 2394; x_wconf 83' lang='lat' dir='ltr'><strong>colere,</strong></span> <span class='ocrx_word' id='word_1_192' title='bbox 1029 2320 1193 2385; x_wconf 60' lang='lat' dir='ltr'><strong>’hordeum</strong></span> <span class='ocrx_word' id='word_1_193' title='bbox 1216 2324 1311 2401; x_wconf 91' lang='lat' dir='ltr'><strong>primo</strong></span> 
     </span>
     <span class='ocr_line' id='line_1_22' title="bbox 111 2424 1312 2508; baseline -0.003 -18"><span class='ocrx_word' id='word_1_194' title='bbox 111 2430 178 2491; x_wconf 84' lang='lat' dir='ltr'><strong>-ibi</strong></span> <span class='ocrx_word' id='word_1_195' title='bbox 207 2429 336 2491; x_wconf 75' lang='lat' dir='ltr'><strong>inuenit</strong></span> <span class='ocrx_word' id='word_1_196' title='bbox 351 2435 383 2491; x_wconf 88' lang='lat' dir='ltr'><strong>et</strong></span> <span class='ocrx_word' id='word_1_197' title='bbox 413 2429 624 2491; x_wconf 90' lang='lat' dir='ltr'><strong>seminandum</strong></span> <span class='ocrx_word' id='word_1_198' title='bbox 654 2429 767 2508; x_wconf 91' lang='lat' dir='ltr'><strong>populo</strong></span> <span class='ocrx_word' id='word_1_199' title='bbox 799 2425 939 2499; x_wconf 87' lang='lat' dir='ltr'><strong>tradidit,</strong></span> <span class='ocrx_word' id='word_1_200' title='bbox 972 2431 1004 2485; x_wconf 87' lang='lat' dir='ltr'><strong>et</strong></span> <span class='ocrx_word' id='word_1_201' title='bbox 1033 2424 1188 2504; x_wconf 88' lang='lat' dir='ltr'><strong>dispersos</strong></span> <span class='ocrx_word' id='word_1_202' title='bbox 1211 2428 1312 2497; x_wconf 81' lang='lat' dir='ltr'><strong>univit,</strong></span> 
     </span>
     <span class='ocr_line' id='line_1_23' title="bbox 137 2529 1313 2616; baseline -0.007 -18"><span class='ocrx_word' id='word_1_203' title='bbox 137 2532 224 2598; x_wconf 82' lang='lat' dir='ltr'><strong>villas</strong></span> <span class='ocrx_word' id='word_1_204' title='bbox 248 2539 424 2609; x_wconf 85' lang='lat' dir='ltr'><strong>construere</strong></span> <span class='ocrx_word' id='word_1_205' title='bbox 439 2535 565 2612; x_wconf 68' lang='lat' dir='ltr'><strong>coegit,</strong></span> <span class='ocrx_word' id='word_1_206' title='bbox 596 2538 627 2595; x_wconf 91' lang='lat' dir='ltr'><strong>et</strong></span> <span class='ocrx_word' id='word_1_207' title='bbox 657 2533 763 2616; x_wconf 86' lang='lat' dir='ltr'><strong>ultimo</strong></span> <span class='ocrx_word' id='word_1_208' title='bbox 793 2531 910 2591; x_wconf 82' lang='lat' dir='ltr'><strong>litteras</strong></span> <span class='ocrx_word' id='word_1_209' title='bbox 935 2531 979 2589; x_wconf 92' lang='lat' dir='ltr'><strong>eis</strong></span> <span class='ocrx_word' id='word_1_210' title='bbox 1003 2529 1100 2600; x_wconf 90' lang='lat' dir='ltr'><strong>dedit,</strong></span> <span class='ocrx_word' id='word_1_211' title='bbox 1132 2535 1163 2590; x_wconf 90' lang='lat' dir='ltr'><strong>ot</strong></span> <span class='ocrx_word' id='word_1_212' title='bbox 1193 2531 1236 2591; x_wconf 88' lang='lat' dir='ltr'><strong>ita</strong></span> <span class='ocrx_word' id='word_1_213' title='bbox 1258 2529 1313 2591; x_wconf 89' lang='lat' dir='ltr'><strong>dea</strong></span> 
     </span>
     <span class='ocr_line' id='line_1_24' title="bbox 136 2632 1311 2712; baseline -0.006 -12"><span class='ocrx_word' id='word_1_214' title='bbox 136 2634 237 2700; x_wconf 85' lang='lat' dir='ltr'><strong>habita</strong></span> <span class='ocrx_word' id='word_1_215' title='bbox 258 2638 324 2700; x_wconf 86' lang='lat' dir='ltr'><strong>tuit.</strong></span> <span class='ocrx_word' id='word_1_216' title='bbox 363 2637 433 2699; x_wconf 75' lang='lat' dir='ltr'><strong>Sed</strong></span> <span class='ocrx_word' id='word_1_217' title='bbox 462 2643 494 2698; x_wconf 87' lang='lat' dir='ltr'><strong>et</strong></span> <span class='ocrx_word' id='word_1_218' title='bbox 517 2638 642 2698; x_wconf 84' lang='lat' dir='ltr'><strong>maritus</strong></span> <span class='ocrx_word' id='word_1_219' title='bbox 658 2635 732 2712; x_wconf 85' lang='lat' dir='ltr'><strong>ejus</strong></span> <span class='ocrx_word' id='word_1_220' title='bbox 749 2633 844 2712; x_wconf 71' lang='lat' dir='ltr'><strong>Apis,</strong></span> <span class='ocrx_word' id='word_1_221' title='bbox 878 2634 929 2711; x_wconf 93' lang='lat' dir='ltr'><strong>qui</strong></span> <span class='ocrx_word' id='word_1_222' title='bbox 953 2633 1128 2710; x_wconf 80' lang='lat' dir='ltr'><strong>etserapis</strong></span> <span class='ocrx_word' id='word_1_223' title='bbox 1152 2640 1184 2693; x_wconf 91' lang='lat' dir='ltr'><strong>et</strong></span> <span class='ocrx_word' id='word_1_224' title='bbox 1208 2632 1311 2705; x_wconf 89' lang='lat' dir='ltr'><strong>Osiris,</strong></span> 
     </span>
     <span class='ocr_line' id='line_1_25' title="bbox 137 2732 1311 2818; baseline -0.007 -14"><span class='ocrx_word' id='word_1_225' title='bbox 137 2739 254 2805; x_wconf 87' lang='lat' dir='ltr'><strong>divinos</strong></span> <span class='ocrx_word' id='word_1_226' title='bbox 280 2741 413 2802; x_wconf 78' lang='lat' dir='ltr'><strong>bonores</strong></span> <span class='ocrx_word' id='word_1_227' title='bbox 441 2740 481 2800; x_wconf 92' lang='lat' dir='ltr'><strong>ibi</strong></span> <span class='ocrx_word' id='word_1_228' title='bbox 497 2738 670 2818; x_wconf 82' lang='lat' dir='ltr'><strong>acquisivit,</strong></span> <span class='ocrx_word' id='word_1_229' title='bbox 693 2743 728 2797; x_wconf 91' lang='lat' dir='ltr'><strong>ut</strong></span> <span class='ocrx_word' id='word_1_230' title='bbox 750 2744 833 2816; x_wconf 88' lang='lat' dir='ltr'><strong>patet</strong></span> <span class='ocrx_word' id='word_1_231' title='bbox 857 2736 948 2816; x_wconf 87' lang='lat' dir='ltr'><strong>supra</strong></span> <span class='ocrx_word' id='word_1_232' title='bbox 970 2736 1022 2797; x_wconf 87' lang='lat' dir='ltr'><strong>fol.</strong></span> <span class='ocrx_word' id='word_1_233' title='bbox 1046 2733 1098 2797; x_wconf 86' lang='grc'><strong>45.</strong></span> <span class='ocrx_word' id='word_1_234' title='bbox 1119 2732 1178 2816; x_wconf 76' lang='lat' dir='ltr'><strong>(lt)</strong></span> <span class='ocrx_word' id='word_1_235' title='bbox 1203 2736 1246 2798; x_wconf 94' lang='lat' dir='ltr'><strong>lbi</strong></span> <span class='ocrx_word' id='word_1_236' title='bbox 1263 2736 1311 2797; x_wconf 88' lang='lat' dir='ltr'><strong>Ju-</strong></span> 
     </span>
     <span class='ocr_line' id='line_1_26' title="bbox 136 2825 1312 2926; baseline -0.005 -19"><span class='ocrx_word' id='word_1_237' title='bbox 136 2825 444 2926; x_wconf 61' lang='lat' dir='ltr'><strong>piter,&#39;Merourius,</strong></span> <span class='ocrx_word' id='word_1_238' title='bbox 473 2842 577 2904; x_wconf 84' lang='lat' dir='ltr'><strong>Venus</strong></span> <span class='ocrx_word' id='word_1_239' title='bbox 611 2846 643 2902; x_wconf 89' lang='lat' dir='ltr'><strong>et</strong></span> <span class='ocrx_word' id='word_1_240' title='bbox 675 2843 788 2902; x_wconf 89' lang='lat' dir='ltr'><strong>caeteri</strong></span> <span class='ocrx_word' id='word_1_241' title='bbox 818 2841 897 2920; x_wconf 94' lang='lat' dir='ltr'><strong>apud</strong></span> <span class='ocrx_word' id='word_1_242' title='bbox 924 2847 1046 2903; x_wconf 87' lang='lat' dir='ltr'><strong>veteres</strong></span> <span class='ocrx_word' id='word_1_243' title='bbox 1070 2841 1208 2901; x_wconf 86' lang='lat' dir='ltr'><strong>celebres</strong></span> <span class='ocrx_word' id='word_1_244' title='bbox 1229 2841 1312 2901; x_wconf 88' lang='lat' dir='ltr'><strong>babi-</strong></span> 
     </span>
    </p>
   </div>
   <div class='ocr_carea' id='block_1_8' title="bbox 20 2932 1314 3128">
    <p class='ocr_par' dir='ltr' id='par_1_9' title="bbox 20 2932 1314 3128">
     <span class='ocr_line' id='line_1_27' title="bbox 20 2932 1314 3024; baseline -0.004 -15"><span class='ocrx_word' id='word_1_245' title='bbox 20 3009 23 3016; x_wconf 86' lang='grc'>,</span> <span class='ocrx_word' id='word_1_246' title='bbox 138 2940 296 3019; x_wconf 83' lang='lat' dir='ltr'><strong>taverunt,</strong></span> <span class='ocrx_word' id='word_1_247' title='bbox 330 2951 362 3005; x_wconf 93' lang='lat' dir='ltr'><strong>et</strong></span> <span class='ocrx_word' id='word_1_248' title='bbox 383 2943 453 3006; x_wconf 89' lang='lat' dir='ltr'><strong>ideo</strong></span> <span class='ocrx_word' id='word_1_249' title='bbox 476 2944 579 3023; x_wconf 91' lang='lat' dir='ltr'><strong>plures</strong></span> <span class='ocrx_word' id='word_1_250' title='bbox 600 2944 702 3009; x_wconf 48' lang='lat' dir='ltr'><strong>&gt;urbes</strong></span> <span class='ocrx_word' id='word_1_251' title='bbox 733 2952 818 3006; x_wconf 84' lang='lat' dir='ltr'><strong>erant</strong></span> <span class='ocrx_word' id='word_1_252' title='bbox 846 2947 878 3005; x_wconf 89' lang='lat' dir='ltr'><strong>in</strong></span> <span class='ocrx_word' id='word_1_253' title='bbox 908 2942 972 3006; x_wconf 86' lang='lat' dir='ltr'><strong>sola</strong></span> <span class='ocrx_word' id='word_1_254' title='bbox 995 2943 1133 3024; x_wconf 79' lang='lat' dir='ltr'><strong>Aegypto</strong></span> <span class='ocrx_word' id='word_1_255' title='bbox 1163 2932 1254 3024; x_wconf 93' lang='lat' dir='ltr'><strong>quam</strong></span> <span class='ocrx_word' id='word_1_256' title='bbox 1285 2946 1314 3004; x_wconf 92' lang='lat' dir='ltr'><strong>in</strong></span> 
     </span>
     <span class='ocr_line' id='line_1_28' title="bbox 26 3043 1313 3128; baseline -0.002 -16"><span class='ocrx_word' id='word_1_257' title='bbox 26 3065 29 3070; x_wconf 89' lang='grc'><em>·</em></span> <span class='ocrx_word' id='word_1_258' title='bbox 139 3049 256 3128; x_wconf 82' lang='lat' dir='ltr'><strong>reliquo</strong></span> <span class='ocrx_word' id='word_1_259' title='bbox 278 3054 428 3110; x_wconf 84' lang='lat' dir='ltr'><strong>terrarum</strong></span> <span class='ocrx_word' id='word_1_260' title='bbox 446 3047 523 3108; x_wconf 86' lang='lat' dir='ltr'><strong>orbe</strong></span> <span class='ocrx_word' id='word_1_261' title='bbox 553 3053 745 3109; x_wconf 83' lang='lat' dir='ltr'><strong>constructae</strong></span> <span class='ocrx_word' id='word_1_262' title='bbox 778 3043 894 3120; x_wconf 85' lang='lat' dir='ltr'><strong>ediis,</strong></span> <span class='ocrx_word' id='word_1_263' title='bbox 922 3043 1011 3123; x_wconf 90' lang='lat' dir='ltr'><strong>Sole,</strong></span> <span class='ocrx_word' id='word_1_264' title='bbox 1043 3049 1135 3122; x_wconf 87' lang='lat' dir='ltr'><strong>Jove,</strong></span> <span class='ocrx_word' id='word_1_265' title='bbox 1164 3048 1313 3128; x_wconf 80' lang='lat' dir='ltr'><strong>Apolline,</strong></span> 
     </span>
    </p>
   </div>
   <div class='ocr_carea' id='block_1_9' title="bbox 121 3149 1353 4270">
    <p class='ocr_par' dir='ltr' id='par_1_10' title="bbox 138 3149 1353 4175">
     <span class='ocr_line' id='line_1_29' title="bbox 138 3149 1312 3234; baseline -0.001 -20"><span class='ocrx_word' id='word_1_266' title='bbox 138 3151 239 3225; x_wconf 86' lang='lat' dir='ltr'><strong>Pano,</strong></span> <span class='ocrx_word' id='word_1_267' title='bbox 269 3149 382 3211; x_wconf 84' lang='lat' dir='ltr'><strong>Lucina</strong></span> <span class='ocrx_word' id='word_1_268' title='bbox 398 3149 539 3230; x_wconf 81' lang='lat' dir='ltr'><strong>aliisquo</strong></span> <span class='ocrx_word' id='word_1_269' title='bbox 566 3159 655 3231; x_wconf 90' lang='lat' dir='ltr'><strong>quam</strong></span> <span class='ocrx_word' id='word_1_270' title='bbox 684 3153 831 3232; x_wconf 91' lang='lat' dir='ltr'><strong>plurimis.</strong></span> <span class='ocrx_word' id='word_1_271' title='bbox 877 3152 910 3215; x_wconf 91' lang='lat' dir='ltr'><strong>ln</strong></span> <span class='ocrx_word' id='word_1_272' title='bbox 933 3152 1072 3234; x_wconf 77' lang='lat' dir='ltr'><strong>Aegypto</strong></span> <span class='ocrx_word' id='word_1_273' title='bbox 1104 3159 1193 3214; x_wconf 87' lang='lat' dir='ltr'><strong>natus</strong></span> <span class='ocrx_word' id='word_1_274' title='bbox 1216 3152 1312 3224; x_wconf 88' lang='lat' dir='ltr'><strong>Titan,</strong></span> 
     </span>
     <span class='ocr_line' id='line_1_30' title="bbox 139 3254 1312 3337; baseline -0.003 -18"><span class='ocrx_word' id='word_1_275' title='bbox 139 3255 375 3331; x_wconf 83' lang='lat' dir='ltr'><strong>immanissimus</strong></span> <span class='ocrx_word' id='word_1_276' title='bbox 399 3257 500 3335; x_wconf 80' lang='lat' dir='ltr'><strong>gigas,</strong></span> <span class='ocrx_word' id='word_1_277' title='bbox 523 3259 575 3336; x_wconf 92' lang='lat' dir='ltr'><strong>qui</strong></span> <span class='ocrx_word' id='word_1_278' title='bbox 599 3275 668 3318; x_wconf 91' lang='lat' dir='ltr'><strong>cum</strong></span> <span class='ocrx_word' id='word_1_279' title='bbox 690 3259 753 3319; x_wconf 90' lang='lat' dir='ltr'><strong>suis</strong></span> <span class='ocrx_word' id='word_1_280' title='bbox 776 3257 844 3318; x_wconf 85' lang='lat' dir='ltr'><strong>filiis</strong></span> <span class='ocrx_word' id='word_1_281' title='bbox 868 3258 1048 3337; x_wconf 86' lang='lat' dir='ltr'><strong>gigantibus,</strong></span> <span class='ocrx_word' id='word_1_282' title='bbox 1073 3255 1238 3328; x_wconf 88' lang='lat' dir='ltr'><strong>Titanibus,</strong></span> <span class='ocrx_word' id='word_1_283' title='bbox 1263 3254 1312 3318; x_wconf 63' lang='lat' dir='ltr'><strong>ad»</strong></span> 
     </span>
     <span class='ocr_line' id='line_1_31' title="bbox 139 3338 1312 3442; baseline -0.004 -17"><span class='ocrx_word' id='word_1_284' title='bbox 139 3338 385 3434; x_wconf 69' lang='lat' dir='ltr'><strong>repostorem,</strong></span> <span class='ocrx_word' id='word_1_285' title='bbox 408 3355 609 3434; x_wconf 79' lang='lat' dir='ltr'><strong>Mercurium,</strong></span> <span class='ocrx_word' id='word_1_286' title='bbox 632 3360 785 3434; x_wconf 67' lang='lat' dir='ltr'><strong>Venerem</strong></span> <span class='ocrx_word' id='word_1_287' title='bbox 808 3361 952 3442; x_wconf 89' lang='lat' dir='ltr'><strong>deosque·</strong></span> <span class='ocrx_word' id='word_1_288' title='bbox 967 3362 1101 3440; x_wconf 88' lang='lat' dir='ltr'><strong>reliquos</strong></span> <span class='ocrx_word' id='word_1_289' title='bbox 1124 3361 1240 3421; x_wconf 91' lang='lat' dir='ltr'><strong>bellum</strong></span> <span class='ocrx_word' id='word_1_290' title='bbox 1260 3359 1312 3420; x_wconf 85' lang='lat' dir='ltr'><strong>lra-</strong></span> 
     </span>
     <span class='ocr_line' id='line_1_32' title="bbox 139 3447 1313 3546; baseline -0.004 -17"><span class='ocrx_word' id='word_1_291' title='bbox 139 3467 218 3539; x_wconf 89' lang='lat' dir='ltr'><strong>buit,</strong></span> <span class='ocrx_word' id='word_1_292' title='bbox 234 3467 323 3546; x_wconf 89' lang='lat' dir='ltr'><strong>eique</strong></span> <span class='ocrx_word' id='word_1_293' title='bbox 340 3447 459 3528; x_wconf 79' lang='lat' dir='ltr'><strong>coelum</strong></span> <span class='ocrx_word' id='word_1_294' title='bbox 470 3457 620 3531; x_wconf 57' lang='lat' dir='ltr'><strong>&#39;conantes</strong></span> <span class='ocrx_word' id='word_1_295' title='bbox 636 3451 755 3546; x_wconf 68' lang='lat' dir='ltr'><strong>eripere</strong></span> <span class='ocrx_word' id='word_1_296' title='bbox 770 3472 890 3543; x_wconf 89' lang='lat' dir='ltr'><strong>montes</strong></span> <span class='ocrx_word' id='word_1_297' title='bbox 909 3467 1061 3527; x_wconf 88' lang='lat' dir='ltr'><strong>montibus</strong></span> <span class='ocrx_word' id='word_1_298' title='bbox 1079 3468 1313 3543; x_wconf 84' lang='lat' dir='ltr'><strong>superposuero,</strong></span> 
     </span>
     <span class='ocr_line' id='line_1_33' title="bbox 140 3565 1315 3634; baseline -0.004 -4"><span class='ocrx_word' id='word_1_299' title='bbox 140 3569 199 3632; x_wconf 84' lang='lat' dir='ltr'><strong>sibi</strong></span> <span class='ocrx_word' id='word_1_300' title='bbox 229 3574 400 3632; x_wconf 86' lang='lat' dir='ltr'><strong>stomentes</strong></span> <span class='ocrx_word' id='word_1_301' title='bbox 430 3571 490 3631; x_wconf 90' lang='lat' dir='ltr'><strong>iter</strong></span> <span class='ocrx_word' id='word_1_302' title='bbox 521 3571 559 3634; x_wconf 93' lang='lat' dir='ltr'><strong>ad</strong></span> <span class='ocrx_word' id='word_1_303' title='bbox 587 3568 672 3630; x_wconf 89' lang='lat' dir='ltr'><strong>illud.</strong></span> <span class='ocrx_word' id='word_1_304' title='bbox 718 3568 797 3630; x_wconf 86' lang='lat' dir='ltr'><strong>Victi</strong></span> <span class='ocrx_word' id='word_1_305' title='bbox 820 3565 930 3630; x_wconf 83' lang='lat' dir='ltr'><strong>tamon¹</strong></span> <span class='ocrx_word' id='word_1_306' title='bbox 944 3567 1044 3629; x_wconf 89' lang='lat' dir='ltr'><strong>Titani</strong></span> <span class='ocrx_word' id='word_1_307' title='bbox 1064 3573 1138 3628; x_wconf 85' lang='lat' dir='ltr'><strong>sunt</strong></span> <span class='ocrx_word' id='word_1_308' title='bbox 1161 3583 1178 3628; x_wconf 92' lang='lat' dir='ltr'><strong>a</strong></span> <span class='ocrx_word' id='word_1_309' title='bbox 1203 3565 1261 3626; x_wconf 86' lang='lat' dir='ltr'><strong>diis</strong></span> <span class='ocrx_word' id='word_1_310' title='bbox 1286 3570 1315 3626; x_wconf 89' lang='lat' dir='ltr'><strong>et</strong></span> 
     </span>
     <span class='ocr_line' id='line_1_34' title="bbox 140 3664 1315 3758; baseline -0.003 -25"><span class='ocrx_word' id='word_1_311' title='bbox 140 3671 510 3746; x_wconf 74' lang='lat' dir='ltr'><strong>fulminibus-interemti,</strong></span> <span class='ocrx_word' id='word_1_312' title='bbox 543 3681 634 3753; x_wconf 87' lang='lat' dir='ltr'><strong>atque</strong></span> <span class='ocrx_word' id='word_1_313' title='bbox 666 3672 759 3752; x_wconf 40' lang='lat' dir='ltr'><strong>apud.</strong></span> <span class='ocrx_word' id='word_1_314' title='bbox 780 3672 892 3733; x_wconf 87' lang='lat' dir='ltr'><strong>inferos</strong></span> <span class='ocrx_word' id='word_1_315' title='bbox 923 3664 1061 3758; x_wconf 75' lang='lat' dir='ltr'><strong>religati¹</strong></span> <span class='ocrx_word' id='word_1_316' title='bbox 1075 3671 1190 3730; x_wconf 83' lang='lat' dir='ltr'><strong>catenis</strong></span> <span class='ocrx_word' id='word_1_317' title='bbox 1225 3671 1315 3731; x_wconf 89' lang='lat' dir='ltr'><strong>morli</strong></span> 
     </span>
     <span class='ocr_line' id='line_1_35' title="bbox 140 3755 1310 3859; baseline -0.001 -23"><span class='ocrx_word' id='word_1_318' title='bbox 140 3781 390 3854; x_wconf 86' lang='lat' dir='ltr'><strong>perpetuae-sunt</strong></span> <span class='ocrx_word' id='word_1_319' title='bbox 407 3755 534 3859; x_wconf 49' lang='lat' dir='ltr'><strong>„addicit</strong></span> <span class='ocrx_word' id='word_1_320' title='bbox 575 3776 688 3838; x_wconf 86' lang='lat' dir='ltr'><strong>Verum</strong></span> <span class='ocrx_word' id='word_1_321' title='bbox 706 3776 835 3855; x_wconf 65' lang='lat' dir='ltr'><strong>„quidam”</strong></span> <span class='ocrx_word' id='word_1_322' title='bbox 857 3775 1037 3854; x_wconf 80' lang='lat' dir='ltr'><strong>effugientes</strong></span> <span class='ocrx_word' id='word_1_323' title='bbox 1065 3793 1186 3836; x_wconf 91' lang='lat' dir='ltr'><strong>rursum</strong></span> <span class='ocrx_word' id='word_1_324' title='bbox 1201 3782 1234 3836; x_wconf 91' lang='lat' dir='ltr'><strong>ut</strong></span> <span class='ocrx_word' id='word_1_325' title='bbox 1259 3788 1310 3855; x_wconf 90' lang='lat' dir='ltr'><strong>pa·</strong></span> 
     </span>
     <span class='ocr_line' id='line_1_36' title="bbox 140 3872 1353 3958; baseline 0.002 -19"><span class='ocrx_word' id='word_1_326' title='bbox 140 3883 204 3939; x_wconf 88' lang='lat' dir='ltr'><strong>tres</strong></span> <span class='ocrx_word' id='word_1_327' title='bbox 228 3874 335 3938; x_wconf 86' lang='lat' dir='ltr'><strong>¹eornm</strong></span> <span class='ocrx_word' id='word_1_328' title='bbox 356 3877 479 3938; x_wconf 91' lang='lat' dir='ltr'><strong>bellum·</strong></span> <span class='ocrx_word' id='word_1_329' title='bbox 501 3876 547 3940; x_wconf 71' lang='lat' dir='ltr'><strong>et?</strong></span> <span class='ocrx_word' id='word_1_330' title='bbox 561 3880 710 3958; x_wconf 90' lang='lat' dir='ltr'><strong>impetum</strong></span> <span class='ocrx_word' id='word_1_331' title='bbox 719 3882 762 3941; x_wconf 63' lang='lat' dir='ltr'><strong>⁴¹in</strong></span> <span class='ocrx_word' id='word_1_332' title='bbox 787 3879 861 3942; x_wconf 91' lang='lat' dir='ltr'><strong>deos</strong></span> <span class='ocrx_word' id='word_1_333' title='bbox 884 3872 1160 3957; x_wconf 81' lang='lat' dir='ltr'><strong>fecerunteosque</strong></span> <span class='ocrx_word' id='word_1_334' title='bbox 1183 3881 1225 3939; x_wconf 91' lang='lat' dir='ltr'><strong>ita</strong></span> <span class='ocrx_word' id='word_1_335' title='bbox 1255 3886 1314 3940; x_wconf 91' lang='lat' dir='ltr'><strong>ter·</strong></span> <span class='ocrx_word' id='word_1_336' title='bbox 1350 3939 1353 3942; x_wconf 81' lang='grc'>,</span> 
     </span>
     <span class='ocr_line' id='line_1_37' title="bbox 141 3981 1317 4064; baseline 0.003 -23"><span class='ocrx_word' id='word_1_337' title='bbox 141 3984 286 4051; x_wconf 89' lang='lat' dir='ltr'><strong>ruerunt,</strong></span> <span class='ocrx_word' id='word_1_338' title='bbox 319 3985 353 4040; x_wconf 89' lang='lat' dir='ltr'><strong>ut</strong></span> <span class='ocrx_word' id='word_1_339' title='bbox 384 3982 512 4061; x_wconf 70' lang='lat' dir='ltr'><strong>mutatis¹</strong></span> <span class='ocrx_word' id='word_1_340' title='bbox 537 3981 642 4048; x_wconf 85' lang='lat' dir='ltr'><strong>formis</strong></span> <span class='ocrx_word' id='word_1_341' title='bbox 669 3985 701 4044; x_wconf 92' lang='lat' dir='ltr'><strong>in</strong></span> <span class='ocrx_word' id='word_1_342' title='bbox 723 3982 895 4064; x_wconf 81' lang='lat' dir='ltr'><strong>Aegyptum</strong></span> <span class='ocrx_word' id='word_1_343' title='bbox 925 4002 980 4063; x_wconf 90' lang='lat' dir='ltr'><strong>per</strong></span> <span class='ocrx_word' id='word_1_344' title='bbox 1013 3988 1133 4061; x_wconf 89' lang='lat' dir='ltr'><strong>septem</strong></span> <span class='ocrx_word' id='word_1_345' title='bbox 1156 3982 1317 4044; x_wconf 89' lang='lat' dir='ltr'><strong>Nili-ostia</strong></span> 
     </span>
     <span class='ocr_line' id='line_1_38' title="bbox 142 4080 1316 4175; baseline 0.004 -31"><span class='ocrx_word' id='word_1_346' title='bbox 142 4080 369 4163; x_wconf 77' lang='lat' dir='ltr'><strong>transfugerint.</strong></span> <span class='ocrx_word' id='word_1_347' title='bbox 410 4080 532 4161; x_wconf 80' lang='lat' dir='ltr'><strong>Jupiter</strong></span> <span class='ocrx_word' id='word_1_348' title='bbox 552 4087 636 4175; x_wconf 15' lang='lat' dir='ltr'><strong>terrim</strong></span> <span class='ocrx_word' id='word_1_349' title='bbox 658 4086 810 4150; x_wconf 83' lang='lat' dir='ltr'><strong>informa</strong></span> <span class='ocrx_word' id='word_1_350' title='bbox 831 4088 951 4160; x_wconf 89' lang='lat' dir='ltr'><strong>arietis,</strong></span> <span class='ocrx_word' id='word_1_351' title='bbox 975 4087 1028 4147; x_wconf 91' lang='lat' dir='ltr'><strong>Sol</strong></span> <span class='ocrx_word' id='word_1_352' title='bbox 1043 4089 1081 4146; x_wconf 86' lang='lat' dir='ltr'><strong>¹in</strong></span> <span class='ocrx_word' id='word_1_353' title='bbox 1104 4083 1201 4147; x_wconf 85' lang='lat' dir='ltr'><strong>forma</strong></span> <span class='ocrx_word' id='word_1_354' title='bbox 1225 4088 1316 4160; x_wconf 83' lang='lat' dir='ltr'><strong>corvi,</strong></span> 
     </span>
    </p>

    <p class='ocr_par' dir='ltr' id='par_1_11' title="bbox 121 4176 1318 4270">
     <span class='ocr_line' id='line_1_39' title="bbox 121 4176 1318 4270; baseline 0.004 -20"><span class='ocrx_word' id='word_1_355' title='bbox 121 4185 281 4252; x_wconf 45' lang='lat' dir='ltr'><strong>tuomum</strong></span> <span class='ocrx_word' id='word_1_356' title='bbox 303 4176 500 4270; x_wconf 69' lang='lat' dir='ltr'><strong>incomesta,</strong></span> <span class='ocrx_word' id='word_1_357' title='bbox 531 4186 616 4252; x_wconf 88' lang='lat' dir='ltr'><strong>Luna</strong></span> <span class='ocrx_word' id='word_1_358' title='bbox 636 4191 668 4252; x_wconf 89' lang='lat' dir='ltr'><strong>in</strong></span> <span class='ocrx_word' id='word_1_359' title='bbox 692 4190 817 4266; x_wconf 89' lang='lat' dir='ltr'><strong>damae,</strong></span> <span class='ocrx_word' id='word_1_360' title='bbox 847 4190 925 4253; x_wconf 84' lang='lat' dir='ltr'><strong>luno</strong></span> <span class='ocrx_word' id='word_1_361' title='bbox 946 4192 982 4253; x_wconf 91' lang='lat' dir='ltr'><strong>in·</strong></span> <span class='ocrx_word' id='word_1_362' title='bbox 1000 4207 1127 4264; x_wconf 83' lang='lat' dir='ltr'><strong>naccae,</strong></span> <span class='ocrx_word' id='word_1_363' title='bbox 1159 4191 1264 4254; x_wconf 87' lang='lat' dir='ltr'><strong>Venus</strong></span> <span class='ocrx_word' id='word_1_364' title='bbox 1286 4193 1318 4255; x_wconf 90' lang='lat' dir='ltr'><strong>in</strong></span> 
     </span>
    </p>
   </div>
   <div class='ocr_carea' id='block_1_10' title="bbox 0 0 1455 4770">
    <p class='ocr_par' dir='ltr' id='par_1_12' title="bbox 0 0 1455 4770">
     <span class='ocr_line' id='line_1_40' title="bbox 0 0 1455 4770; baseline 0 0"><span class='ocrx_word' id='word_1_365' title='bbox 0 0 1455 4770; x_wconf 95' lang='lat' dir='ltr'><strong> </strong></span> 
     </span>
    </p>
   </div>
  </div>
 </body>
</html>
