2874 4770
689 170 755 240 309

133 350 222 412 multi
244 351 414 429 perierunt,
439 351 476 413 de
500 369 559 430 quo
583 348 689 413 omnes
712 357 831 413 veteres
859 350 1044 411 mentionem
1067 351 1181 412 faciunt
1204 350 1307 412 dicen·

134 457 196 523 tes,
230 454 381 532 quendam
409 456 624 517 Deucalionem
656 455 753 516 solum
786 474 853 515 cum
877 453 988 532 Pyrrha
1011 454 1141 533 conjuge
1171 457 1202 514 in
1224 456 1306 516 navi·

136 558 203 619 cula
236 562 369 620 evasisse
401 569 430 620 et
459 563 489 620 in
512 559 691 621 Parnassum
721 561 880 620 devenisse
909 565 1057 629 montem,
1091 566 1122 618 et
1152 577 1221 618 cum
1244 557 1308 633 jam

135 677 230 739 aquae
253 670 438 735 cessassent,
475 671 505 724 et
532 664 687 723 oraculum
710 661 873 722 Themidos
899 663 1121 735 consuluissent
1144 680 1197 740 pro
1211 679 1307 737 „repa-

134 767 250 849 ratione
271 767 392 828 humani
416 769 550 847 generis,
571 765 649 843 jussi
672 773 741 827 sunt
765 773 846 826 tecto
871 768 967 844 capite
991 766 1158 842 solutisque
1174 764 1307 824 vestibus

132 874 322 946 posttergare
346 888 425 943 saxa,
448 879 603 948 tamquam
619 888 745 949 magnae
763 871 897 948 parentis
913 886 991 940 ossa,
1017 876 1048 928 et
1071 871 1153 929 eain
1168 868 1307 928 homines

131 970 340 1052 foeminasque
355 993 510 1036 conversa.
541 974 608 1035 lloe
623 975 799 1052 figmentum
817 975 862 1032 sic
886 973 1066 1060 explicatur:
1091 974 1307 1050 supervenien-

130 1075 210 1135 tibus
235 1080 319 1154 aquis
342 1077 480 1139 homines
503 1080 600 1138 territi
623 1078 659 1138 ad
683 1093 825 1156 suprema
849 1080 996 1137 montium
1027 1077 1168 1156 fugerunt
1195 1083 1225 1136 et
1258 1092 1306 1136 ca·

129 1194 237 1239 vernas
261 1185 292 1239 et
315 1187 400 1242 antra
422 1183 576 1260 petierunt
597 1181 688 1242 finem
712 1183 922 1260 exspectaturi.
969 1179 1015 1241 Ad
1038 1180 1094 1240 hos
1119 1180 1307 1240 cessantibus

131 1283 218 1359 aquis
235 1281 402 1343 Deucalion
425 1290 457 1344 et
471 1283 584 1363 Pyrrha
606 1302 681 1344 uxor
703 1282 770 1360 ejus
792 1286 823 1344 in
846 1290 964 1343 moesto
990 1284 1091 1344 babitu
1115 1289 1309 1343 accesserunt

131 1392 160 1446 et
185 1402 328 1476 aquarum
356 1389 559 1449 cessationem
582 1390 795 1448 nuntiaverunt
817 1390 921 1467 sicque
938 1406 991 1447 eos
1013 1389 1208 1448 everticibus
1223 1405 1308 1447 mon·

129 1489 206 1547 tium
229 1485 283 1568 (D)
318 1497 407 1569 atque
430 1509 466 1552 ea
489 1493 586 1552 saxeis
610 1494 702 1552 antris
736 1510 788 1552 eos
817 1495 849 1553 in
873 1501 970 1554 terrae
993 1493 1193 1553 habitationes
1218 1491 1306 1552 redu-

131 1598 254 1662 xeruut;
279 1599 310 1650 et
332 1592 401 1654 ideo
417 1594 526 1655 dicitur
542 1584 706 1656 Deucalion
721 1595 885 1657 humanum
908 1614 1004 1674 genus
1028 1613 1064 1656 ex
1088 1595 1236 1674 lapidibus
1260 1613 1307 1661 re·

131 1710 270 1772 parasse,
294 1699 364 1775 quia
387 1716 422 1759 en
446 1702 581 1760 cavernis
606 1706 636 1760 et
652 1702 743 1760 antris
760 1703 906 1762 montium
921 1703 965 1761 uti
980 1700 1094 1779 lapides
1112 1699 1212 1760 educti
1229 1703 1306 1769 sunt,

132 1813 261 1874 quorum
283 1800 449 1865 Deucalion
472 1803 642 1864 reuinctus
667 1810 722 1864 est.

217 1902 271 1963 Est
294 1903 370 1966 alius
384 1904 582 1968 Macedoniae
606 1926 709 1980 mons,
732 1907 967 1983 Pieriadictus,
991 1909 1040 1966 cui
1056 1909 1218 1966 maximum
1243 1907 1306 1966 auri

129 2002 249 2083 pondus
282 2008 317 2069 ab
347 2012 477 2089 antiquis
506 2013 738 2090 imperatoribus
768 2012 864 2073 luisse
893 2015 1025 2092 positum
1059 2011 1138 2071 lama
1168 2012 1239 2082 fuit,
1272 2027 1307 2070 en

129 2129 190 2190 quo
213 2122 342 2192 quatuor
364 2118 439 2178 locis
463 2118 498 2178 ab
521 2120 583 2179 imo
607 2126 729 2198 apertus
752 2125 818 2190 est,
843 2127 874 2180 et
897 2136 933 2180 ex
956 2121 1017 2179 imo
1041 2117 1142 2177 lerunt
1163 2133 1219 2194 per
1241 2114 1305 2192 pla-

129 2233 202 2275 num
226 2233 332 2278 aurum
356 2239 564 2282 concrescere.
611 2222 645 2283 ln
668 2223 745 2284 banc
767 2225 923 2301 regionem
946 2225 1028 2284 venit
1059 2220 1207 2290 Cadmus,
1239 2219 1305 2278 lun·

130 2316 217 2379 dator
238 2321 322 2382 urbis
345 2321 449 2383 Thebe
472 2323 633 2396 Boeotiae,
671 2324 709 2385 de
733 2343 792 2404 qua
822 2326 890 2386 talis
912 2329 1056 2386 recitatur
1076 2324 1184 2386 fabula.
1230 2323 1306 2383 Cum

130 2424 283 2500 rapuisset
312 2425 429 2504 Jupiter
450 2428 622 2507 Europam,
660 2428 750 2490 liliam
780 2427 948 2507 Agenoris,
986 2430 1076 2490 modo
1107 2428 1188 2489 dicto
1216 2445 1307 2506 supra

129 2524 191 2587 Fol.
219 2524 310 2601 178„
339 2529 468 2592 Cadmus
498 2537 601 2610 raptae
624 2531 716 2593 irater
750 2536 860 2594 missus
892 2552 908 2595 a
930 2541 1015 2613 patre
1039 2533 1076 2594 ad
1100 2532 1306 2612 quaerendum

131 2649 214 2704 eam,
247 2633 309 2694 bae
326 2637 355 2694 ei
377 2634 490 2696 indicta
512 2636 595 2715 lege,
627 2655 666 2696 ne
690 2639 804 2716 absque
828 2656 863 2698 ea
886 2644 1091 2700 reverteretur
1115 2640 1146 2697 iu
1168 2637 1304 2715 patriam.

129 2735 187 2808 Qui
210 2741 318 2799 sumtis
340 2742 448 2812 suciis,
472 2759 550 2813 cum,
574 2759 719 2820 quorsum
742 2749 918 2821 quaereret,
942 2745 1111 2821 ignoraret,
1135 2755 1227 2800 novas
1250 2738 1306 2797 sibi

128 2843 285 2920 acquirere
309 2843 399 2904 sedes
422 2846 540 2917 statuit,
564 2847 718 2923 ingressus
741 2853 843 2907 autem
865 2845 1076 2908 Macedoniam
1099 2862 1160 2904 non
1183 2843 1306 2919 longea

125 2943 273 3006 Parnasso
297 2955 400 3009 munte
423 2949 599 3028 applicavit,
632 2951 672 3010 ibi
694 2957 796 3013 autem
827 2953 965 3013 consulto
997 2950 1118 3012 oraculo
1150 2955 1181 3009 et
1203 2948 1304 3027 babilo

127 3065 272 3126 reponso,
307 3059 338 3113 ut
361 3053 469 3114 bovem
494 3059 675 3133 sequeretur
697 3055 873 3116 indomitam
908 3062 939 3116 et
960 3056 1000 3115 ibi
1023 3055 1129 3116 sedem
1152 3070 1238 3112 suam
1260 3051 1304 3111 lo·

128 3160 226 3224 caret,
260 3157 311 3232 qui
343 3158 374 3217 in
398 3158 581 3220 destinatum
616 3161 671 3220 sibi
701 3161 803 3221 locum
831 3154 940 3221 ductus
962 3160 1072 3239 'ibique
1104 3156 1241 3219 consedit
1274 3162 1305 3216 et

125 3251 226 3316 locum
248 3255 376 3320 Boecias
407 3262 523 3323 above
555 3264 739 3335 nominavit,
772 3270 802 3323 et
833 3265 874 3325 ibi
898 3263 1016 3325 Thebas
1046 3265 1206 3325 boecianas
1233 3279 1305 3320 con·

127 3360 250 3430 struxit,
286 3366 317 3421 et
340 3362 443 3423 literas
466 3366 506 3425 ibi
530 3372 561 3426 et
585 3367 687 3444 apices
720 3367 888 3440 adinvenit,
920 3369 1027 3447 quibus
1058 3369 1155 3428 omnis
1179 3363 1304 3424 Graecia

126 3463 237 3533 utitur,
272 3470 303 3524 et
336 3469 449 3545 primas
487 3470 661 3549 lapicidinas
700 3471 858 3533 adiuvenit
894 3480 925 3535 et
957 3475 1021 3534 auri
1050 3490 1084 3532 ac
1114 3471 1304 3532 metallorum

127 3567 334 3631 constaturam.

213 3670 245 3732 ln
269 3672 319 3734 illa
342 3673 519 3739 Macedonia
549 3685 596 3739 est
626 3682 717 3740 etiam
748 3683 831 3758 regio
860 3679 976 3753 Attica,
1012 3680 1098 3758 quus
1131 3680 1303 3759 principalis

128 3775 233 3837 civitas
256 3777 312 3869 luit
333 3778 519 3841 Athenarum
542 3781 766 3854 velbtheuae,
799 3786 897 3845 nutrix
931 3792 961 3844 et
989 3783 1077 3844 nidus
1106 3784 1305 3861 quorumdam

124 3877 373 3959 philosophorum
403 3890 433 3944 et
456 3890 552 3946 mater
573 3885 757 3959 litterarum,
794 3905 853 3965 quo
877 3888 949 3947 nibil
973 3888 1076 3948 babuit
1095 3886 1219 3947 Graecia
1243 3887 1302 3946 cla·

125 3983 199 4054 rius,
222 3985 296 4046 nibil
317 3989 457 4050 nobilius.
488 3991 573 4053 Hanc
597 3993 747 4052 civitatem
772 4011 841 4054 cum
858 3993 991 4072 Cecrops
1015 3992 1212 4062 aedificasset,
1237 4009 1302 4052 cer·

126 4090 229 4148 tamen
252 4088 325 4161 luit,
348 4110 408 4171 quo
431 4096 553 4156 nomine
576 4102 757 4167 vocaretur,
789 4103 820 4157 et
843 4097 911 4157 dato
930 4095 1063 4172 judicio,
1088 4101 1120 4156 ut
1144 4095 1302 4173 Neptunus

128 4193 159 4250 et
181 4187 315 4256 Minerva
337 4201 451 4258 terram
481 4196 569 4258 ambo
598 4202 793 4274 percuterent
826 4204 857 4258 et
889 4199 927 4260 ad
958 4199 1044 4276 cujus
1075 4202 1302 4279 percussionem
