2874 4770
702 158 765 230 155

143 334 285 417 spondit:
319 334 418 399 adhuc
448 353 537 399 mane
568 342 616 397 est
645 343 676 397 et
705 335 841 398 nondum
861 343 989 418 surgunt
1011 337 1184 408 sarraceni,
1216 338 1317 399 venite

144 457 267 501 mecum
290 447 320 501 et
344 448 503 520 antequam
526 441 815 503 Trutschelmannus
838 442 981 522 procedat
1003 442 1041 504 de
1065 442 1153 503 domo
1177 458 1240 511 sua,
1262 458 1317 502 ros

145 545 228 604 eritis
262 562 348 625 rasus
382 552 412 606 et
433 547 513 606 lotus
539 542 593 626 (b)
619 553 650 606 et-
673 548 770 626 capite
802 546 964 607 reformato
993 550 1024 607 in
1052 546 1153 607 locum
1183 552 1317 608 vestrum

143 648 232 708 ibitis.
266 648 402 728 Cumque
417 649 514 711 adhuc
530 651 722 729 trepidarem,
744 651 829 716 dialt:
854 651 926 729 quid
940 648 1129 711 formidatis?
1153 665 1317 726 numquam

138 750 344 828 juramentum
374 756 584 834 praestitistis,
616 757 718 816 venile
752 773 824 833 ergo
848 773 979 815 mecum.
1023 751 1070 813 hd
1091 747 1170 812 hano
1192 770 1315 831 persua-

136 857 260 924 sionem
282 860 400 919 surrexi
423 862 454 918 et
477 875 584 920 secum
606 860 646 920 ivi
661 877 716 938 per
730 858 829 919 iorum
844 876 940 936 usque
957 857 994 918 ad
1009 856 1155 934 majorem
1169 855 1315 917 sonticum

140 956 327 1020 Venetorum
349 967 380 1021 ct
402 963 443 1022 ibi
465 961 545 1022 lotus
568 968 599 1023 et
619 980 706 1023 rasus
729 961 771 1023 iui
795 962 833 1023 ad
855 963 1012 1041 placitum,
1035 960 1090 1020 sed
1114 959 1185 1020 dum
1207 961 1238 1020 in
1261 960 1314 1022 do·

140 1047 225 1123 mum
246 1070 435 1137 reverterer,
463 1065 583 1127 obvium
605 1066 695 1127 habui
717 1066 905 1145 Schambech
927 1064 1248 1135 Trutschelmannum,
1277 1062 1315 1124 ad

140 1165 227 1243 cujus
256 1167 435 1247 adspectum
470 1170 592 1228 territus
622 1168 660 1229 de
695 1171 760 1230 rico
789 1169 935 1228 reclinare
968 1167 1048 1228 volni
1077 1168 1112 1228 ab
1148 1184 1194 1226 eo.
1247 1165 1314 1228 Hoc

139 1270 212 1331 dum
235 1272 445 1333 consideraret
466 1290 516 1332 me
539 1275 691 1334 revocarit
715 1272 910 1333 sarracenica
932 1271 1033 1350 lingua
1056 1272 1203 1331 clamans:
1232 1269 1312 1342 thali,

141 1375 229 1446 ihali,
253 1375 438 1448 Christiane,
460 1376 519 1435 hoo
543 1383 604 1448 est,
635 1377 721 1447 veni,
753 1364 824 1437 veni
847 1375 1025 1435 Christiane.
1070 1355 1218 1435 Tremens
1241 1392 1313 1453 ergo

138 1477 263 1540 adeum
285 1481 363 1552 veni,
387 1497 474 1559 spem
490 1486 593 1540 tamen
608 1476 768 1560 (concepi),
793 1484 826 1539 ut
848 1480 892 1540 vir
915 1478 1047 1558 prudens
1070 1477 1150 1539 nulla
1173 1479 1312 1557 passione

137 1589 294 1662 permotus
316 1584 423 1645 leviter
445 1583 548 1644 ltalice
572 1583 657 1654 dixit,
694 1588 726 1642 ut
755 1583 786 1642 in
817 1580 941 1643 domum
972 1590 1141 1645 reverterer
1172 1588 1208 1645 et,
1225 1598 1312 1661 pere·

138 1691 230 1769 grinis
254 1689 402 1760 dicerem,
424 1688 505 1767 quod
528 1694 597 1766 post
620 1688 779 1767 prandium
802 1690 905 1750 venire
928 1687 1022 1750 vellet
1037 1692 1068 1746 et
1083 1687 1242 1763 pecuniam
1257 1684 1312 1744 sibi

136 1793 268 1854 debitam
293 1796 430 1871 exigere,
454 1809 544 1869 quarn
566 1794 671 1869 utique
695 1799 743 1853 aut
769 1792 839 1853 dare
863 1796 1018 1876 opportet,
1050 1796 1102 1851 aut
1123 1791 1154 1849 in
1177 1789 1311 1867 publicas

135 1895 288 1958 custodias
311 1898 382 1974 poni
406 1903 437 1957 et
468 1913 537 1956 cum
572 1903 721 1957 tormento
752 1898 839 1973 exigi.
884 1895 932 1957 Ad
964 1896 1023 1955 hoc
1054 1896 1118 1956 viro
1152 1891 1310 1972 respondi:

136 2017 225 2072 ecce,
258 1999 395 2072 domine,
430 2017 465 2061 ea
496 2018 572 2078 quae
600 2001 761 2073 mandasti,
795 2001 893 2062 dicam
924 1999 1046 2078 quidem
1077 1997 1205 2059 dominis
1235 1996 1310 2054 mois

134 2104 319 2181 peregrinis,
351 2102 414 2163 sedv
436 2105 468 2163 in
490 2104 619 2164 Domino
649 2122 718 2165 meo
751 2106 890 2166 crucifixo
917 2103 987 2181 juro
1016 2102 1117 2173 vobis,
1150 2099 1230 2179 quod
1254 2115 1311 2176 ego

133 2221 249 2284 pauper
272 2204 363 2266 irater
386 2211 417 2267 et
439 2207 580 2267 sacerdos
603 2226 664 2268 non
686 2209 783 2270 habeo
807 2209 967 2287 pecuniam
990 2208 1142 2285 propriam
1166 2209 1195 2264 et
1219 2203 1308 2272 illam,

137 2325 228 2386 quarn
249 2307 356 2379 habui,
379 2310 492 2371 dudum
516 2314 669 2371 consumsi
692 2319 723 2372 et
738 2313 776 2374 de
792 2311 999 2373 misericordia
1015 2310 1206 2371 dominorum
1221 2323 1309 2386 pere-

136 2413 292 2490 grinorum
327 2418 478 2492 utcunque
511 2421 665 2475 sustentor
688 2418 771 2475 etin
794 2416 893 2476 natale
916 2416 1031 2485 solum,
1060 2411 1139 2491 quod
1162 2412 1250 2489 longe
1274 2411 1309 2470 ab

134 2514 205 2575 hinc
230 2513 334 2586 distat,
358 2516 434 2576 ultra
457 2524 594 2578 marcet
616 2524 774 2590 montana,
802 2519 857 2579 sub
881 2536 985 2579 eorum
1009 2517 1148 2596 expensis
1171 2515 1307 2575 reducor.

136 2616 184 2678 Ad
200 2617 257 2679 hoc
279 2619 437 2698 benignius
459 2622 586 2682 intuitus
609 2638 658 2681 me
675 2620 746 2684 dixit
760 2621 876 2683 ltalice:
901 2623 1002 2683 Startu
1025 2627 1128 2701 praeto
1151 2637 1211 2678 non
1234 2633 1309 2696 paga

132 2723 256 2800 ingenti,
271 2722 365 2783 idest:
381 2723 421 2782 Es
436 2730 469 2783 tu
484 2725 656 2803 presbyter,
680 2744 739 2786 non
755 2728 855 2788 solves
870 2727 1050 2807 quidqunm;
1075 2725 1159 2802 quasi
1175 2722 1306 2782 diceret:

131 2826 178 2887 De
201 2833 231 2888 te
254 2846 315 2888 non
339 2836 386 2888 est
408 2831 563 2906 quaestio,
587 2848 656 2890 cnm
680 2833 720 2891 sis
744 2831 902 2904 sacerdos,
926 2832 994 2909 quia
1018 2826 1209 2897 sacerdotes,
1243 2826 1307 2884 sive

131 2932 193 2991 sint
215 2931 323 2992 divites
346 2935 409 2994 sive
432 2950 601 3010 pauperes,
632 2953 691 2995 non
725 2927 845 2998 solvunt
866 2935 1022 3005 thelonea,
1054 2930 1128 2994 nihil
1151 2931 1307 3008 exigama

131 3038 179 3104 te,
202 3033 256 3094 sed
281 3034 394 3096 domini
417 3036 588 3097 saeculares
612 3038 739 3101 solvent.
786 3039 902 3101 Gratias
926 3056 997 3118 ergo
1021 3039 1068 3116 egi
1084 3037 1147 3097 viro
1164 3041 1194 3094 et
1208 3034 1305 3093 laetus

131 3135 255 3198 domum
277 3155 418 3199 reversus
441 3143 541 3218 reperi
558 3141 654 3203 adhuc
671 3146 846 3223 peregrinos
862 3144 1061 3214 dormientes,
1085 3140 1202 3202 nullom
1225 3140 1306 3200 enim

131 3242 294 3319 cogitatum
317 3243 408 3303 alium
431 3243 610 3317 habueram,
633 3249 690 3307 nisi
713 3248 794 3326 quod
818 3265 874 3327 ego
897 3250 976 3308 sicut
999 3246 1047 3305 alii
1070 3244 1108 3306 ad
1130 3242 1305 3306 solvendam

127 3345 290 3430 pecuniam
314 3351 446 3407 arctarer
469 3348 579 3425 etjam
611 3351 790 3429 quibusdam
822 3351 950 3411 dominis
983 3351 1150 3429 peregrinis
1183 3346 1304 3406 loculus

128 3444 245 3506 ineram
268 3446 306 3510 de
329 3449 524 3512 concedenda
546 3454 619 3514 mihi
643 3457 787 3533 pecunia,
818 3472 876 3516 nec
910 3454 1064 3514 constabat
1095 3451 1187 3521 mihi,
1223 3448 1304 3528 quod

128 3549 304 3611 sacerdotes
321 3552 560 3617 Christianorum
576 3557 764 3619 libertatibus
779 3558 946 3636 gauderent
962 3555 1040 3634 apud
1057 3552 1197 3633 gentiles.
1228 3551 1304 3611 Cum

129 3669 202 3728 ergo
225 3652 564 3721 surrexissent‘domtnt
580 3664 747 3740 peregrini,
771 3662 830 3723 dixi
844 3665 903 3734 eis,
927 3660 1007 3740 quod
1023 3659 1160 3720 dominus
1177 3656 1302 3717 Scham-

126 3753 204 3814 beclr
225 3756 332 3817 luisset
355 3777 476 3822 mecum
500 3770 530 3822 et
553 3762 627 3824 haec
661 3764 786 3826 dixisset
808 3765 882 3825 mihi
905 3774 936 3825 et
959 3760 1111 3843 quomodo
1134 3759 1303 3819 libertatem

127 3873 177 3916 me
199 3857 309 3920 habere
333 3861 456 3924 dixisset
479 3883 515 3926 ex
538 3866 716 3928 sacerdotio.
763 3868 829 3929 Hoc
860 3868 1017 3932 audientes
1039 3865 1154 3929 domini
1177 3878 1301 3942 congra-

125 3960 297 4022 tulabantur
320 3965 393 4025 mihi
424 3974 454 4028 et
484 3969 539 4029 sibi
568 3972 642 4049 ipsis
677 3971 876 4032 condolebant
907 3990 961 4051 pro
992 3971 1168 4049 elargitione
1200 3972 1300 4029 tantae

125 4067 288 4142 pecuniae,
312 4070 391 4130 unde
416 4073 586 4152 aliquorum
611 4075 771 4135 eonsilium
794 4076 867 4148 luit,
891 4076 971 4154 quod
987 4093 1036 4136 res
1053 4073 1089 4135 ad
1105 4070 1299 4141 Amiraldum,

125 4168 313 4243 praelectum
336 4175 480 4249 civitatis,
503 4176 687 4250 deterretur,
711 4177 765 4239 sed
788 4178 929 4240 dominus
952 4177 1073 4248 consul,
1102 4180 1246 4255 petronus
1269 4176 1300 4235 et

1358 1038 1372 1067 Ο
