2902 4710
704 131 746 200 79

138 315 189 369 tur
209 309 302 369 etiarn
322 305 457 386 Babylon
478 314 530 368 aut
551 305 730 386 Bmylonia,
754 309 824 385 quia
846 305 1014 367 seeundum
1031 303 1218 373 Diodorum,
1243 321 1313 365 cum

137 410 287 473 Sesostris
315 428 369 472 rex
389 408 518 488 Aegypti
541 412 697 470 universas
728 410 912 472 debellasset
945 417 1066 488 gentes,
1098 408 1241 488 plurimas
1275 407 1314 469 de

137 531 244 594 magna
265 512 428 594 Bachylonia
450 520 558 591 gentes
589 516 620 572 iu
643 513 815 593 Aegyptum
844 513 942 582 duxit,
975 514 1027 590 qni
1057 513 1208 573 civitatem
1238 527 1312 573 suae

137 619 265 680 civitatis
287 619 410 679 nomine
432 616 626 678 aedificarent
648 615 851 696 Babyloniam.
898 614 1009 676 Eadem
1032 632 1069 674 ex
1092 632 1183 675 causa
1211 613 1314 693 appel·

136 721 227 783 latam
250 718 372 798 Trojarn
394 719 495 781 ierunt
517 721 610 792 hauc,
642 737 732 799 quam
756 717 887 779 Menelai
918 719 1068 778 exercitus
1091 718 1121 776 in
1143 715 1315 795 Aegyptum

136 824 245 886 ductus
267 826 433 886 confinxit
455 830 487 886 et
502 827 597 904 patrio
613 825 735 884 nomine
759 821 881 900 Trojam
904 820 1064 899 appellarit
1086 814 1153 898 (h).
1199 819 1244 880 De
1268 818 1314 880 hio

137 946 242 990 verum
265 929 391 990 serutari
419 926 538 989 difficile
562 933 625 998 est;
649 945 723 996 nos,
747 942 823 1003 quae
847 927 1011 1002 scriptores
1036 920 1242 991 tradiderunt,
1266 939 1313 983 re·

136 1031 275 1102 tulimus,
305 1048 366 1108 quo
395 1031 510 1109 posteri
540 1048 645 1090 verum
671 1028 820 1106 judicium
842 1029 929 1106 sequi
952 1033 1089 1105 possunt.
1134 1023 1217 1085 llaec
1240 1024 1312 1086 Dio·

138 1133 234 1197 dorus
256 1133 456 1212 Antiquarum
479 1132 681 1193 historiarum.

223 1236 351 1316 Insuper
374 1234 534 1315 Euhylonis
558 1237 730 1296 nominatur
753 1252 978 1313 nonnumquam
1002 1240 1033 1293 et
1052 1231 1214 1310 Babylonia
1237 1248 1315 1294 aiore

135 1342 279 1420 Aegypti,
315 1338 352 1400 ad
383 1338 585 1399 differentiam
617 1341 745 1409 veteris,
781 1356 858 1417 quae
889 1345 935 1399 est
968 1339 997 1397 in
1023 1335 1173 1396 Chaldaea
1208 1342 1314 1414 supter

136 1443 260 1507 fluvium
292 1442 412 1504 Chobar
448 1445 477 1503 in
518 1450 598 1502 terra
632 1442 757 1510 Sinam,
797 1442 834 1502 de
875 1459 934 1521 qua
964 1457 1056 1519 saepe
1091 1438 1123 1499 fit
1145 1440 1260 1499 mentio
1282 1440 1313 1501 iu

133 1547 245 1619 Biblia,
268 1548 430 1627 praecipue
452 1554 554 1606 tamen
577 1542 607 1607 4.
631 1545 705 1624 Beg.
733 1542 781 1606 15.
806 1554 837 1607 et
859 1545 966 1605 Ezech.
993 1544 1020 1606 1.
1044 1552 1075 1603 et
1097 1543 1204 1603 Daniel
1229 1539 1256 1604 1.
1282 1549 1313 1604 et

135 1657 366 1729 consequenter.
423 1650 459 1709 Et
491 1649 600 1709 dicitur
633 1648 708 1709 haec
739 1665 816 1708 nova
849 1647 1013 1727 Babylonia
1046 1646 1157 1706 distare
1191 1646 1227 1706 ab
1261 1646 1313 1708 iila

136 1752 270 1816 XXXVI.
295 1753 394 1814 dietis,

221 1857 264 1919 nx
296 1856 343 1917 his
372 1854 490 1917 duobus
520 1855 706 1926 nominibus,
741 1854 891 1934 Chayrum
923 1860 953 1914 et
981 1852 1160 1932 Bmylonia,
1191 1853 1313 1934 quidam

135 1979 231 2024 unum
253 1960 417 2021 conficiunt
438 1976 552 2018 nomen
576 1965 607 2016 et
630 1959 797 2028 civitatem,
822 1963 964 2018 vocantes
988 1957 1277 2036 Chayrobabylouia.

222 2064 339 2125 Dicitur
361 2061 437 2122 baec
459 2063 530 2122 urbs
560 2060 689 2131 infimis,
721 2067 752 2120 et
780 2063 824 2120 sic
855 2077 922 2120 eam
952 2062 1088 2120 nominat
1111 2060 1178 2120 lob.
1201 2059 1313 2121 Andro

135 2171 167 2229 iu
193 2166 347 2246 Apparatu
378 2162 430 2227 22.
461 2181 490 2242 q.
518 2162 532 2226 1
558 2172 669 2224 movet.
715 2164 829 2224 Dicitur
854 2170 884 2222 et
908 2161 1039 2222 Codrum
1062 2170 1092 2223 et
1117 2163 1252 2235 Curium,
1282 2171 1314 2225 et

136 2270 243 2332 Carras
266 2277 297 2331 et
319 2267 420 2331 Tarra.
466 2267 542 2328 Sunt
565 2274 595 2326 et
619 2266 676 2326 alia
699 2269 821 2327 nomina
843 2268 872 2325 in
896 2263 990 2325 Bibba
1021 2266 1139 2344 vulgata
1171 2275 1200 2326 et
1233 2264 1313 2345 apud

135 2381 259 2453 poetas,
291 2389 368 2451 quae
387 2368 539 2432 *videntur
569 2386 638 2429 esse
660 2370 786 2430 aliarum
811 2370 979 2438 civitatum,
1011 2376 1081 2429 sunt
1104 2375 1207 2430 tamen
1231 2369 1310 2432 illius

135 2478 233 2549 urbis,
264 2483 353 2555 prout
384 2471 536 2550 conjicere
568 2475 652 2552 potui
674 2490 711 2532 ex
733 2474 792 2533 situ
818 2478 848 2533 et
871 2490 907 2531 ex
930 2471 1147 2532 fundatoribus.
1194 2472 1312 2534 Dicitur

136 2581 218 2640 enim
240 2576 370 2648 Busiris,
395 2578 498 2636 civitas
518 2575 603 2652 juxta
626 2577 746 2638 hortum
769 2575 908 2647 balsami,
933 2583 965 2636 ut
989 2575 1101 2637 dictum
1124 2583 1172 2637 est
1192 2557 1310 2641 folsssl.

135 2680 218 2743 llaec
241 2687 306 2740 erat
328 2680 397 2740 huie
431 2682 542 2741 civitati
574 2681 714 2757 contigua
747 2681 796 2740 vel
826 2679 891 2757 ejus
925 2681 1114 2758 principium.
1168 2680 1311 2759 Heliopo-

136 2785 186 2855 lis,
218 2785 322 2845 civitas
345 2783 432 2854 solis,
461 2783 500 2843 de
524 2801 582 2860 qua
604 2784 730 2843 habetur
756 2783 857 2844 Genes
879 2781 943 2853 41,
966 2784 1017 2843 ubi
1040 2786 1210 2845 nominatur
1232 2784 1312 2847 Elio·
1421 2846 1432 2869 x

135 2887 249 2967 poleos.
295 2887 332 2947 Et
355 2886 460 2946 Esaiae
486 2882 534 2949 19.
561 2886 669 2948 dicitur
702 2889 806 2948 civitas
829 2887 918 2959 solis,
954 2889 1023 2964 quia
1047 2889 1077 2946 in
1101 2903 1136 2947 ea
1159 2888 1204 2948 sol
1228 2887 1311 2951 cole-

135 2991 230 3050 batur.
274 2988 359 3049 Haec
383 2991 485 3050 civitas
508 2992 565 3049 sita
594 2997 657 3049 erat
687 2992 765 3051 inter
795 2991 915 3051 hortum
945 2990 1072 3050 balsami
1098 2997 1129 3051 et
1155 2992 1248 3064 cairi,
1280 2996 1312 3054 in

134 3090 236 3152 medio
268 3091 383 3153 Busiris
412 3100 444 3152 et
477 3092 570 3165 Cairi,
603 3102 633 3154 et
664 3096 705 3154 ita
735 3094 852 3155 videtur
882 3093 977 3154 luisse
1009 3113 1078 3154 una.
1123 3093 1208 3156 lianc
1239 3114 1311 3157 eon·

135 3194 249 3256 didisse
281 3195 391 3255 dicitur
421 3196 577 3274 Epaphus,
608 3198 659 3273 qui
692 3203 723 3256 et
751 3194 882 3276 Aegypti
912 3195 1107 3275 Babyloniam
1136 3201 1311 3261 construxit.

136 3296 257 3359 Thebae
268 3295 399 3376 Aegypti
415 3301 517 3361 civitas
534 3300 753 3368 vetustissima,
779 3307 902 3359 centum
918 3307 1085 3380 portarum,
1109 3319 1199 3378 quam
1221 3305 1312 3365 etiam

134 3400 249 3463 Busiris
278 3403 483 3462 construxisse
507 3400 625 3460 dieitur.
671 3399 754 3460 llaec
774 3403 803 3460 in
820 3408 916 3462 tractu
933 3400 1083 3465 Thebaico
1101 3405 1221 3465 condita
1237 3406 1311 3467 dici-

134 3513 184 3566 tur
198 3523 289 3584 snpra
305 3505 476 3585 pyramides
492 3521 598 3581 regum
612 3503 752 3581 Aegypti.
783 3502 867 3564 Hane
882 3508 1038 3567 nominant
1061 3507 1152 3586 aliqui
1166 3507 1314 3583 Thebarn,
1358 3566 1366 3577 ,

135 3609 184 3675 alii
204 3607 316 3679 loven,
341 3608 448 3668 Graeci
470 3626 543 3667 vero
567 3606 736 3684 Eliopolim.
782 3606 823 3666 Ex
845 3607 891 3668 his
915 3608 1050 3679 videtur,
1074 3610 1155 3688 quod
1178 3610 1313 3686 Thebae,

133 3711 300 3791 Heliopolis
323 3717 354 3771 et
378 3711 500 3771 Cairum
522 3716 554 3770 et
575 3708 689 3770 Busiris
713 3727 773 3769 una
800 3709 890 3770 luerit
924 3713 1044 3783 civitas,
1080 3715 1149 3791 quia
1179 3718 1312 3794 pyrami-

126 3813 188 3881 des
220 3832 315 3893 prope
347 3814 454 3875 urbem
484 3811 677 3892 Babyloniam
707 3821 778 3874 sunt
808 3812 1044 3887 transflumen,
1078 3818 1179 3895 ipsum
1208 3826 1312 3883 autem

133 3916 246 3988 flumen
290 3933 345 3995 per
376 3914 510 3976 medium
547 3916 628 3976 urbis
665 3915 787 3978 Thebae
818 3916 940 3979 linxisse
977 3920 1162 3998 perhibetur.
1203 3924 1242 3984 Et
1269 3926 1313 3987 ita

132 4019 295 4100 Babylonia
319 4024 401 4079 esset
423 4025 540 4080 tantum
560 4035 629 4096 pars
646 4019 921 4098 antiquaeThebae
937 4023 967 4082 in
983 4039 1043 4083 una
1058 4031 1143 4100 parte
1158 4022 1312 4099 lluminis;

132 4123 190 4185 alia
211 4141 284 4189 vero
307 4140 378 4202 pars
400 4121 520 4184 exalia
541 4128 627 4201 perte
650 4121 784 4186 fluminis
807 4123 962 4187 destructa
983 4125 1015 4185 in
1039 4127 1137 4187 ruinis
1151 4130 1314 4193 ,eermturs
