2874 4770
698 156 741 226 97

124 337 211 413 patet
232 332 264 393 P.
284 330 311 394 1.
335 333 387 393 iol.
408 329 480 395 291.
503 331 538 392 Β.
582 331 636 392 Est
659 335 740 393 enirn
763 339 847 395 secta
869 332 921 393 illa
943 334 1030 411 quasi
1053 339 1144 412 caput
1166 314 1310 394 omniurnx

125 438 358 515 praeteritarum
381 442 412 496 et
435 435 470 496 ad
495 435 639 496 ellectum
661 437 791 498 malitiae
814 439 846 496 in
869 443 986 497 tanturn
1002 438 1162 516 pervenit,
1185 442 1218 496 ut
1237 434 1302 512 jam

128 539 276 600 ecclesiae
300 557 407 616 preces
432 540 460 599 ei
483 539 520 599 ad
535 538 665 599 salutem
681 557 872 618 nequaquam
888 542 1015 618 prosint.
1046 540 1194 601 indicium
1210 540 1304 601 divini

128 641 189 702 odii
212 641 387 702 adseclam
416 641 498 703 illam
528 649 590 713 est,
623 641 704 720 quod
727 642 810 729 Deus
844 644 998 722 promisit,
1035 649 1069 703 ut
1101 642 1224 703 cultoris
1248 642 1305 701 Dei
1369 676 1372 681 =

128 763 240 804 nomen
263 761 410 823 usurpare
432 746 488 804 sihi
511 752 734 823 praesumeret,
762 745 843 824 quod
865 753 1011 825 quantum
1034 751 1158 824 apparet
1181 747 1212 806 in
1234 745 1303 817 hoo,

129 847 210 927 quod
240 849 339 926 potius
368 847 478 919 voluit,
509 856 542 909 ut
570 848 650 909 idola
683 851 870 923 colerentur,
900 867 991 928 quarn
1024 848 1105 926 quod
1128 867 1145 909 a
1168 850 1303 929 reprobis

129 953 282 1013 coleretur
303 950 401 1022 Deus,
427 950 513 1027 cujus
536 955 713 1032 mysterium
736 954 889 1032 ignorant:
920 954 1019 1011 minor
1042 959 1089 1012 est
1112 955 1193 1013 enirn
1216 953 1308 1032 culpa

128 1054 336 1127 idololatriae,
361 1073 451 1133 quarn
466 1055 564 1129 Deum
580 1057 650 1117 iicte
666 1057 784 1126 colere,
808 1055 888 1116 unde
904 1055 1006 1134 plures
1022 1054 1197 1117 idololatrae
1214 1057 1309 1117 lidem-

130 1159 241 1220 Christi
272 1165 482 1236 receperunt,
506 1158 544 1219 de
580 1159 649 1220 ficte
686 1167 788 1221 autem
820 1160 920 1220 Deum
953 1159 1121 1219 colentibus
1152 1163 1305 1221 rarissime
1349 1197 1357 1216 .

130 1269 361 1323 convertuntur..
401 1263 446 1322 De
469 1263 515 1323 his
538 1262 606 1324 ride
630 1263 718 1324 latius
741 1266 772 1323 in
797 1261 896 1324 Tract.
914 1261 1024 1324 Fratris
1039 1243 1075 1322 N.
1092 1265 1171 1324 inter
1189 1263 1305 1325 Turcos

130 1367 239 1444 captivi
261 1364 382 1426 Ordinis
406 1365 665 1439 Praedicatorum,
689 1368 740 1444 qui
765 1365 901 1437 devita,
926 1368 1058 1427 moribus
1083 1373 1113 1426 et
1137 1367 1218 1427 cultu
1236 1367 1305 1435 Sar,-

129 1486 309 1530 racenorum
333 1474 363 1529 et
386 1468 554 1530 Turcorum
578 1474 653 1531 mira
675 1476 816 1549 expertus
841 1471 953 1531 scribit.
1062 1502 1064 1507 .

217 1572 309 1632 Porro
341 1590 433 1633 unam
465 1576 682 1637 observantiam
712 1580 832 1634 serrant
865 1573 902 1633 de
934 1591 992 1652 qua
1023 1575 1118 1634 nosiri
1142 1572 1306 1652 plurimum

129 1678 291 1748 mirantur,
316 1679 386 1754 quia
409 1678 526 1737 scilicet
548 1680 617 1739 vino
640 1697 694 1756 pro
718 1683 790 1756 potu
813 1694 873 1735 non
897 1684 1023 1740 utuntur
1043 1679 1073 1736 in
1088 1679 1227 1738 omnibus
1242 1680 1305 1738 suis

131 1781 303 1858 regionibus
335 1787 365 1840 et
398 1788 518 1840 utentes
549 1800 585 1841 eo
618 1801 672 1860 pro
704 1787 844 1861 ternpore
878 1785 1031 1858 tamquam
1064 1787 1306 1859 transgressores

129 1881 279 1944 habentur
308 1884 384 1961 legis
415 1882 614 1956 Machometi,
644 1889 694 1964 qui
718 1885 776 1948 hoc
807 1887 966 1948 mandavit.
1013 1884 1058 1945 De
1091 1901 1182 1946 causa
1205 1894 1307 1947 autem

129 1985 249 2047 lationis
272 1987 352 2048 illius
375 1989 452 2065 legis
475 1991 570 2048 nostri
594 1989 688 2050 multa
710 1991 853 2051 scribunt.
899 1989 960 2067 lpsi
984 2005 1056 2048 vero
1080 1987 1201 2061 dicunt,
1226 1989 1307 2069 quod

130 2092 199 2168 quia
222 2093 283 2151 vini
307 2098 397 2169 potus
421 2098 503 2150 ratus
528 2098 575 2151 est
598 2110 687 2152 usum
710 2094 834 2155 rationis
858 2095 975 2170 privare
991 2098 1022 2151 et
1038 2108 1163 2169 corpora
1186 2092 1307 2154 sordida

130 2193 274 2264 reddere,
303 2194 372 2254 ideo
405 2212 464 2253 non
495 2193 567 2253 licet
591 2197 634 2254 eis
657 2196 776 2266 bibere3
809 2196 960 2255 abstinent
983 2196 1064 2254 euim
1087 2195 1216 2254 multum
1240 2195 1305 2256 dili·

129 2302 238 2375 genter
261 2296 296 2355 ab
310 2297 372 2366 his,
396 2312 472 2373 quae
489 2314 615 2373 corpora
630 2297 719 2357 foeda
736 2304 766 2356 et
782 2292 934 2370 immunda
952 2297 1051 2358 iacere
1068 2302 1205 2375 possunt,
1229 2297 1306 2356 sicut

128 2400 190 2460 vini
213 2415 286 2478 usus
311 2396 391 2456 iacit.
436 2395 522 2457 Unde
546 2401 712 2459 sententia:
737 2398 813 2470 Quid
838 2399 955 2476 turpius
980 2388 1117 2471 ebrioso,
1142 2400 1191 2458 cui
1208 2398 1308 2459 ioetor

129 2506 160 2563 in
185 2520 254 2573 ore,
278 2510 394 2562 tremor
415 2504 445 2562 in
463 2517 589 2579 corpore
607 2500 687 2577 ejas,
712 2518 798 2565 mens
814 2500 977 2572 alienatur,
1001 2500 1095 2561 iacies
1111 2501 1306 2562 transforma·

129 2605 200 2667 turi
224 2606 367 2667 inductus
392 2612 492 2666 autem
515 2605 571 2665 fuit
595 2603 804 2666 Machometus
828 2602 866 2663 ad
889 2604 1080 2665 statuendam
1103 2605 1185 2665 illam
1209 2606 1308 2684 legem

128 2712 226 2789 primo
251 2718 281 2771 et
304 2710 510 2788 principaliter
533 2727 550 2769 a
573 2708 684 2770 diaboli
707 2710 921 2788 persuasione,
945 2711 995 2786 qul
1016 2708 1167 2771 mediante
1182 2708 1307 2771 Macho-

130 2815 204 2873 meti
226 2814 443 2873 immanissima
472 2814 637 2873 tentatione
667 2815 788 2875 turhare
822 2811 928 2872 fideles
960 2815 1141 2886 conabatur,
1173 2815 1308 2875 virtuosa

130 2917 247 2976 scilicet
272 2916 448 2993 apparentia
470 2922 501 2974 et
522 2915 597 2976 falsa
620 2918 783 2996 sapientia,
814 2932 904 2994 quam
936 2933 990 2993 per
1012 2918 1080 2980 vini¹
1096 2918 1308 2985 abstinentiam

131 3020 162 3080 in
184 3020 357 3080 sarracenis
382 3017 516 3079 radicare
540 3022 669 3093 sciehat,
701 3023 779 3081 sieut
812 3024 842 3079 et
863 3034 935 3078 vera
965 3019 1025 3078 vita
1049 3020 1182 3080 virtuosa
1205 3027 1236 3080 et
1258 3037 1306 3080 sa-

130 3124 243 3203 pientia
266 3140 300 3182 ac
323 3122 443 3183 devotio
466 3122 595 3184 iaciliter
616 3125 648 3183 in
671 3142 731 3183 non
754 3122 907 3184 utentibus
931 3125 1000 3184 vino
1025 3127 1144 3185 crescit.
1177 3123 1216 3186 Ut
1233 3142 1306 3203 ergo

132 3228 290 3288 Sarraceni
313 3227 436 3286 liberius
470 3227 604 3287 animum
627 3226 824 3287 transferrent
848 3223 886 3287 ad
907 3224 974 3286 illas
997 3227 1134 3288 iietiones
1158 3233 1189 3288 el
1211 3235 1306 3287 mate-

131 3331 235 3394 rialem
258 3329 408 3408 quandam
437 3330 642 3389 maturitatem
666 3335 697 3388 et
720 3327 908 3405 corporalem
940 3328 1138 3405 aptitudinem
1169 3333 1306 3407 acquire·

133 3441 213 3505 rent,
246 3452 303 3512 qua
325 3450 431 3494 uacare
455 3438 579 3511 possent
602 3434 745 3493 virtuosis
768 3431 976 3509 apparentiis‚·
996 3433 1099 3493 vinum
1130 3434 1190 3504 eis,
1225 3432 1308 3511 quod

132 3534 272 3598 laetificat
294 3539 386 3598 etiam
410 3537 523 3614 probos
546 3542 578 3596 et
592 3520 706 3607 bonos,
730 3535 865 3594 inhibuit.
912 3535 989 3595 Sunt
1006 3537 1087 3595 enim
1104 3537 1135 3596 in
1150 3539 1307 3597 exteriori·

132 3641 187 3702 bus
211 3642 339 3701 multum
362 3639 542 3717 disciplinati
566 3645 596 3698 ct
612 3634 667 3717 (h)
685 3638 861 3716 compositi,
885 3640 1052 3716 tranquilli,
1075 3642 1206 3718 benigni,
1230 3644 1309 3703 inter

133 3760 166 3803 se
188 3737 321 3822 pacifici,
345 3744 493 3823 patientes
510 3746 540 3800 et
553 3741 684 3802 humiles
700 3743 730 3801 in
746 3742 872 3813 vestitu,
897 3743 928 3802 in
945 3742 1088 3804 aediliciis
1105 3745 1180 3804 etin
1198 3747 1308 3806 oratio-

132 3848 219 3907 nihus
236 3846 366 3918 assidui,
392 3864 426 3906 ao
442 3846 467 3904 si
483 3850 586 3903 essent
601 3843 738 3921 regulam
754 3841 880 3918 alicujus
903 3847 1056 3927 religionis
1080 3847 1218 3926 professi.
1262 3848 1309 3909 hd

132 3950 207 4012 haec
237 3960 338 4013 autem
369 3952 468 4011 omnia
502 3954 532 4007 et
553 3943 727 4023 hujusmodi
756 3945 843 4007 valde
870 3945 955 4024 juvat
983 3953 1086 4012 vitatio
1116 3958 1206 4029 potus
1237 3954 1307 4014 vini.

132 4053 215 4115 llaec
239 4074 311 4134 ergo
336 4073 441 4115 eorum
464 4054 622 4113 maturitas
646 4058 676 4111 et
698 4054 830 4114 virtuosa
846 4055 1021 4131 apparentia
1037 4053 1148 4115 multos
1165 4051 1313 4115 Christia-'

132 4175 187 4219 nos
210 4161 243 4221 in
264 4157 323 4220 fide
345 4165 448 4219 nostra
471 4155 598 4218 titubare
622 4154 694 4217 iecit
717 4162 749 4216 et
771 4155 882 4216 multos
916 4155 1034 4218 seduxit
1062 4155 1222 4234 majusque
1253 4175 1308 4220 no·

1082 4275 1097 4325 7
