2874 4770
684 183 747 255 tlt

132 371 164 427 et
184 369 294 428 ventus
316 359 403 431 flare,
437 361 480 420 ita
502 377 570 422 cum
601 361 667 422 sole
694 360 822 439 amplius
852 376 913 422 uon
944 367 1106 442 apparente
1137 378 1196 424 nec
1222 362 1304 424 venti

133 468 226 547 aliqui
248 471 468 529 remansemnt.
513 465 660 525 Stetimus
695 482 767 542 ergo
803 466 848 526 sic
870 467 901 525 in
924 466 992 527 sinu
1014 463 1163 528 Laconico
1186 463 1303 527 taedio·

133 572 254 631 sissima
276 568 501 648 tranquillitate,
526 576 557 630 et
580 569 618 630 de
633 568 729 629 latere
750 570 779 629 in
796 569 874 630 latua
890 570 1024 632 inclinati
1039 589 1120 633 nuuc
1141 571 1201 632 huc
1223 588 1304 659 nunc

132 673 204 734 illuc
226 673 372 733 inutiliter
393 673 565 735 ferebamur
587 691 685 751 usque
709 672 747 734 ad
769 674 911 734 tenebras
935 680 966 734 et
990 681 1111 736 noctem
1142 681 1224 738 certe
1247 676 1303 737 mi·

131 794 231 838 seram
254 777 410 839 habuimus
434 777 575 856 diemque
598 778 663 839 fieri
685 778 920 857 postulabamus.

217 882 273 941 Die
290 879 408 953 xxix,
432 899 511 960 quae
534 875 582 942 est
603 881 704 960 vigilia
727 882 758 942 S.
774 882 922 954 Andreae,
946 885 976 944 in
1000 884 1099 945 noctis
1115 884 1215 945 medio
1237 900 1304 942 sur-

130 988 207 1046 rexit
229 991 336 1046 ventus
366 986 555 1064 impetuosus
589 992 619 1046 et
643 983 917 1063 nobisssinsidiosus
952 986 1142 1064 classemque
1166 987 1306 1047 atrociter

128 1089 237 1148 invasit
266 1095 296 1148 et
319 1088 356 1148 de
379 1091 447 1150 sinu
470 1078 620 1150 laconico
641 1090 673 1151 in
696 1107 778 1150 marc
794 1086 931 1167 Aegeum
957 1088 1078 1166 reJeoit,
1103 1096 1133 1150 et
1152 1091 1305 1167 ingentem

128 1200 343 1273 tempestatem
367 1188 541 1265 babuimus,
564 1197 594 1255 in
618 1211 677 1272 qua
701 1213 792 1256 naves
816 1195 851 1255 ab
875 1196 1005 1256 invicem
1029 1199 1195 1272 separatae.
1230 1191 1305 1252 Cum

129 1300 194 1361 dies
218 1303 298 1359 esset
321 1298 415 1364 iacta,
438 1295 550 1358 nullam
573 1296 677 1359 videre
700 1304 874 1376 poteramus
897 1299 928 1358 iu
950 1297 1052 1358 multis
1076 1297 1173 1366 horis,
1196 1297 1306 1356 iterum

129 1411 246 1474 autern,
270 1405 339 1481 quia
362 1403 462 1462 mitior
477 1407 585 1462 ventus
609 1401 785 1471 advenerat,
809 1406 914 1461 contra
927 1398 1059 1461 Maleam
1082 1406 1179 1460 rostra
1201 1405 1304 1459 exten·

129 1505 228 1567 dimus
253 1501 323 1586 (b),
359 1511 390 1565 ct
411 1504 558 1565 industria
581 1521 687 1582 magua
708 1505 740 1564 iu
764 1504 877 1582 golium
903 1502 1095 1565 Maleaticum
1118 1496 1330 1574 devenimus,'·'

131 1611 217 1687 quasi
241 1616 344 1669 contra
366 1609 448 1668 venti
472 1624 629 1668 conamen.
673 1603 751 1667 Mira
780 1624 852 1686 ergo
882 1608 1036 1668 celeritate
1068 1608 1178 1668 iterum
1213 1604 1249 1666 ad
1272 1605 1303 1667 S.

129 1709 289 1771 Michaelis
314 1711 391 1773 alam
413 1715 657 1792 properavimus,
692 1718 722 1772 et
744 1713 819 1772 aliae
842 1713 959 1790 galeae,
994 1729 1157 1773 conservae
1174 1717 1304 1779 nostrae,

132 1832 208 1892 quas
231 1813 473 1892 perdideramus,
498 1816 672 1877 advolabant
695 1833 762 1876 cum
778 1813 876 1876 Malea
899 1823 1094 1895 pugnaturae.
1131 1814 1207 1876 Cum
1231 1831 1304 1892 ergo

131 1916 381 1995 advesperasset,
406 1920 443 1981 ad
466 1939 559 1981 comu
581 1920 700 1982 Maleae
730 1920 1051 1998 appropinquavimus,
1075 1919 1130 1980 sed
1153 1936 1222 1979 cum
1240 1916 1304 1994 jam

131 2024 226 2083 aciem
243 2025 390 2103 attingere
406 2024 604 2098 deberemus,
629 2042 702 2086 ecce
718 2032 825 2085 ventus
849 2031 953 2085 contra
974 2042 1030 2085 uos
1054 2024 1154 2101 erupit
1169 2021 1207 2083 de
1221 2022 1304 2082 biatu

129 2145 198 2188 cum
232 2128 347 2205 ingenti
380 2147 532 2191 murmure
563 2147 732 2207 navemque
756 2129 897 2192 evolvens
920 2131 1018 2208 rapuit
1046 2134 1077 2188 et
1098 2127 1187 2206 longe
1209 2129 1240 2187 in
1264 2127 1303 2185 si·

128 2247 201 2290 num
224 2227 408 2291 Laconicum
430 2231 553 2309 rejecit,
576 2231 656 2293 unde
679 2234 796 2310 magnis
818 2233 969 2294 laboribus
993 2230 1102 2292 educta
1124 2230 1231 2291 luerat.
1271 2226 1305 2289 ln

129 2349 189 2409 quo
213 2331 291 2392 lacto
313 2331 377 2408 jam
400 2352 461 2394 uon
485 2335 613 2396 mirabar
636 2336 828 2412 antiquorum
842 2336 1021 2414 scripturas,
1046 2335 1153 2412 quibus
1175 2332 1306 2403 tradunt,

130 2452 185 2512 per
200 2432 318 2494 Maleae
341 2435 455 2497 hiatum
479 2455 547 2498 esse
571 2437 755 2499 descensum
776 2441 807 2499 iu
824 2438 983 2500 iuiemum.
1015 2437 1127 2499 Sedet
1149 2438 1199 2498 alii
1214 2436 1305 2495 maris

130 2538 213 2598 venti
242 2544 345 2598 contra
378 2557 434 2599 uos
456 2539 584 2602 boabant
620 2547 651 2601 et
675 2559 757 2602 mare
788 2560 948 2603 occurrere
979 2540 1187 2621 impellebant,
1220 2541 1305 2617 quasi

130 2640 162 2700 S.
178 2638 307 2701 Michael
332 2648 451 2703 extenta
474 2645 519 2705 ala
543 2663 650 2723 magua
672 2652 795 2706 ventum
818 2652 849 2706 et
870 2664 953 2707 mare
969 2653 1072 2707 contra
1095 2663 1151 2722 nos
1173 2643 1304 2703 tremere

128 2744 253 2805 faceret.
284 2745 557 2810 Retrocedcntibus
581 2769 653 2829 ergo
677 2751 762 2811 uobis
778 2757 974 2811 occurrerunt
996 2751 1082 2812 nobis
1098 2749 1173 2810 aliae
1200 2746 1303 2826 galeae

131 2856 234 2910 contra
250 2848 381 2910 Maleam
406 2851 564 2914 celerrima
586 2856 774 2932 navigatione
798 2853 1010 2933 procedentes,
1034 2872 1092 2915 una
1115 2858 1184 2930 post
1206 2851 1302 2920 aliam,

128 2960 160 3013 et
182 2952 339 3014 videbatur
361 2955 401 3014 ibi
425 2973 474 3016 res
497 2957 646 3035 stupenda
670 2964 702 3018 et
724 2958 882 3031 mirabilis,
905 2977 965 3019 nou
989 2964 1113 3037 experto
1136 2958 1182 3017 vir
1206 2955 1302 3016 credi·

126 3057 206 3118 bilis.
251 3056 327 3118 Nam
349 3058 471 3136 galeae,
496 3076 573 3138 quae
592 3068 696 3121 contra
712 3059 841 3121 Maleam
863 3060 1068 3139 procedebant
1090 3060 1180 3138 pleno
1204 3065 1302 3129 vento,

127 3161 168 3221 ibi
192 3167 293 3222 autem
316 3168 347 3222 et
369 3163 473 3241 galeae
493 3163 624 3242 rejectae
640 3182 736 3243 aeque
752 3166 911 3226 veniebant
925 3167 1064 3226 similiter
1079 3164 1202 3243 repletis
1217 3163 1302 3233 velis,

128 3271 158 3324 et
183 3266 342 3325 currebant
364 3283 456 3327 naves
480 3274 584 3328 contra
607 3269 794 3330 seinvicem
817 3270 914 3348 plenis
931 3269 1021 3340 velis,
1045 3286 1080 3329 ac
1103 3270 1128 3328 si
1147 3266 1206 3328 duo
1231 3284 1302 3324 con·

125 3369 218 3429 traria
241 3369 330 3429 simul
353 3374 457 3429 esseut
479 3372 509 3430 iu
533 3370 651 3432 eodem.
697 3371 782 3433 Sicut
804 3390 877 3450 ergo
900 3372 985 3431 nobis
1009 3372 1134 3450 contigit
1155 3372 1185 3430 in
1209 3387 1303 3429 cornu

125 3470 263 3545 Maleae,
287 3475 332 3533 sic
354 3480 385 3534 et
400 3474 538 3537 omnibus
554 3475 620 3536 aliis
634 3477 758 3537 navibus
775 3475 897 3546 accidit,
921 3493 990 3535 mox
1006 3477 1100 3546 enim,
1124 3480 1157 3534 ut
1172 3479 1303 3533 rostrum

126 3578 227 3655 aliqua
250 3577 336 3655 galea
360 3578 520 3638 extendere
544 3581 644 3658 coepit
677 3581 754 3640 ultra
776 3576 894 3640 Maleae
925 3597 1033 3650 romu,
1067 3586 1174 3639 ventus
1207 3579 1304 3656 ipsam

124 3684 226 3762 rapuit
257 3688 288 3742 et
312 3683 437 3761 expulso
470 3686 561 3765 priori
592 3691 681 3747 vento
704 3703 721 3746 a
744 3685 811 3746 velo
833 3687 933 3764 ipsum
958 3685 1108 3746 contrario
1132 3681 1302 3761 complevit,

126 3792 158 3846 et
181 3788 221 3845 ita
246 3804 350 3848 aversa
374 3789 573 3851 relabebatur.
620 3789 732 3868 Sicque
756 3788 894 3868 relapsae
918 3797 989 3851 sunt
1013 3807 1120 3850 omnes
1145 3789 1249 3867 galeae
1272 3791 1302 3849 in

125 3891 226 3951 sinum
249 3888 447 3964 Laconicum,
471 3900 502 3953 et
524 3900 646 3954 noctem
669 3893 818 3954 turbatam
841 3897 974 3973 egimus,
997 3901 1029 3954 ut
1053 3897 1176 3973 patebit.
1212 3894 1304 3954 Erant

125 4000 229 4053 tamen
251 4000 359 4057 nautae
383 3998 479 4057 nostri
501 3999 531 4058 in
556 4015 628 4075 spe,
662 3996 742 4074 quod
766 3997 796 4058 S.
820 3980 972 4070 Andreas,
1006 3998 1092 4075 cujus
1116 3998 1229 4060 festum
1256 4000 1301 4058 iu-

126 4096 223 4163 stabat
245 4105 275 4159 et
297 4100 384 4178 cujus
403 4099 521 4178 jejunia
537 4100 691 4160 celebrant
707 4119 760 4180 pro
776 4101 854 4163 bono
871 4109 979 4174 vento,
1001 4103 1206 4181 provisionem
1222 4100 1303 4160 lace-

126 4205 190 4271 ret,
222 4218 290 4263 oum
321 4211 352 4265 et
382 4205 448 4284 ipse
481 4203 636 4284 apostolus
668 4206 709 4265 sit
737 4207 826 4266 maris
856 4213 1010 4285 patronus.
1055 4205 1181 4266 Eramua
1213 4205 1304 4264 etiam
