2874 4770
688 143 757 213 m
782 177 790 188 .

130 329 203 391 ralis
223 327 339 388 inutilis
361 322 400 384 ad
421 320 605 384 vincendum
619 318 764 391 tracum,
786 319 827 381 de
848 338 911 399 quo
932 338 995 380 uon
1015 337 1149 398 parvam
1172 319 1313 383 habebant

130 435 281 496 tristitiam
301 449 361 510 per
380 429 527 498 classem,
553 434 688 488 attamen
710 426 916 504 permiserunt
936 425 1019 502 ipsas
1042 424 1154 502 galeas
1179 423 1219 486 ad
1240 425 1313 485 venti

127 540 207 601 latus
228 534 396 616 procedere
418 533 577 594 declinatis
600 532 754 600 antennis,
788 548 848 590 una
877 547 981 589 earum
1011 546 1139 589 sursum
1171 532 1205 590 in
1227 528 1312 590 altum

127 649 287 724 protensa,
318 638 411 700 altera
434 636 578 698 deorsum
599 654 698 714 usque
729 634 768 695 ad
790 642 919 695 transtra
952 632 1105 704 demissa,
1142 633 1228 712 quod
1255 634 1311 694 ieri

129 748 218 817 solet,
240 741 362 824 qnando
383 748 532 802 conantur
553 738 699 801 deludere
714 746 832 809 ventos,
854 744 890 799 ut
910 745 1002 798 vento
1023 740 1071 796 eis
1087 741 1247 799 contrario
1263 733 1311 818 (b)

129 850 168 913 ad
197 856 302 931 optata
331 845 480 908 ducantur
510 847 592 916 loca,
623 847 730 922 sicque
759 841 808 903 die
839 842 895 927 illo
923 845 1138 922 processimus
1172 852 1203 906 et
1233 846 1311 923 quasi

129 964 253 1020 veutrun
274 954 494 1014 coarctavimus
516 957 549 1011 et
570 949 787 1028 captivavimus
809 949 841 1006 in
864 949 1000 1008 recurvis
1021 948 1116 1019 velis,
1149 948 1234 1027 quod
1254 949 1312 1010 fieri

128 1065 231 1142 potest
252 1057 396 1137 quidem,
429 1053 503 1115 dum
529 1071 591 1114 non
620 1055 711 1113 nimis
733 1059 843 1130 potens
872 1053 913 1112 sit
938 1049 1038 1113 flatus.
1084 1052 1153 1113 Sed
1176 1053 1251 1114 dum
1271 1054 1311 1113 sol

128 1167 227 1245 mergi
248 1162 287 1224 ad
308 1162 502 1222 occasionem
524 1160 688 1236 inciperet,
718 1157 843 1216 emersit
864 1164 972 1216 ventus
995 1158 1193 1235 impetuosus
1228 1158 1310 1218 nimis

127 1274 268 1348 laetaque
293 1271 461 1345 tempestas
492 1264 685 1330 saevissima,
716 1261 880 1339 surgebant
907 1262 1006 1330 venti,
1039 1263 1201 1322 saeviebat
1225 1278 1310 1329 mare,

130 1375 325 1439 elevabantur
346 1386 442 1447 aquae
464 1384 557 1445 supra
578 1367 696 1443 galeam
718 1373 748 1424 et
772 1364 974 1425 reincidentes
1001 1383 1069 1425 earn
1090 1369 1221 1444 penitus
1243 1383 1309 1445 ope·

129 1481 247 1542 ciebant
269 1480 301 1535 et
322 1472 495 1552 replebant,
518 1469 598 1531 unde
621 1471 723 1531 omnia
745 1469 775 1528 in
790 1469 996 1546 superioribus
1019 1475 1071 1529 aut
1093 1472 1129 1528 in
1152 1487 1234 1548 aqua
1255 1477 1308 1530 sta·

128 1585 199 1645 bant
222 1580 454 1648 autumabant,
477 1583 508 1635 et
531 1575 750 1653 gubernatores
773 1590 865 1650 supra
887 1575 917 1632 iu
939 1572 1020 1633 unda
1042 1575 1221 1634 currebant.
1259 1573 1309 1634 Su·

129 1689 266 1768 periotes
289 1683 467 1751 currebant,
490 1679 659 1740 clamabant
677 1685 708 1738 et
724 1677 916 1748 laborabant,
938 1675 1097 1736 interiores
1114 1677 1309 1738 adhaerentes

128 1790 294 1871 parictibus
317 1792 348 1846 et
371 1784 520 1845 columnis
544 1783 645 1861 pavidi
670 1784 807 1854 stabant,
831 1782 953 1842 orabant
976 1790 1006 1842 et
1029 1784 1137 1844 tristes
1160 1786 1310 1845 interitum

128 1911 218 1954 suum
247 1887 461 1968 exspectabant
492 1885 619 1964 singulis
649 1888 822 1946 momentis.
866 1886 977 1947 Dicere
1008 1885 1110 1947 audeo
1144 1906 1204 1966 pro
1237 1905 1309 1956 vero,

129 1993 211 2077 quod
243 1993 294 2054 illa
327 1999 419 2052 nocte
453 1990 531 2051 ultra
562 1992 677 2050 centies
711 1989 823 2068 rapidis
855 1989 997 2068 procellis
1030 1989 1148 2051 luimus
1172 1991 1309 2061 obvoluti,

128 2099 228 2180 operti
248 2094 355 2168 undis,
380 2095 514 2154 immersi
537 2095 639 2170 aquis,
663 2093 718 2153 sed
739 2111 797 2154 nec
819 2095 979 2153 immersas
1001 2112 1094 2154 naves
1110 2097 1259 2157 immanis
1272 2096 1310 2155 vis

129 2212 161 2266 et
183 2203 267 2263 luror
287 2202 357 2260 sinit
381 2199 437 2259 sub
460 2200 547 2277 aqrris
571 2196 608 2258 ad
630 2206 820 2259 momentum
844 2216 985 2268 manere,
1008 2198 1063 2258 sed
1085 2217 1126 2259 eo
1149 2203 1236 2271 ictu,
1258 2218 1309 2280 quo

128 2311 270 2369 immersa
293 2305 398 2375 luerit,
429 2301 582 2379 rejicitur,
612 2308 644 2362 et
665 2319 743 2380 quae
773 2310 844 2362 ante
872 2303 904 2362 in
933 2302 1117 2380 profundum
1149 2305 1309 2373 labebatur,

128 2431 211 2475 nunc
232 2413 265 2471 in
288 2411 382 2471 altum
405 2408 555 2479 elevatur,
589 2414 621 2466 et
644 2423 722 2484 quae
755 2408 815 2466 iam
847 2414 978 2467 rostrum
1008 2424 1132 2467 versum
1163 2409 1310 2471 infernum

130 2517 279 2578 directum
294 2513 439 2582 habebat,
463 2513 565 2571 statim
581 2529 687 2571 eversa
701 2512 801 2589 ipsum
816 2514 846 2571 iu
862 2512 980 2571 coelum
997 2511 1194 2574 extendebat.
1226 2514 1308 2575 Nobis

129 2641 201 2703 ergo
231 2624 275 2682 sic
297 2638 351 2699 per
375 2619 465 2679 maris
499 2617 699 2694 vertiginosos
725 2615 877 2677 anfractus
908 2618 1137 2696 navigantibus,
1175 2619 1308 2679 terribilis

129 2746 218 2790 casus
242 2727 326 2788 nobis
350 2722 466 2794 accidit,
491 2739 550 2799 quo
574 2720 648 2781 nihil
665 2722 722 2779 nisi
738 2720 864 2781 mortale
880 2721 1065 2799 naufragium
1084 2719 1152 2794 jam
1176 2721 1244 2799 jam
1266 2721 1308 2782 ad·

129 2836 250 2895 venisse
274 2824 456 2910 (opinantes)
481 2827 581 2887 cuncti
605 2824 788 2885 clamabant:
829 2824 855 2884 0
879 2825 979 2896 Dens,
1007 2844 1025 2884 o
1048 2821 1163 2898 Maria,
1189 2847 1210 2888 o
1234 2827 1307 2888 Beati

128 2952 245 3004 omnes,
267 2935 434 2993 succurrite
458 2932 577 2990 miseris
600 2931 630 2989 in
654 2931 809 3008 procinctu
834 2930 1023 2989 constitutis!
1056 2926 1221 2999 Quaedam
1236 2934 1308 2992 enin

128 3038 213 3098 navis
242 3033 280 3095 de
310 3044 416 3096 nostra
439 3034 537 3095 classe
561 3035 676 3112 impetu
700 3033 738 3095 ad
761 3040 894 3093 nostram
917 3033 973 3092 luit
997 3031 1133 3108 adjecta,
1165 3035 1245 3096 adeo
1267 3053 1307 3095 re·

129 3143 234 3216 pente,
265 3135 347 3216 quod
370 3156 430 3198 non
453 3145 590 3217 poterant
623 3155 690 3198 eam
726 3140 876 3207 retinere,
909 3154 967 3197 nec
997 3144 1134 3197 nostram
1165 3138 1309 3200 abducere

127 3257 187 3300 nec
209 3258 368 3303 accursum
402 3240 468 3319 ejus
492 3240 594 3303 videre
628 3243 785 3314 valebant,
822 3261 890 3302 curn
922 3261 980 3302 nor
1010 3241 1141 3302 obscura
1171 3254 1258 3305 esset
1285 3249 1310 3303 et

127 3353 229 3408 motus
252 3345 337 3408 naris
360 3346 451 3406 nirnis
476 3344 577 3418 velox,
602 3346 678 3407 ultra
702 3346 834 3408 rolatum
850 3345 1067 3424 cujuscumque
1091 3349 1167 3407 avis.
1200 3349 1309 3429 tnpre

127 3452 190 3511 vise
214 3471 287 3533 ergo
310 3468 474 3512 accurrens
498 3452 622 3528 impegit
654 3452 684 3511 in
707 3459 841 3511 nostram
873 3450 990 3529 galeam
1026 3448 1241 3532 confregitque
1265 3470 1309 3514 ea·

126 3571 288 3634 rascopum
304 3553 352 3617 vel
377 3553 502 3615 scallam
527 3554 689 3632 majorem,
717 3575 795 3635 qnae
818 3556 966 3636 pendebat
989 3554 1025 3615 ad
1050 3557 1212 3618 sinistrum
1237 3559 1311 3619 latus

127 3659 254 3734 puppis,
288 3659 528 3737 comminuitque
550 3661 580 3717 in
603 3659 714 3731 lrusta,
750 3678 819 3720 cum
843 3669 944 3720 tamen
972 3667 1053 3720 esset
1077 3661 1189 3738 cymba
1213 3662 1310 3724 tortis·

127 3760 218 3829 sima,
243 3758 281 3819 de
304 3758 497 3820 solidissimis
511 3761 602 3839 liguis
618 3768 722 3841 querci
740 3774 906 3844 compacta.
936 3764 1069 3825 Alterius
1085 3774 1191 3827 antem
1207 3768 1310 3846 galeae

127 3868 214 3940 rupta
237 3859 292 3920 luit
315 3863 442 3938 coquina
465 3870 497 3922 et
519 3867 637 3935 omnia,
660 3885 737 3943 quae
763 3870 792 3927 in
817 3887 853 3931 ea
877 3876 970 3939 erant,
996 3870 1148 3948 discerpta
1172 3874 1205 3933 in
1230 3888 1311 3933 mare

128 3962 313 4024 ceciderunt.
353 3963 507 4036 Quantum
541 3975 813 4034 autemterrorem
836 3976 943 4036 inille
966 3983 1107 4037 contactu
1131 3979 1237 4041 subito
1262 3979 1311 4040 ba·

125 4067 289 4136 buerimus
312 4074 442 4146 quantus
459 4071 613 4149 strepitus,
637 4072 737 4153 fragor
754 4084 786 4136 et
802 4095 893 4155 quarn
910 4081 1060 4141 horribilis
1075 4083 1215 4143 omniurn
1233 4083 1311 4164 luga,

127 4177 157 4234 ct
179 4188 271 4252 quam
291 4171 491 4235 lamentabilis
514 4175 629 4237 clamor
659 4178 700 4239 ibi
729 4179 836 4252 luerit,
866 4191 971 4245 mente
999 4202 1087 4263 gero,
1122 4185 1182 4248 sed
1212 4189 1312 4251 verbis
