2902 4710
641 121 728 227 'ars

106 336 161 406 sit,
184 351 256 397 vere
279 331 339 392 scit
360 328 440 389 orbis
464 326 617 399 conditor,
649 327 700 404 qui
723 329 754 384 et
776 321 966 384 latitudinem
1000 323 1090 382 maris
1131 325 1162 381 et
1183 322 1282 403 terrae

105 435 360 516 magnitudinem,
396 431 578 511 prulundum
612 430 727 508 abyssi.
747 434 778 488 et
801 426 878 486 coeli
910 424 1099 487 altitudinem
1128 427 1283 488 dimensus

107 547 163 602 est.
208 538 297 600 Multi
319 545 420 620 tamen
444 536 556 614 opinati
579 541 665 606 sunt,
688 533 747 592 hoc
769 528 873 592 mundi
896 529 1030 590 medium
1053 531 1083 590 in
1106 528 1284 601 Jerusalem,

105 647 136 708 in
159 645 242 713 loco,
265 642 315 702 ubi
338 657 446 721 passus
469 645 516 699 est
537 638 700 707 Dominus,
716 636 776 695 nti
799 641 882 712 patet
904 631 936 693 P.
961 632 983 693 l.
1007 633 1069 695 Fol.
1094 630 1164 696 117.
1196 632 1285 695 Multi

27 792 29 795 -
107 755 208 809 autem
236 765 297 824 pon
326 732 536 814 credunt,'in
564 741 734 803 Jerusalem
766 756 858 819 posse
888 755 957 798 esse
988 738 1121 799 centrale
1151 738 1285 799 medium

107 849 227 929 muudi,
251 855 282 909 et
304 847 406 927 plures
430 845 468 906 de
491 844 549 905 hoc
572 844 791 924 disputationes
814 843 897 904 fiunt.
930 842 1042 903 Dicunt
1062 850 1180 911 tamen,
1204 842 1286 924 quod

109 954 245 1016 medium
267 951 370 1012 mundi
387 948 521 1010 secundo
539 947 628 1009 modo
652 954 811 1026 acceptum
827 953 874 1006 est
890 948 920 1007 in
940 944 1118 1006 Jerusalem.
1151 944 1287 1008 Medium

108 1076 181 1121 vero
205 1057 295 1119 tertio
319 1055 409 1115 modo
434 1060 480 1115 est
508 1056 539 1113 in
563 1037 668 1124 Creta,
693 1051 774 1130 quod
795 1057 887 1130 patet,
912 1053 981 1128 quia
1007 1051 1134 1111 adeam
1157 1052 1286 1113 insulam

109 1161 201 1221 maria
225 1161 316 1220 trium
339 1156 419 1218 orbis
437 1157 566 1235 partium
582 1157 791 1215 terminantur.
822 1152 897 1212 Nam
913 1151 956 1213 illi
972 1154 1006 1212 ab
1032 1161 1134 1213 arctoo
1149 1153 1287 1232 Aegeum

110 1270 158 1324 est
189 1279 271 1323 mare
298 1268 341 1322 .et
374 1260 408 1320 ab
445 1259 571 1320 occiduo
601 1256 722 1319 tontum
753 1274 808 1316 seu
839 1254 1007 1333 Myrteurn,
1042 1275 1119 1336 quae
1149 1256 1287 1337 Europae

110 1368 312 1446 sunt-maria3
332 1382 363 1425 ‘a
386 1364 459 1424 solis
483 1371 551 1424 ortu
581 1370 628 1424 est
650 1362 693 1422 illi
723 1361 851 1422 icarium
881 1377 964 1421 mare
996 1367 1087 1439 atque
1111 1362 1288 1441 Carpaoium

111 1474 175 1532 sive
189 1469 381 1549 Aegyptium,
405 1486 482 1547 quae
495 1467 627 1527 Asiatica
643 1467 737 1526 maria
760 1474 838 1526 sunt.
868 1465 1035 1526 Ameridie
1058 1485 1130 1528 vero
1153 1476 1184 1529 et
1207 1470 1287 1528 occi·

65 1564 68 1571 ⁴
112 1573 171 1659 duo
194 1572 266 1633 A'lro
290 1571 411 1633 alluitur
434 1555 543 1650 ponto,
568 1578 599 1630 et
622 1572 667 1630 sic
689 1569 783 1630 tribus
807 1571 886 1630 orbis
903 1571 1037 1648 partibus
1060 1574 1208 1637 terminus,
1230 1581 1287 1634 est.

112 1675 272 1752 Quomodo
290 1683 391 1736 autem
407 1682 488 1734 totus
505 1674 633 1734 mundus
657 1676 686 1733 in
710 1673 763 1734 has
787 1679 849 1731 tres
862 1671 1015 1733 dividatur
1030 1680 1139 1752 partes,
1159 1676 1289 1735 breviter

112 1784 156 1843 sic
179 1781 338 1858 accipitur:
362 1778 449 1856 Asia„
473 1781 569 1857 prima
592 1786 622 1839 et
645 1777 741 1855 major
757 1777 859 1837 mundi
875 1772 960 1865 pars,
984 1760 1089 1857 incipit
1110 1781 1145 1841 ab
1173 1782 1289 1840 oriente

112 1884 343 1963 extenditurque
366 1883 531 1944 lateraliter
553 1882 622 1942 hinc
645 1900 742 1960 usque
767 1881 804 1942 ad
827 1884 1090 1960 septemtrionem,
1126 1884 1207 1955 illinc
1238 1904 1289 1945 us-

113 2007 171 2067 que
194 1989 233 2051 ad
257 1988 400 2050 torridam
431 2006 540 2049 zonam
567 1989 810 2065 terminaturque.
829 1987 864 2047 ab
889 1987 1047 2048 occidente
1062 1991 1290 2068 septentrionali

112 2093 206 2155 Tanai
229 2092 338 2163 lluvio,
364 2096 415 2172 qui
440 2112 475 2154 en
498 2093 640 2172 Riphaeis
664 2080 816 2152 montibus
841 2090 995 2171 profluens
1018 2093 1138 2172 grandis
1163 2094 1292 2156 eiticitur

114 2205 144 2258 et
168 2216 223 2277 per
245 2198 407 2257 multarum
431 2197 589 2274 regionum
612 2178 774 2256 decursum
791 2194 948 2274 paludibus
968 2194 1126 2258 Maeoticis
1149 2199 1291 2263 illabituri

117 2301 340 2381 pouto‘Euxiuo
363 2299 497 2378 jungitur
520 2317 574 2377 per
597 2301 749 2370 strictum3
776 2299 811 2358 ab
836 2299 994 2360 occidente
1010 2320 1081 2363 vero
1104 2304 1291 2366 meridionali

112 2406 180 2478 Nilo
210 2405 405 2474 terminatur,
439 2402 568 2463 ethaeo
591 2418 660 2479 pars
685 2401 815 2462 mediam
841 2409 957 2480 partem
980 2412 1101 2465 nostrae
1123 2406 1292 2489 habitabilis

114 2510 248 2569 obtinet.
597 2560 625 2579 „
1087 2498 1088 2501 ¹

202 2609 348 2685 Dictaque
372 2613 419 2667 est
437 2604 513 2668 'Asia
536 2608 571 2668 ab
595 2623 688 2668 uxore
718 2606 811 2685 lapeti
841 2608 992 2686 quondam
1015 2616 1215 2689 potentissimi
1238 2616 1291 2685 ho·

115 2714 220 2790 minis,
246 2730 323 2791 quae
347 2710 501 2773 dicebatur
515 2711 585 2773 Asia
610 2713 785 2780 etorientis
811 2730 902 2789 regna
918 2716 1024 2781 tenuit.
1064 2717 1101 2778 Et
1124 2719 1159 2778 ab
1176 2722 1292 2782 oriente

114 2819 207 2880 habet
229 2818 307 2879 baec
330 2834 399 2895 pars
416 2824 516 2878 ortum
531 2818 632 2896 solis,
650 2834 666 2878 a
683 2815 809 2878 meridie
825 2836 987 2892 oceanum,
1013 2822 1047 2881 ab
1064 2840 1174 2883 occasu
1189 2831 1293 2886 nostro

114 2924 217 2985 linitur
239 2924 330 2993 mari,
355 2939 372 2982 a
394 2923 610 2999 septemtrione
633 2916 786 2983 Maeotide
809 2919 877 2984 lacu
901 2932 932 2985 et
947 2903 1039 2986 Tanai
1063 2906 1164 2998 lluvio,
1188 2927 1293 2990 habet-

118 3044 177 3105 que
201 3025 310 3086 multas
334 3025 502 3104 provincias
527 3031 557 3084 et
579 3026 674 3084 varias
699 3032 815 3102 gentes.

201 3129 321 3200 Africa,
345 3129 403 3189 alia
425 3127 529 3219 mundi
552 3146 640 3207 pars,
674 3137 705 3189 et
723 3131 824 3200 ‚minor
846 3131 1027 3203 interires,
1058 3136 1235 3196 terminatur
1258 3136 1294 3203 ab
1323 3156 1326 3166 ’

116 3233 231 3292 oriente
253 3232 338 3302 Nilo,
360 3231 491 3314 Aegypti
513 3230 652 3303 llumine,
676 3251 693 3294 a
717 3234 842 3295 meridie
866 3236 977 3316 torrida
1000 3255 1091 3308 zona,
1122 3255 1139 3298 a
1161 3247 1293 3317 septem·

115 3339 213 3398 trione
236 3336 456 3413 mediterraneo
480 3339 569 3407 mari,
594 3338 629 3396 ab
653 3337 811 3398 occidente
834 3341 910 3398 mari
932 3338 1093 3400 Atlantico.

204 3439 321 3500 Dioitur
344 3446 446 3507 autem
468 3438 568 3500 Africa
599 3444 685 3520 quasi
709 3432 823 3519 aprica,
857 3430 997 3522 eoquod
1030 3444 1087 3520 soli
1115 3426 1193 3504 sive⁴
1210 3446 1295 3507 coelo

118 3548 157 3627 sit
180 3537 283 3624 pervia
307 3551 337 3603 et
361 3550 484 3621 aperta,
508 3528 716 3605 ideohorrori
740 3545 859 3625 frigoris
884 3546 1054 3611 nullatenus
1078 3554 1125 3607 est
1149 3546 1294 3625 subjecta.

116 3648 153 3708 Et
170 3646 399 3727 quamvisbaec
414 3664 484 3724 pars
507 3648 547 3708 sit
569 3650 667 3709 minor
690 3653 787 3729 spatio
811 3668 901 3728 quam
915 3649 987 3733 Asia
1011 3658 1040 3711 et
1055 3652 1183 3731 Europa,
1207 3652 1297 3713 ditior

116 3759 219 3814 tamen
235 3757 289 3823 ¹est
313 3756 344 3811 et
366 3751 545 3830 mirabilior,
569 3753 600 3813 iu
624 3770 696 3813 auro
720 3755 799 3813 enim
823 3759 853 3812 et
876 3756 1005 3834 gemmis
1029 3762 1060 3815 et
1082 3761 1181 3823 terrae
1204 3756 1296 3841 frugi·

117 3854 177 3932 bus,
209 3855 356 3918 ditissima
388 3860 435 3915 est
458 3842 605 3932 'valdeque
637 3857 778 3917 mirabilis
807 3857 838 3916 iu
868 3857 995 3918 divorsis
1019 3860 1218 3919 monstruosis
1242 3860 1296 3919 bo·

119 3959 249 4019 minibus
273 3966 304 4020 et
326 3958 440 4034 bestiis.
486 3958 542 4020 Vel
566 3959 676 4022 dicitur
698 3960 799 4021 Airica
823 3963 858 4040 ab
881 3961 954 4023 Ater
976 3963 1036 4023 illio
1058 3961 1211 4035 Abrahae,
1247 3965 1299 4042 qui

120 4079 156 4124 ex
178 4061 290 4125 Ketura
313 4056 404 4143 natus*
423 4066 453 4125 ei
474 4064 531 4135 luit
554 4071 585 4125 et
608 4082 675 4124 eam
699 4062 853 4143 regionem
876 4061 1024 4152 incoluit.
1118 4076 1121 4080 ’

207 4164 327 4246 Europa
361 4168 398 4244 ab,
428 4171 544 4255 oriente
567 4166 670 4244 Tanai,
693 4166 818 4239 flumine
847 4171 1038 4239 terminatur,
1073 4159 1109 4233 ab
1140 4171 1298 4280 ‹poeldente

1057 4288 1089 4340 18
