2874 4770
1121 66 1124 71 -
1210 40 1264 83 u

739 178 765 248 8

165 367 227 428 illis
251 361 398 443 expeditis
422 359 495 422 ulios
519 360 651 438 quinque
675 356 839 420 introduxit
861 363 893 418 11
914 356 1109 418 successione
1125 370 1252 416 omnes.
1290 353 1360 416 Sin-

166 468 244 547 gulis
267 472 368 528 autem
389 464 448 525 hoc
471 461 562 523 modo
584 461 736 522 ostendit:
760 459 882 522 adduxit
904 478 960 522 nos
984 463 1016 521 in
1040 475 1203 537 campum,
1237 459 1273 520 in
1297 476 1360 538 qno

166 575 252 631 erant
274 569 394 629 arbusta
414 567 557 637 balsami,
578 565 698 626 dicens:
723 582 812 635 ecoe,
835 565 952 625 isthaec
974 564 1102 641 virgulta
1125 566 1201 622 sunt
1224 561 1358 623 balsami

166 673 300 744 arbusta,
330 671 448 742 ridete,
477 671 608 748 tangite,
643 669 776 730 odorate.
823 669 890 741 Quo
921 667 1001 727 lacto
1030 665 1117 726 nobis
1152 664 1356 725 cernentibus

166 773 364 855 apprehendit
385 774 541 853 palmitem
563 775 652 833 unius
675 771 845 834 arbustulae
876 776 999 830 etcum
1022 785 1111 829 osseo
1135 767 1265 828 cultello
1292 769 1355 829 ele·
1417 776 1427 811 '-

165 878 309 958 phantino
330 877 480 937 subtiliter
507 877 653 937 corticem
682 875 845 936 ramusculi
874 874 1063 952 superiorem
1093 869 1184 932 scidit
1215 877 1248 933 et
1282 890 1355 933 eum

166 987 270 1042 contra
293 980 366 1040 solis
388 978 489 1040 radios
511 976 634 1039 dellexit
656 977 828 1057 paululum,
857 995 926 1038 mox
955 982 1055 1037 autem
1078 972 1205 1053 emaipsa
1228 974 1354 1037 modica

164 1085 296 1145 scissura
319 1084 418 1161 erupit
439 1097 499 1141 una
522 1097 630 1158 magna
654 1087 740 1158 gutta
762 1080 841 1139 clara
863 1085 898 1138 et·
915 1067 1035 1149 crassa,
1059 1076 1146 1154 quasi
1169 1076 1298 1149 oleum,
1323 1082 1353 1137 et
1418 1076 1427 1161 's

164 1187 310 1251 hocerat
330 1186 500 1246 balsamum
522 1185 669 1262 optimum
698 1188 729 1243 11
758 1181 1016 1260 probatissimum;
1048 1185 1132 1258 gutta
1160 1184 1269 1240 autern
1301 1179 1353 1240 illa
1420 1182 1424 1245 ἶ

163 1288 328 1357 undante
351 1295 414 1348 tota
437 1288 514 1347 aeris
537 1286 712 1363 superficies
736 1276 828 1346 odore
858 1284 1038 1362 replebatur.
1084 1281 1218 1342 Demum
1248 1282 1352 1360 ipsam
1421 1322 1425 1339 2

164 1378 281 1470 gudam
303 1390 396 1468 digito
419 1387 591 1450 medicinali
614 1388 731 1449 levabat
745 1395 776 1448 et
791 1389 919 1467 proximi
933 1384 1086 1464 peregrini
1101 1400 1226 1443 manum
1240 1391 1350 1462 postn-
1424 1460 1427 1471 Ι

164 1493 259 1562 labat,
283 1509 342 1570 qua
365 1498 488 1553 extensa
511 1509 579 1552 eam
602 1491 801 1570 apprehendit
818 1497 849 1550 et
865 1496 950 1567 gutta
965 1504 1086 1548 manum
1102 1487 1138 1546 ab
1154 1488 1235 1547 iutra
1250 1487 1352 1549 linivit

163 1596 316 1674 peregrini
337 1601 371 1655 cl
392 1612 459 1655 eam
479 1593 571 1672 jussit
594 1594 743 1673 applicare
767 1592 888 1653 naribus
912 1590 950 1652 ad
972 1588 1175 1660 odorandum,
1208 1607 1270 1649 uec
1303 1596 1351 1650 est

164 1690 338 1777 reperibilis¹
355 1694 431 1759 odor
451 1697 521 1757 huic
551 1698 657 1757 similis
685 1699 716 1756 in
746 1695 867 1755 mundo.
913 1693 985 1753 Post
1018 1692 1227 1753 odorationem
1248 1662 1351 1797 &a
1406 1730 1427 1777 νι

165 1802 209 1871 ei,
233 1801 283 1860 cui
306 1800 457 1871 liniverat,
481 1806 658 1860 manumet
679 1797 812 1859 ostendit
834 1798 1003 1858 balsamum
1026 1803 1204 1874 penetrasse
1220 1813 1350 1857 manum

165 1908 197 1962 et
217 1902 392 1962 unctionem
414 1904 445 1962 iu
468 1903 526 1962 alia
540 1907 625 1980 parte
642 1900 801 1962 manifeste
818 1917 972 1979 apparere.
1020 1899 1085 1960 lloc
1101 1900 1350 1977 experimentum

164 2004 275 2081 singuli
300 2006 485 2083 accepimus.
515 2004 551 2063 Et
573 2003 631 2063 hoc
653 2004 733 2064 facto
757 2003 919 2082 discerpsit
942 2003 1058 2082 aliquos
1081 2003 1202 2063 inutiles
1226 2019 1348 2064 ramus·

164 2106 250 2167 culos
273 2105 311 2167 dc
333 2108 473 2169 balsamis
497 2113 527 2167 et
550 2107 673 2167 cuilibet
702 2105 824 2169 tradidit
853 2125 971 2168 ramum
1001 2108 1126 2167 virentis
1154 2104 1285 2165 balsami
1318 2112 1350 2167 et

162 2212 205 2272 ita
227 2210 344 2272 reduxit
366 2229 422 2272 nos
443 2211 521 2271 bene
544 2216 697 2270 recreatos
721 2209 758 2270 de
783 2213 891 2272 eximio
917 2209 1010 2271 odore
1034 2210 1169 2269 balsami.
1214 2208 1295 2269 Nam
1311 2226 1348 2271 ex

163 2314 256 2375 odore
280 2317 367 2376 unius
389 2314 524 2393 guttulae
548 2312 676 2374 efficitur
707 2313 798 2374 homo
827 2317 869 2375 ita
897 2315 1005 2393 plenus
1035 2313 1087 2373 illo
1119 2311 1229 2383 odore,
1260 2312 1349 2391 quod
1388 2354 1396 2370 .

162 2418 265 2478 multis
288 2417 393 2479 diebus
416 2416 489 2476 nihil
512 2416 592 2477 aliud
615 2415 722 2479 odoret
753 2419 810 2479 nisi
839 2418 1021 2488 balsamum,
1056 2422 1087 2476 et
1116 2417 1230 2487 omnia,
1263 2433 1347 2495 qnae

162 2521 270 2596 tangit,
294 2520 433 2582 videntur
455 2520 512 2580 sibi
536 2537 604 2579 esse
626 2520 800 2581 balsamata.
845 2521 891 2581 De
921 2521 981 2580 illis
1011 2520 1079 2598 plus
1108 2518 1206 2579 dicam
1230 2518 1262 2577 in
1291 2518 1346 2580 de-

169 2624 334 2700 scriptione
357 2623 436 2682 horti
459 2628 489 2682 et
510 2622 645 2682 balsami.
881 2633 882 2636 ’

162 2919 213 2992 111
240 2920 373 2994 Busiris
400 2880 478 3025 sive
499 2922 678 2995 llatharea
705 2878 786 2996 uilla
815 2927 850 2995 et
878 2921 923 2993 de
948 2926 1045 2994 toute
1063 2923 1189 2994 heatae
1210 2919 1343 2993 Mariae

535 3052 538 3057 ’
629 3044 780 3132 Virginis
807 3050 873 3116 etc.

250 3242 384 3316 busiris,
418 3253 451 3305 nt
484 3245 542 3307 dixi
565 3246 616 3307 lol.
642 3244 711 3318 74,
745 3247 901 3308 dicebatur
923 3247 1086 3323 antiquitus
1110 3245 1180 3305 villa
1211 3243 1278 3313 illa,
1312 3245 1343 3304 in

165 3363 224 3426 qua
247 3353 294 3407 est
316 3347 419 3410 hortus
442 3349 580 3423 balsami,
605 3356 636 3410 et
658 3369 737 3412 nunc
753 3352 863 3412 dicitur
877 3348 1042 3410 Matharea.
1087 3348 1141 3408 Est
1156 3352 1256 3406 autem
1271 3345 1343 3406 villa

163 3451 259 3530 prima
283 3457 351 3529 post
374 3451 527 3514 desertum
545 3462 574 3515 11
591 3455 630 3515 ibi
645 3455 750 3532 incipit
764 3459 845 3514 terra
861 3452 1029 3512 habitabilis
1045 3449 1221 3529 et'primum
1236 3448 1341 3527 hospi-

162 3554 237 3614 tium
261 3561 309 3614 est
331 3557 515 3617 venientium
539 3576 556 3618 a
579 3556 700 3618 deserto
723 3559 754 3617 in
776 3555 964 3633 Aegyptum,
987 3555 1037 3615 uhi
1058 3553 1174 3614 Busiris
1197 3558 1342 3630 tyrannus

163 3673 288 3734 magnus
312 3658 447 3737 hospites
471 3678 542 3720 suos
566 3658 623 3721 diis
647 3659 823 3719 immolavit.
868 3657 943 3718 Villa
967 3658 1043 3718 haec
1066 3666 1122 3717 est·
1136 3658 1208 3717 satis
1224 3672 1342 3733 magna,

162 3758 217 3818 sed
239 3760 380 3821 hahitatio
406 3763 571 3823 solemnior
594 3770 642 3822 est
665 3763 746 3822 curia
769 3759 882 3821 domini
906 3760 1044 3831 Soldani,
1068 3762 1097 3820 in
1121 3777 1180 3837 qua
1203 3764 1250 3817 est
1271 3755 1341 3818 lons

163 3864 193 3918 et
214 3861 338 3924 balsami
363 3865 482 3934 hortus,
510 3871 540 3924 et
563 3871 660 3924 totum
684 3863 775 3933 simul
797 3882 855 3922 uuo
879 3882 964 3923 muro
988 3871 1035 3922 est
1064 3863 1230 3932 inclusum,
1262 3877 1341 3937 quae

163 3969 227 4022 erat
249 3964 411 4044 hospitium
443 3972 589 4028 nostrum.
635 3966 732 4027 llabet
762 3967 837 4027 haec
867 3967 973 4028 domus
1004 3968 1113 4028 multas
1143 3965 1277 4045 depictas
1309 3972 1343 4027 et

163 4079 303 4129 amoenas
338 4085 472 4130 cameras
502 4075 533 4128 et
560 4076 630 4129 sunt
659 4071 688 4129 in
719 4085 755 4129 ea
778 4069 912 4131 thermae
936 4070 1049 4132 domini
1073 4070 1196 4131 Soldani
1219 4075 1250 4128 ct
1272 4069 1340 4130 loca
1402 4106 1413 4114 -

252 4171 319 4235 audi
348 4188 402 4250 pro
432 4171 576 4233 trecentis
606 4170 775 4232 hominihus
806 4172 905 4235 simul.
958 4173 1055 4236 Habet
1084 4181 1115 4235 et
1146 4172 1276 4242 altanus,
1307 4173 1340 4233 in
