2874 4770
611 196 620 212 ²
705 194 729 260 11

122 385 251 431 amoeno
274 373 305 430 at
326 366 479 428 umbroso.
526 367 601 429 Cum
632 373 733 429 autem
764 384 822 428 nor
853 366 988 437 adesset,
1021 368 1188 431 stravimus
1228 368 1313 431 nobis

122 472 154 532 iu
176 469 261 542 loco,
285 476 374 549 prout
396 471 604 548 uuusquisque
627 470 730 532 voluit.
776 468 869 531 Porro
894 487 951 549 ego
975 488 1044 531 cum
1073 472 1161 532 socio
1186 472 1312 550 aoocpi·

123 591 192 634 mus
221 573 348 634 lectulos
377 579 497 633 nostros
530 580 561 632 et
584 570 797 633 descendimus
830 573 867 633 ad
896 573 1011 635 iontem
1041 573 1150 635 beatae
1175 573 1311 652 Virginis

122 672 249 748 Mariae,
274 678 325 756 qui
349 683 413 737 erat
436 673 641 754 pulcherrimo
665 675 839 736 umbraculo
862 675 899 736 de
923 675 1117 737 arundinibus
1138 675 1311 756 complexis

123 777 341 851 circumdatus,
373 786 405 839 ct
433 796 524 858 supra
547 781 626 839 sacri
649 777 740 839 iontis
769 781 935 856 marginem
964 779 1051 840 uobis
1080 780 1252 840 stravimus
1278 784 1312 849 ‚et

123 878 252 943 dulciter
279 898 315 942 ac
343 898 452 944 secure
486 881 664 958 quievimus.
710 880 780 942 Erat
811 884 892 943 euim
920 885 1002 943 curia
1030 882 1108 943 bene
1141 879 1253 943 clausa
1280 885 1311 941 st
1381 932 1385 939 .

122 981 247 1045 llrmata.
290 983 328 1044 lit
349 986 391 1046 ita
412 991 534 1046 noctem
556 983 638 1044 illam
661 1001 731 1046 cum
753 1002 809 1046 suo
825 985 881 1047 die
903 984 1091 1046 deduximus.

211 1087 346 1167 Septima
369 1087 418 1148 die
440 1103 528 1147 mane
548 1086 636 1147 dictis
657 1084 739 1146 boris
766 1089 918 1149 canonicis
934 1086 1084 1149 ereximus
1102 1085 1200 1146 altare
1216 1101 1311 1166 super
1378 1098 1385 1113 ··

123 1189 247 1252 limbum
268 1189 361 1253 fontis
382 1189 489 1250 beatae
509 1188 639 1266 Virginis
663 1194 694 1248 et
714 1188 755 1250 ibi
777 1190 885 1250 missas
909 1189 1126 1251 celebravimus
1151 1194 1183 1249 ct
1207 1186 1309 1261 indul·

123 1296 238 1372 gentias
260 1297 293 1356 in
315 1294 383 1354 loco
407 1293 579 1371 accepimus
602 1288 651 1372 (†)
675 1298 797 1372 etpost
828 1294 927 1354 cibum
949 1298 981 1352 et
1003 1298 1110 1371 potum
1138 1293 1309 1353 sumsimus

122 1413 219 1475 usque
242 1395 280 1457 ad
302 1395 465 1457 adveutum
486 1393 766 1465 Trutscbelm'anni,
800 1412 857 1455 uec
888 1395 1010 1456 hortum
1043 1374 1309 1505 balsamiffira

124 1501 267 1579 permissi
289 1516 394 1560 sumus
419 1503 488 1558 aute
511 1496 657 1577 praedicti
679 1499 735 1559 viri
757 1497 897 1559 reditum.
942 1497 1002 1558 lsta
1017 1505 1118 1558 tamea
1132 1492 1309 1567 inclusione

122 1619 184 1663 nou
207 1601 344 1662 obstante
367 1600 564 1662 libentissime
587 1601 618 1659 in
640 1600 708 1660 loco
731 1599 782 1660 illo
805 1599 933 1671 luimus,
965 1602 1035 1678 quia
1061 1600 1146 1662 locus
1179 1606 1308 1662 sanctus

123 1712 201 1777 arat,
223 1711 257 1765 ut
278 1704 407 1784 patebit,
431 1721 449 1764 a
470 1703 599 1764 Domino
622 1702 711 1774 lesu,
736 1721 753 1764 a
774 1700 868 1765 Maria
891 1703 1030 1781 Virgine,
1064 1721 1081 1764 a
1104 1701 1243 1783 losepbo
1266 1703 1309 1776 ibi

124 1807 303 1887 degentibus
334 1807 552 1878 sanctificatus,
586 1813 621 1867 ut
652 1808 767 1885 patebit
799 1808 830 1866 in
860 1806 1065 1885 descriptione
1097 1805 1199 1866 fontis.
1251 1805 1310 1877 ¹list

125 1913 216 1973 etiam
237 1912 323 1973 locus
350 1911 483 1972 famosus
515 1917 546 1969 ct
577 1907 810 1982 celeberrimus,
844 1911 913 1989 quia
942 1912 974 1969 iu
1005 1910 1078 1971 orbe
1109 1915 1200 1970 notus
1232 1905 1308 1990 (est)

124 2021 250 2094 propter
272 2013 438 2076 balsamum
460 2012 502 2073 ibi
525 2029 666 2074 crescens
691 2020 722 2074 et
743 2031 803 2074 nou
826 2013 910 2084 alibi,
935 2019 967 2073 ut
989 2012 1101 2091 patebit
1119 2013 1150 2072 in
1166 2008 1308 2091 descrip-

124 2119 207 2178 tione
229 2118 364 2178 balsami.
409 2116 462 2177 Est
494 2117 619 2194 iusuper
649 2132 792 2178 amoenus
823 2124 854 2177 et
876 2133 966 2176 sanus
990 2117 1070 2176 sicut
1090 2111 1251 2195 paradisus
1275 2119 1309 2174 et

123 2227 247 2299 propter
269 2220 384 2281 iontem
406 2225 437 2279 et
460 2225 584 2298 propter
604 2218 725 2279 bortum
748 2225 779 2278 et
802 2218 1013 2280 delectabilem
1042 2225 1218 2296 respectum
1250 2233 1309 2296 per

123 2323 246 2402 longum
269 2329 300 2384 et
321 2324 415 2385 latum
437 2329 535 2384 terrae
557 2320 699 2404 Aegypti,
734 2329 766 2382 ut
794 2321 944 2385 videbitur
965 2324 997 2383 iu
1019 2321 1225 2399 descriptione
1250 2319 1306 2381 do·

126 2445 193 2488 mus
217 2434 248 2488 et
269 2428 338 2488 loci.

212 2531 298 2592 Circa
328 2530 484 2590 meridiem
514 2531 606 2608 igitur
637 2531 719 2590 venit
747 2527 981 2606 l'ang‘vvardiuus
1013 2526 1308 2592 Trutscbelmanuus

125 2644 156 2697 et
177 2638 279 2697 socius
303 2640 408 2693 noster
431 2631 586 2693 Couradus
608 2631 750 2692 lutanista
773 2638 804 2690 et
826 2630 956 2693 fidulista
972 2650 1043 2693 cum
1058 2649 1095 2693 eo
1111 2637 1142 2692 et
1157 2631 1206 2692 alii
1221 2635 1309 2696 servi

1 2815 4 2820 Ι
123 2737 285 2800 Mamaluci
308 2743 339 2796 et
361 2736 512 2796 camelarii
535 2753 605 2796 cum
628 2733 736 2794 decem
759 2732 898 2804 camelis,
922 2741 955 2794 ut
977 2734 1118 2796 tollerent
1133 2752 1190 2794 uos
1206 2741 1239 2796 et
1254 2753 1308 2797 res

125 2846 244 2901 nostras
268 2847 299 2899 et
323 2837 468 2898 ducerent
483 2839 515 2898 iu
531 2836 682 2898 Cabirum.
728 2835 910 2915 Rogavimus
926 2844 1027 2899 autem
1042 2836 1307 2917 Tangwuunum,

125 2950 159 3005 ut
180 2942 282 3004 induci
304 2958 361 3002 nos
384 2939 497 3001 iaceret
519 2941 550 3000 iu
573 2939 696 3000 bortum
717 2939 841 3000 balsami
865 2941 902 3001 ad
933 2940 1094 3003 videndum
1123 2940 1205 3001 illam
1232 2959 1306 3020 pre-

87 3124 93 3137 θ
125 3048 319 3108 tiosissimam
341 3043 505 3122 plantulam
528 3051 559 3105 et
582 3045 813 3106 celeberrimum
835 3045 1013 3124 virgultum3
1046 3046 1098 3123 qui
1130 3062 1195 3106 rem
1224 3044 1306 3108 diiii·

126 3151 248 3212 cultavit
271 3156 302 3210 et
324 3147 505 3226 colloquium
534 3151 618 3228 prius
651 3166 685 3208 se
718 3148 889 3227 habiturum
912 3168 981 3210 cum
1003 3148 1167 3209 hortulanis
1190 3147 1306 3217 babere

124 3253 203 3317 velle
226 3252 390 3331 respondit.
435 3252 575 3315 Accessit
609 3255 710 3330 itaque
733 3251 770 3312 ad
792 3251 967 3314 bortulanos
991 3262 1022 3314 et
1043 3253 1126 3314 finito
1151 3251 1304 3330 colloquio

126 3358 257 3427 revenit,
288 3356 443 3435 postulans
478 3375 533 3435 pro
563 3358 701 3436 ingressu
730 3373 783 3418 sex
813 3358 938 3419 ducatos
968 3358 1003 3419 ab
1032 3356 1169 3417 omnibus
1202 3357 1305 3429 simul,

125 3461 234 3522 demtis
257 3461 398 3520 curtosiis
422 3461 612 3522 ostiariorum
635 3459 721 3520 horti.
769 3460 961 3537 Conjecimus
992 3478 1065 3540 ergo
1096 3458 1185 3520 simul
1207 3477 1303 3538 pecu-

125 3568 189 3627 uias
213 3570 244 3625 et
267 3563 402 3624 collectis
425 3582 477 3625 sex
500 3563 616 3625 ducatis
639 3564 783 3625 solvimus
808 3567 865 3625 ei,
892 3565 997 3627 Saluta
1011 3564 1140 3643 pecunia
1154 3569 1305 3625 venerunt

125 3667 274 3730 hortulani
297 3673 328 3728 et
350 3668 463 3728 ostiarii
487 3684 555 3727 cum
578 3668 719 3727 uxoribus
743 3673 772 3728 ei
796 3669 921 3740 ostium,
952 3667 1033 3747 quod
1063 3665 1100 3727 de
1123 3673 1226 3728 nostra
1248 3665 1303 3729 ha-.

55 3784 60 3794 ’
124 3772 268 3833 bitatione
291 3773 321 3829 iu
344 3771 465 3831 bortum
488 3770 584 3842 ducit,
615 3770 838 3850 patefecerunt,
872 3789 927 3850 per
957 3770 1037 3851 quod
1066 3769 1304 3848 praecedentem

125 3872 374 3952 Tangvvardiuum
396 3875 494 3934 secuti
516 3891 619 3934 sumus
644 3879 674 3933 et
687 3876 719 3934 iu
734 3872 911 3935 deliciosum
926 3875 1046 3936 bortum
1060 3874 1155 3934 latum
1171 3881 1202 3934 et
1216 3890 1302 3953 mag-

126 3994 199 4038 num
222 3979 374 4048 venimus,
398 3978 537 4054 quierat
560 3975 685 4037 diversis
709 3978 868 4056 generibus
892 3977 1032 4040 arborum
1056 3979 1199 4038 consitus.

213 4079 246 4140 lu
268 4081 327 4141 hoc
348 4079 435 4141 horto
458 4081 594 4142 venimus
618 4080 655 4141 ad
676 4079 765 4141 licum
789 4080 938 4159 quandam
960 4083 1130 4162 ingentem,
1155 4083 1302 4161 antiquiss

126 4181 248 4255 simam,
279 4183 368 4246 altam
392 4189 423 4244 et
444 4183 549 4257 latam,
580 4182 666 4262 cujus
689 4185 770 4265 ligna
792 4187 823 4247 in
845 4201 953 4262 aquam
975 4187 1068 4248 missa
1097 4187 1199 4247 statim
1220 4201 1303 4248 mer·
