<?xml version="1.0" encoding="UTF-8"?>
<!DOCTYPE html PUBLIC "-//W3C//DTD XHTML 1.0 Transitional//EN"
    "http://www.w3.org/TR/xhtml1/DTD/xhtml1-transitional.dtd">
<html xmlns="http://www.w3.org/1999/xhtml" xml:lang="en" lang="en">
 <head>
  <title>
</title>
<meta http-equiv="Content-Type" content="text/html;charset=utf-8" />
  <meta name='ocr-system' content='tesseract 3.04.00' />
  <meta name='ocr-capabilities' content='ocr_page ocr_carea ocr_par ocr_line ocrx_word'/>
</head>
<body>
  <div class='ocr_page' id='page_1' title='image "./fratrisfelicisf00fabrgoog_0122.png"; bbox 0 0 2874 4770; ppageno 0'>
   <div class='ocr_carea' id='block_1_1' title="bbox 681 185 745 259">
    <p class='ocr_par' dir='ltr' id='par_1_1' title="bbox 681 185 745 259">
     <span class='ocr_line' id='line_1_1' title="bbox 681 185 745 259; baseline 0.016 -1"><span class='ocrx_word' id='word_1_1' title='bbox 681 185 745 259; x_wconf 69' lang='lat' dir='ltr'>bil</span> 
     </span>
    </p>
   </div>
   <div class='ocr_carea' id='block_1_2' title="bbox 125 361 1306 2500">
    <p class='ocr_par' dir='ltr' id='par_1_2' title="bbox 125 361 1306 2500">
     <span class='ocr_line' id='line_1_2' title="bbox 125 361 1302 448; baseline 0.002 -19"><span class='ocrx_word' id='word_1_2' title='bbox 125 368 246 429; x_wconf 71' lang='lat' dir='ltr'>danim</span> <span class='ocrx_word' id='word_1_3' title='bbox 267 380 354 444; x_wconf 83' lang='lat' dir='ltr'>uque.</span> <span class='ocrx_word' id='word_1_4' title='bbox 379 361 537 426; x_wconf 66' lang='lat' dir='ltr'>Tertium</span> <span class='ocrx_word' id='word_1_5' title='bbox 551 370 687 446; x_wconf 85' lang='lat' dir='ltr'>tempus,</span> <span class='ocrx_word' id='word_1_6' title='bbox 710 384 781 431; x_wconf 90' lang='lat' dir='ltr'>cum</span> <span class='ocrx_word' id='word_1_7' title='bbox 792 365 857 446; x_wconf 78' lang='lat' dir='ltr'>jam</span> <span class='ocrx_word' id='word_1_8' title='bbox 870 366 994 431; x_wconf 83' lang='lat' dir='ltr'>deualor</span> <span class='ocrx_word' id='word_1_9' title='bbox 1008 368 1087 432; x_wconf 87' lang='lat' dir='ltr'>lacta</span> <span class='ocrx_word' id='word_1_10' title='bbox 1104 375 1196 440; x_wconf 87' lang='lat' dir='ltr'>esset,</span> <span class='ocrx_word' id='word_1_11' title='bbox 1220 368 1302 448; x_wconf 88' lang='lat' dir='ltr'>quod</span> 
     </span>
     <span class='ocr_line' id='line_1_3' title="bbox 126 467 1300 552; baseline 0.002 -21"><span class='ocrx_word' id='word_1_12' title='bbox 126 470 236 532; x_wconf 86' lang='lat' dir='ltr'>dicitur</span> <span class='ocrx_word' id='word_1_13' title='bbox 258 467 420 539; x_wconf 82' lang='lat' dir='ltr'>connubia,</span> <span class='ocrx_word' id='word_1_14' title='bbox 451 470 578 530; x_wconf 89' lang='lat' dir='ltr'>orationi</span> <span class='ocrx_word' id='word_1_15' title='bbox 601 469 749 531; x_wconf 84' lang='lat' dir='ltr'>dedimus.</span> <span class='ocrx_word' id='word_1_16' title='bbox 796 471 943 546; x_wconf 87' lang='lat' dir='ltr'>Quartum</span> <span class='ocrx_word' id='word_1_17' title='bbox 973 477 1111 552; x_wconf 89' lang='lat' dir='ltr'>tempus,</span> <span class='ocrx_word' id='word_1_18' title='bbox 1143 472 1223 551; x_wconf 89' lang='lat' dir='ltr'>quod</span> <span class='ocrx_word' id='word_1_19' title='bbox 1255 475 1300 533; x_wconf 92' lang='lat' dir='ltr'>in·</span> 
     </span>
     <span class='ocr_line' id='line_1_4' title="bbox 126 572 1301 655; baseline 0.002 -19"><span class='ocrx_word' id='word_1_20' title='bbox 126 579 276 653; x_wconf 89' lang='lat' dir='ltr'>tempesta</span> <span class='ocrx_word' id='word_1_21' title='bbox 299 572 420 643; x_wconf 90' lang='lat' dir='ltr'>dicitur,</span> <span class='ocrx_word' id='word_1_22' title='bbox 445 588 499 643; x_wconf 91' lang='lat' dir='ltr'>eo,</span> <span class='ocrx_word' id='word_1_23' title='bbox 524 573 605 651; x_wconf 89' lang='lat' dir='ltr'>quod</span> <span class='ocrx_word' id='word_1_24' title='bbox 627 572 700 634; x_wconf 88' lang='lat' dir='ltr'>nulli</span> <span class='ocrx_word' id='word_1_25' title='bbox 723 577 808 653; x_wconf 82' lang='lat' dir='ltr'>ope&#39;ri</span> <span class='ocrx_word' id='word_1_26' title='bbox 829 578 868 635; x_wconf 91' lang='lat' dir='ltr'>sit</span> <span class='ocrx_word' id='word_1_27' title='bbox 882 582 1001 654; x_wconf 86' lang='lat' dir='ltr'>aptum,</span> <span class='ocrx_word' id='word_1_28' title='bbox 1024 576 1220 639; x_wconf 83' lang='lat' dir='ltr'>dormivimus</span> <span class='ocrx_word' id='word_1_29' title='bbox 1236 578 1301 655; x_wconf 89' lang='lat' dir='ltr'>qui-</span> 
     </span>
     <span class='ocr_line' id='line_1_5' title="bbox 128 676 1303 760; baseline 0.003 -21"><span class='ocrx_word' id='word_1_30' title='bbox 128 677 214 749; x_wconf 90' lang='lat' dir='ltr'>dem,</span> <span class='ocrx_word' id='word_1_31' title='bbox 248 676 303 738; x_wconf 92' lang='lat' dir='ltr'>sed</span> <span class='ocrx_word' id='word_1_32' title='bbox 332 693 392 737; x_wconf 89' lang='lat' dir='ltr'>non</span> <span class='ocrx_word' id='word_1_33' title='bbox 424 681 489 736; x_wconf 89' lang='lat' dir='ltr'>erat</span> <span class='ocrx_word' id='word_1_34' title='bbox 520 677 606 754; x_wconf 91' lang='lat' dir='ltr'>quies</span> <span class='ocrx_word' id='word_1_35' title='bbox 637 676 833 737; x_wconf 82' lang='lat' dir='ltr'>dormitionis.</span> <span class='ocrx_word' id='word_1_36' title='bbox 880 677 1026 758; x_wconf 85' lang='lat' dir='ltr'>Quiptum</span> <span class='ocrx_word' id='word_1_37' title='bbox 1053 686 1191 760; x_wconf 91' lang='lat' dir='ltr'>tempus,</span> <span class='ocrx_word' id='word_1_38' title='bbox 1221 681 1303 760; x_wconf 89' lang='lat' dir='ltr'>quod</span> 
     </span>
     <span class='ocr_line' id='line_1_6' title="bbox 125 778 1301 860; baseline 0.003 -17"><span class='ocrx_word' id='word_1_39' title='bbox 125 782 309 860; x_wconf 79' lang='lat' dir='ltr'>gallicinium</span> <span class='ocrx_word' id='word_1_40' title='bbox 331 784 471 849; x_wconf 88' lang='lat' dir='ltr'>vocatur,</span> <span class='ocrx_word' id='word_1_41' title='bbox 496 795 554 849; x_wconf 92' lang='lat' dir='ltr'>eo,</span> <span class='ocrx_word' id='word_1_42' title='bbox 577 778 659 857; x_wconf 89' lang='lat' dir='ltr'>quod</span> <span class='ocrx_word' id='word_1_43' title='bbox 684 797 701 840; x_wconf 88' lang='lat' dir='ltr'>a</span> <span class='ocrx_word' id='word_1_44' title='bbox 723 780 824 841; x_wconf 90' lang='lat' dir='ltr'>medio</span> <span class='ocrx_word' id='word_1_45' title='bbox 849 783 896 842; x_wconf 90' lang='lat' dir='ltr'>sui</span> <span class='ocrx_word' id='word_1_46' title='bbox 911 790 1001 844; x_wconf 89' lang='lat' dir='ltr'>nocte</span> <span class='ocrx_word' id='word_1_47' title='bbox 1016 786 1047 844; x_wconf 94' lang='lat' dir='ltr'>in</span> <span class='ocrx_word' id='word_1_48' title='bbox 1063 783 1143 846; x_wconf 90' lang='lat' dir='ltr'>diem</span> <span class='ocrx_word' id='word_1_49' title='bbox 1159 785 1301 847; x_wconf 73' lang='lat' dir='ltr'><strong>tendente</strong></span> 
     </span>
     <span class='ocr_line' id='line_1_7' title="bbox 126 879 1303 962; baseline 0.004 -18"><span class='ocrx_word' id='word_1_50' title='bbox 126 883 195 962; x_wconf 86' lang='lat' dir='ltr'>galli</span> <span class='ocrx_word' id='word_1_51' title='bbox 218 888 353 952; x_wconf 82' lang='lat' dir='ltr'>cantant,</span> <span class='ocrx_word' id='word_1_52' title='bbox 377 879 556 942; x_wconf 89' lang='lat' dir='ltr'>deduximus</span> <span class='ocrx_word' id='word_1_53' title='bbox 581 882 612 942; x_wconf 91' lang='lat' dir='ltr'>in</span> <span class='ocrx_word' id='word_1_54' title='bbox 640 882 907 955; x_wconf 87' lang='lat' dir='ltr'>collocutionibus;</span> <span class='ocrx_word' id='word_1_55' title='bbox 931 884 1054 962; x_wconf 87' lang='lat' dir='ltr'>quidam·</span> <span class='ocrx_word' id='word_1_56' title='bbox 1073 888 1152 948; x_wconf 89' lang='lat' dir='ltr'>euim</span> <span class='ocrx_word' id='word_1_57' title='bbox 1182 905 1303 949; x_wconf 88' lang='lat' dir='ltr'>mecum</span> 
     </span>
     <span class='ocr_line' id='line_1_8' title="bbox 127 985 1303 1069; baseline 0.004 -21"><span class='ocrx_word' id='word_1_58' title='bbox 127 985 238 1048; x_wconf 86' lang='lat' dir='ltr'>sedens</span> <span class='ocrx_word' id='word_1_59' title='bbox 268 987 470 1046; x_wconf 88' lang='lat' dir='ltr'>occasionem·</span> <span class='ocrx_word' id='word_1_60' title='bbox 491 986 564 1046; x_wconf 90' lang='lat' dir='ltr'>milri</span> <span class='ocrx_word' id='word_1_61' title='bbox 595 985 694 1058; x_wconf 88' lang='lat' dir='ltr'>dedit,</span> <span class='ocrx_word' id='word_1_62' title='bbox 726 987 808 1065; x_wconf 88' lang='lat' dir='ltr'>quod</span> <span class='ocrx_word' id='word_1_63' title='bbox 829 989 885 1048; x_wconf 92' lang='lat' dir='ltr'>sibi</span> <span class='ocrx_word' id='word_1_64' title='bbox 909 989 967 1049; x_wconf 84' lang='lat' dir='ltr'>dixi</span> <span class='ocrx_word' id='word_1_65' title='bbox 990 989 1195 1066; x_wconf 82' lang='lat' dir='ltr'>perfunctorie</span> <span class='ocrx_word' id='word_1_66' title='bbox 1219 993 1303 1069; x_wconf 88' lang='lat' dir='ltr'>quasi</span> 
     </span>
     <span class='ocr_line' id='line_1_9' title="bbox 127 1088 1304 1163; baseline 0.003 -11"><span class='ocrx_word' id='word_1_67' title='bbox 127 1096 224 1152; x_wconf 91' lang='lat' dir='ltr'>totum</span> <span class='ocrx_word' id='word_1_68' title='bbox 257 1106 381 1150; x_wconf 90' lang='lat' dir='ltr'>cursum</span> <span class='ocrx_word' id='word_1_69' title='bbox 414 1090 493 1150; x_wconf 88' lang='lat' dir='ltr'>vitae</span> <span class='ocrx_word' id='word_1_70' title='bbox 528 1090 619 1151; x_wconf 91' lang='lat' dir='ltr'>trium</span> <span class='ocrx_word' id='word_1_71' title='bbox 650 1088 905 1163; x_wconf 88' lang='lat' dir='ltr'>Patriarcharum‚</span> <span class='ocrx_word' id='word_1_72' title='bbox 940 1090 1091 1152; x_wconf 85' lang='lat' dir='ltr'>Abraham</span> <span class='ocrx_word' id='word_1_73' title='bbox 1125 1093 1241 1154; x_wconf 91' lang='lat' dir='ltr'>scilicet</span> <span class='ocrx_word' id='word_1_74' title='bbox 1273 1100 1304 1155; x_wconf 92' lang='lat' dir='ltr'>et</span> 
     </span>
     <span class='ocr_line' id='line_1_10' title="bbox 126 1190 1304 1270; baseline 0.004 -16"><span class='ocrx_word' id='word_1_75' title='bbox 126 1191 209 1254; x_wconf 87' lang='lat' dir='ltr'>lsaac</span> <span class='ocrx_word' id='word_1_76' title='bbox 239 1200 271 1253; x_wconf 92' lang='lat' dir='ltr'>et</span> <span class='ocrx_word' id='word_1_77' title='bbox 293 1190 401 1264; x_wconf 80' lang='lat' dir='ltr'>Jacob,</span> <span class='ocrx_word' id='word_1_78' title='bbox 434 1193 512 1254; x_wconf 87' lang='lat' dir='ltr'>sicot</span> <span class='ocrx_word' id='word_1_79' title='bbox 532 1194 568 1253; x_wconf 90' lang='lat' dir='ltr'>in</span> <span class='ocrx_word' id='word_1_80' title='bbox 588 1192 701 1253; x_wconf 83' lang='lat' dir='ltr'>Genesi</span> <span class='ocrx_word' id='word_1_81' title='bbox 724 1194 867 1266; x_wconf 88' lang='lat' dir='ltr'>babetur,</span> <span class='ocrx_word' id='word_1_82' title='bbox 891 1194 982 1256; x_wconf 83' lang='lat' dir='ltr'>etde</span> <span class='ocrx_word' id='word_1_83' title='bbox 1005 1195 1074 1256; x_wconf 92' lang='lat' dir='ltr'>Nilo</span> <span class='ocrx_word' id='word_1_84' title='bbox 1099 1203 1130 1257; x_wconf 89' lang='lat' dir='ltr'>et</span> <span class='ocrx_word' id='word_1_85' title='bbox 1153 1195 1304 1270; x_wconf 88' lang='lat' dir='ltr'>Paradiso,</span> 
     </span>
     <span class='ocr_line' id='line_1_11' title="bbox 127 1296 1305 1379; baseline 0.001 -20"><span class='ocrx_word' id='word_1_86' title='bbox 127 1303 158 1359; x_wconf 88' lang='lat' dir='ltr'>et</span> <span class='ocrx_word' id='word_1_87' title='bbox 179 1315 320 1374; x_wconf 87' lang='lat' dir='ltr'>magnam</span> <span class='ocrx_word' id='word_1_88' title='bbox 341 1299 441 1358; x_wconf 91' lang='lat' dir='ltr'>noctis</span> <span class='ocrx_word' id='word_1_89' title='bbox 463 1303 580 1375; x_wconf 87' lang='lat' dir='ltr'>partem</span> <span class='ocrx_word' id='word_1_90' title='bbox 603 1298 648 1357; x_wconf 87' lang='lat' dir='ltr'>sie</span> <span class='ocrx_word' id='word_1_91' title='bbox 671 1296 859 1367; x_wconf 86' lang='lat' dir='ltr'>deduximus.</span> <span class='ocrx_word' id='word_1_92' title='bbox 907 1298 1031 1359; x_wconf 83' lang='lat' dir='ltr'>Sextum</span> <span class='ocrx_word' id='word_1_93' title='bbox 1054 1305 1190 1378; x_wconf 90' lang='lat' dir='ltr'>tempus,</span> <span class='ocrx_word' id='word_1_94' title='bbox 1224 1300 1305 1379; x_wconf 88' lang='lat' dir='ltr'>quod</span> 
     </span>
     <span class='ocr_line' id='line_1_12' title="bbox 127 1390 1303 1480; baseline -0.001 -17"><span class='ocrx_word' id='word_1_95' title='bbox 127 1403 319 1465; x_wconf 86' lang='lat' dir='ltr'>canticinium</span> <span class='ocrx_word' id='word_1_96' title='bbox 347 1400 470 1472; x_wconf 90' lang='lat' dir='ltr'>dicitur,</span> <span class='ocrx_word' id='word_1_97' title='bbox 495 1390 704 1478; x_wconf 49' lang='lat' dir='ltr'>¹gratissimum</span> <span class='ocrx_word' id='word_1_98' title='bbox 735 1403 842 1478; x_wconf 85' lang='lat' dir='ltr'>quieti,</span> <span class='ocrx_word' id='word_1_99' title='bbox 876 1418 1001 1462; x_wconf 88' lang='lat' dir='ltr'>aurorae</span> <span class='ocrx_word' id='word_1_100' title='bbox 1031 1405 1216 1480; x_wconf 85' lang='lat' dir='ltr'>proximum,</span> <span class='ocrx_word' id='word_1_101' title='bbox 1249 1421 1303 1463; x_wconf 92' lang='lat' dir='ltr'>nos</span> 
     </span>
     <span class='ocr_line' id='line_1_13' title="bbox 127 1503 1302 1585; baseline -0.001 -17"><span class='ocrx_word' id='word_1_102' title='bbox 127 1523 196 1568; x_wconf 89' lang='lat' dir='ltr'>oum</span> <span class='ocrx_word' id='word_1_103' title='bbox 220 1503 328 1584; x_wconf 90' lang='lat' dir='ltr'>gaudio</span> <span class='ocrx_word' id='word_1_104' title='bbox 352 1505 526 1583; x_wconf 88' lang='lat' dir='ltr'>accepimus</span> <span class='ocrx_word' id='word_1_105' title='bbox 548 1509 580 1564; x_wconf 92' lang='lat' dir='ltr'>et</span> <span class='ocrx_word' id='word_1_106' title='bbox 603 1521 671 1565; x_wconf 89' lang='lat' dir='ltr'>oum</span> <span class='ocrx_word' id='word_1_107' title='bbox 693 1504 809 1583; x_wconf 87' lang='lat' dir='ltr'>vigilia,</span> <span class='ocrx_word' id='word_1_108' title='bbox 841 1522 911 1565; x_wconf 91' lang='lat' dir='ltr'>cum</span> <span class='ocrx_word' id='word_1_109' title='bbox 941 1521 977 1564; x_wconf 90' lang='lat' dir='ltr'>eo</span> <span class='ocrx_word' id='word_1_110' title='bbox 1002 1507 1082 1565; x_wconf 89' lang='lat' dir='ltr'>enim</span> <span class='ocrx_word' id='word_1_111' title='bbox 1106 1507 1176 1566; x_wconf 90' lang='lat' dir='ltr'>luna</span> <span class='ocrx_word' id='word_1_112' title='bbox 1200 1507 1302 1585; x_wconf 88' lang='lat' dir='ltr'>splen·</span> 
     </span>
     <span class='ocr_line' id='line_1_14' title="bbox 127 1607 1304 1688; baseline -0.001 -16"><span class='ocrx_word' id='word_1_113' title='bbox 127 1607 255 1673; x_wconf 85' lang='lat' dir='ltr'>descere</span> <span class='ocrx_word' id='word_1_114' title='bbox 277 1609 379 1687; x_wconf 86' lang='lat' dir='ltr'>coepit</span> <span class='ocrx_word' id='word_1_115' title='bbox 401 1614 432 1668; x_wconf 90' lang='lat' dir='ltr'>et</span> <span class='ocrx_word' id='word_1_116' title='bbox 456 1624 527 1669; x_wconf 90' lang='lat' dir='ltr'>aura</span> <span class='ocrx_word' id='word_1_117' title='bbox 549 1610 580 1680; x_wconf 86' lang='lat' dir='ltr'>iu</span> <span class='ocrx_word' id='word_1_118' title='bbox 602 1609 897 1688; x_wconf 14' lang='lat' dir='ltr'>melius-immutari.</span> <span class='ocrx_word' id='word_1_119' title='bbox 943 1607 1010 1668; x_wconf 83' lang='lat' dir='ltr'>lloo&#39;</span> <span class='ocrx_word' id='word_1_120' title='bbox 1032 1611 1199 1670; x_wconf 88' lang='lat' dir='ltr'>sentientes</span> <span class='ocrx_word' id='word_1_121' title='bbox 1232 1616 1304 1688; x_wconf 89' lang='lat' dir='ltr'>prae</span> 
     </span>
     <span class='ocr_line' id='line_1_15' title="bbox 129 1709 1304 1791; baseline 0.001 -20"><span class='ocrx_word' id='word_1_122' title='bbox 129 1709 237 1790; x_wconf 80' lang='lat' dir='ltr'>gaudio</span> <span class='ocrx_word' id='word_1_123' title='bbox 259 1711 385 1788; x_wconf 88' lang='lat' dir='ltr'>inquieti</span> <span class='ocrx_word' id='word_1_124' title='bbox 407 1709 532 1781; x_wconf 84' lang='lat' dir='ltr'>luimus,</span> <span class='ocrx_word' id='word_1_125' title='bbox 557 1712 629 1774; x_wconf 93' lang='lat' dir='ltr'>solis</span> <span class='ocrx_word' id='word_1_126' title='bbox 651 1719 751 1773; x_wconf 90' lang='lat' dir='ltr'>ortum</span> <span class='ocrx_word' id='word_1_127' title='bbox 773 1713 858 1790; x_wconf 86' lang='lat' dir='ltr'>quasi</span> <span class='ocrx_word' id='word_1_128' title='bbox 874 1712 1083 1773; x_wconf 86' lang='lat' dir='ltr'>liberationem</span> <span class='ocrx_word' id='word_1_129' title='bbox 1100 1731 1116 1772; x_wconf 92' lang='lat' dir='ltr'>a</span> <span class='ocrx_word' id='word_1_130' title='bbox 1133 1715 1304 1791; x_wconf 86' lang='lat' dir='ltr'>captivitate</span> 
     </span>
     <span class='ocr_line' id='line_1_16' title="bbox 129 1814 1304 1895; baseline -0.001 -19"><span class='ocrx_word' id='word_1_131' title='bbox 129 1814 290 1877; x_wconf 84' lang='lat' dir='ltr'>durissima</span> <span class='ocrx_word' id='word_1_132' title='bbox 319 1821 539 1893; x_wconf 80' lang='lat' dir='ltr'>exspectantes.</span> <span class='ocrx_word' id='word_1_133' title='bbox 585 1816 755 1895; x_wconf 89' lang='lat' dir='ltr'>Septimum</span> <span class='ocrx_word' id='word_1_134' title='bbox 784 1822 906 1894; x_wconf 88' lang='lat' dir='ltr'>tempus</span> <span class='ocrx_word' id='word_1_135' title='bbox 937 1817 1052 1887; x_wconf 90' lang='lat' dir='ltr'>noctis,</span> <span class='ocrx_word' id='word_1_136' title='bbox 1081 1815 1163 1895; x_wconf 86' lang='lat' dir='ltr'>quod</span> <span class='ocrx_word' id='word_1_137' title='bbox 1195 1816 1304 1877; x_wconf 91' lang='lat' dir='ltr'>dicitur</span> 
     </span>
     <span class='ocr_line' id='line_1_17' title="bbox 128 1916 1303 1999; baseline 0.001 -20"><span class='ocrx_word' id='word_1_138' title='bbox 128 1916 306 1989; x_wconf 89' lang='lat' dir='ltr'>diluculum,</span> <span class='ocrx_word' id='word_1_139' title='bbox 336 1920 368 1979; x_wconf 90' lang='lat' dir='ltr'>in</span> <span class='ocrx_word' id='word_1_140' title='bbox 387 1916 450 1996; x_wconf 84' lang='lat' dir='ltr'>&#39;quo</span> <span class='ocrx_word' id='word_1_141' title='bbox 473 1919 602 1980; x_wconf 89' lang='lat' dir='ltr'>solertes</span> <span class='ocrx_word' id='word_1_142' title='bbox 625 1927 752 1998; x_wconf 87' lang='lat' dir='ltr'>surgunt</span> <span class='ocrx_word' id='word_1_143' title='bbox 775 1919 812 1980; x_wconf 89' lang='lat' dir='ltr'>ad</span> <span class='ocrx_word' id='word_1_144' title='bbox 835 1936 927 1999; x_wconf 90' lang='lat' dir='ltr'>opera</span> <span class='ocrx_word' id='word_1_145' title='bbox 951 1919 999 1980; x_wconf 90' lang='lat' dir='ltr'>die</span> <span class='ocrx_word' id='word_1_146' title='bbox 1018 1918 1082 1996; x_wconf 87' lang='lat' dir='ltr'>jam</span> <span class='ocrx_word' id='word_1_147' title='bbox 1097 1920 1303 1991; x_wconf 90' lang='lat' dir='ltr'>illucescente,</span> 
     </span>
     <span class='ocr_line' id='line_1_18' title="bbox 127 2019 1304 2101; baseline 0.002 -19"><span class='ocrx_word' id='word_1_148' title='bbox 127 2019 304 2083; x_wconf 83' lang='lat' dir='ltr'>deduximus</span> <span class='ocrx_word' id='word_1_149' title='bbox 328 2023 553 2101; x_wconf 81' lang='lat' dir='ltr'>inprecatione</span> <span class='ocrx_word' id='word_1_150' title='bbox 577 2022 615 2084; x_wconf 90' lang='lat' dir='ltr'>ad</span> <span class='ocrx_word' id='word_1_151' title='bbox 636 2041 793 2084; x_wconf 90' lang='lat' dir='ltr'>recessum</span> <span class='ocrx_word' id='word_1_152' title='bbox 816 2030 847 2083; x_wconf 91' lang='lat' dir='ltr'>et</span> <span class='ocrx_word' id='word_1_153' title='bbox 869 2023 942 2085; x_wconf 91' lang='lat' dir='ltr'>solis</span> <span class='ocrx_word' id='word_1_154' title='bbox 966 2024 1125 2084; x_wconf 90' lang='lat' dir='ltr'>clariorem</span> <span class='ocrx_word' id='word_1_155' title='bbox 1148 2025 1304 2085; x_wconf 89' lang='lat' dir='ltr'>illustrati·</span> 
     </span>
     <span class='ocr_line' id='line_1_19' title="bbox 126 2127 1305 2207; baseline 0.001 -19"><span class='ocrx_word' id='word_1_156' title='bbox 126 2144 216 2188; x_wconf 91' lang='lat' dir='ltr'>onem</span> <span class='ocrx_word' id='word_1_157' title='bbox 239 2128 490 2206; x_wconf 85' lang='lat' dir='ltr'>exspectavimus.</span> <span class='ocrx_word' id='word_1_158' title='bbox 536 2127 575 2189; x_wconf 90' lang='lat' dir='ltr'>Et</span> <span class='ocrx_word' id='word_1_159' title='bbox 595 2129 637 2187; x_wconf 90' lang='lat' dir='ltr'>ita</span> <span class='ocrx_word' id='word_1_160' title='bbox 659 2134 782 2188; x_wconf 90' lang='lat' dir='ltr'>noctem</span> <span class='ocrx_word' id='word_1_161' title='bbox 803 2127 884 2188; x_wconf 91' lang='lat' dir='ltr'>illam</span> <span class='ocrx_word' id='word_1_162' title='bbox 902 2130 1037 2207; x_wconf 85' lang='lat' dir='ltr'>egimus,</span> <span class='ocrx_word' id='word_1_163' title='bbox 1061 2128 1189 2205; x_wconf 90' lang='lat' dir='ltr'>qualiter</span> <span class='ocrx_word' id='word_1_164' title='bbox 1204 2134 1305 2189; x_wconf 83' lang='lat' dir='ltr'>autem</span> 
     </span>
     <span class='ocr_line' id='line_1_20' title="bbox 127 2227 1306 2303; baseline 0 -12"><span class='ocrx_word' id='word_1_165' title='bbox 127 2230 207 2291; x_wconf 87' lang='lat' dir='ltr'>diem</span> <span class='ocrx_word' id='word_1_166' title='bbox 231 2228 463 2303; x_wconf 79' lang='lat' dir='ltr'>deduxerimus,</span> <span class='ocrx_word' id='word_1_167' title='bbox 486 2229 558 2292; x_wconf 85' lang='lat' dir='ltr'>lolio</span> <span class='ocrx_word' id='word_1_168' title='bbox 583 2227 655 2292; x_wconf 83' lang='lat'><strong>122.</strong></span> <span class='ocrx_word' id='word_1_169' title='bbox 679 2231 757 2292; x_wconf 85' lang='lat' dir='ltr'>ride.</span> <span class='ocrx_word' id='word_1_170' title='bbox 790 2231 877 2292; x_wconf 87' lang='lat' dir='ltr'>Nunc</span> <span class='ocrx_word' id='word_1_171' title='bbox 893 2233 983 2293; x_wconf 90' lang='lat' dir='ltr'>etiam</span> <span class='ocrx_word' id='word_1_172' title='bbox 998 2230 1084 2291; x_wconf 91' lang='lat' dir='ltr'>Nilus</span> <span class='ocrx_word' id='word_1_173' title='bbox 1101 2228 1210 2292; x_wconf 81' lang='lat' dir='ltr'>fluvius</span> <span class='ocrx_word' id='word_1_174' title='bbox 1224 2232 1306 2292; x_wconf 88' lang='lat' dir='ltr'>venit</span> 
     </span>
     <span class='ocr_line' id='line_1_21' title="bbox 129 2332 1304 2413; baseline -0.002 -19"><span class='ocrx_word' id='word_1_175' title='bbox 129 2333 360 2404; x_wconf 84' lang='lat' dir='ltr'>describendus,</span> <span class='ocrx_word' id='word_1_176' title='bbox 385 2351 421 2395; x_wconf 85' lang='lat' dir='ltr'>cx</span> <span class='ocrx_word' id='word_1_177' title='bbox 444 2352 504 2413; x_wconf 92' lang='lat' dir='ltr'>quo</span> <span class='ocrx_word' id='word_1_178' title='bbox 527 2351 622 2413; x_wconf 89' lang='lat' dir='ltr'>prope</span> <span class='ocrx_word' id='word_1_179' title='bbox 646 2332 712 2410; x_wconf 86' lang='lat' dir='ltr'>ejus</span> <span class='ocrx_word' id='word_1_180' title='bbox 735 2337 897 2397; x_wconf 85' lang='lat' dir='ltr'>terminum</span> <span class='ocrx_word' id='word_1_181' title='bbox 920 2351 1038 2406; x_wconf 92' lang='lat' dir='ltr'>sumus,</span> <span class='ocrx_word' id='word_1_182' title='bbox 1067 2334 1118 2395; x_wconf 92' lang='lat' dir='ltr'>ubi</span> <span class='ocrx_word' id='word_1_183' title='bbox 1141 2351 1195 2412; x_wconf 89' lang='lat' dir='ltr'>per</span> <span class='ocrx_word' id='word_1_184' title='bbox 1217 2333 1304 2412; x_wconf 90' lang='lat' dir='ltr'>illap-</span> 
     </span>
     <span class='ocr_line' id='line_1_22' title="bbox 128 2433 679 2500; baseline 0.005 -5"><span class='ocrx_word' id='word_1_185' title='bbox 128 2452 197 2496; x_wconf 88' lang='lat' dir='ltr'>sum</span> <span class='ocrx_word' id='word_1_186' title='bbox 218 2437 309 2496; x_wconf 85' lang='lat' dir='ltr'>maris</span> <span class='ocrx_word' id='word_1_187' title='bbox 333 2433 443 2500; x_wconf 86' lang='lat' dir='ltr'>lluvius</span> <span class='ocrx_word' id='word_1_188' title='bbox 466 2454 535 2498; x_wconf 90' lang='lat' dir='ltr'>esse</span> <span class='ocrx_word' id='word_1_189' title='bbox 559 2434 679 2499; x_wconf 82' lang='lat' dir='ltr'>desinit.</span> 
     </span>
    </p>
   </div>
   <div class='ocr_carea' id='block_1_3' title="bbox 129 2702 1307 3040">
    <p class='ocr_par' dir='ltr' id='par_1_3' title="bbox 129 2702 1307 3040">
     <span class='ocr_line' id='line_1_23' title="bbox 129 2702 1304 2801; baseline -0.002 -25"><span class='ocrx_word' id='word_1_190' title='bbox 129 2702 325 2795; x_wconf 87' lang='lat' dir='ltr'>Descriptio</span> <span class='ocrx_word' id='word_1_191' title='bbox 353 2705 503 2777; x_wconf 86' lang='lat' dir='ltr'>fluminis</span> <span class='ocrx_word' id='word_1_192' title='bbox 530 2705 706 2793; x_wconf 85' lang='lat' dir='ltr'>Paradisi,</span> <span class='ocrx_word' id='word_1_193' title='bbox 741 2706 810 2778; x_wconf 91' lang='lat' dir='ltr'>Nili</span> <span class='ocrx_word' id='word_1_194' title='bbox 846 2706 980 2780; x_wconf 86' lang='lat' dir='ltr'>scilicet</span> <span class='ocrx_word' id='word_1_195' title='bbox 1017 2704 1073 2776; x_wconf 90' lang='lat' dir='ltr'>vel</span> <span class='ocrx_word' id='word_1_196' title='bbox 1110 2703 1222 2801; x_wconf 25' lang='lat' dir='ltr'>Geon,</span> <span class='ocrx_word' id='word_1_197' title='bbox 1243 2707 1304 2775; x_wconf 89' lang='lat' dir='ltr'>aut</span> 
     </span>
     <span class='ocr_line' id='line_1_24' title="bbox 130 2824 1307 2917; baseline -0.002 -18"><span class='ocrx_word' id='word_1_198' title='bbox 130 2825 236 2913; x_wconf 83' lang='lat' dir='ltr'>(lion,</span> <span class='ocrx_word' id='word_1_199' title='bbox 265 2826 309 2900; x_wconf 91' lang='lat' dir='ltr'>de</span> <span class='ocrx_word' id='word_1_200' title='bbox 336 2824 414 2917; x_wconf 89' lang='lat' dir='ltr'>ejus</span> <span class='ocrx_word' id='word_1_201' title='bbox 439 2828 653 2916; x_wconf 88' lang='lat' dir='ltr'>nominibus,</span> <span class='ocrx_word' id='word_1_202' title='bbox 681 2829 834 2917; x_wconf 83' lang='lat' dir='ltr'>origine,</span> <span class='ocrx_word' id='word_1_203' title='bbox 862 2830 1014 2901; x_wconf 90' lang='lat' dir='ltr'>utilitate</span> <span class='ocrx_word' id='word_1_204' title='bbox 1042 2833 1078 2901; x_wconf 92' lang='lat' dir='ltr'>et</span> <span class='ocrx_word' id='word_1_205' title='bbox 1106 2828 1243 2913; x_wconf 85' lang='lat' dir='ltr'>virtute,</span> <span class='ocrx_word' id='word_1_206' title='bbox 1272 2830 1307 2898; x_wconf 87' lang='lat' dir='ltr'>et</span> 
     </span>
     <span class='ocr_line' id='line_1_25' title="bbox 134 2942 1022 3040; baseline -0.002 -19"><span class='ocrx_word' id='word_1_207' title='bbox 134 2942 140 2951; x_wconf 85' lang='lat'><em>&#39;</em></span> <span class='ocrx_word' id='word_1_208' title='bbox 363 3010 367 3019; x_wconf 92' lang='lat'><em>.</em></span> <span class='ocrx_word' id='word_1_209' title='bbox 408 2950 632 3040; x_wconf 88' lang='lat' dir='ltr'>antiquorum</span> <span class='ocrx_word' id='word_1_210' title='bbox 660 2970 796 3023; x_wconf 87' lang='lat' dir='ltr'>errores</span> <span class='ocrx_word' id='word_1_211' title='bbox 824 2951 918 3022; x_wconf 86' lang='lat' dir='ltr'>circa</span> <span class='ocrx_word' id='word_1_212' title='bbox 945 2951 1022 3022; x_wconf 88' lang='lat' dir='ltr'>hoc.</span> 
     </span>
    </p>
   </div>
   <div class='ocr_carea' id='block_1_4' title="bbox 128 3149 1364 4289">
    <p class='ocr_par' dir='ltr' id='par_1_4' title="bbox 128 3149 1364 4289">
     <span class='ocr_line' id='line_1_26' title="bbox 145 3149 1306 3230; baseline 0 -18"><span class='ocrx_word' id='word_1_213' title='bbox 145 3190 149 3197; x_wconf 91' lang='lat'><em>-</em></span> <span class='ocrx_word' id='word_1_214' title='bbox 216 3149 318 3215; x_wconf 90' lang='lat' dir='ltr'>Nilum</span> <span class='ocrx_word' id='word_1_215' title='bbox 352 3157 489 3213; x_wconf 88' lang='lat' dir='ltr'>sanctum</span> <span class='ocrx_word' id='word_1_216' title='bbox 525 3149 650 3217; x_wconf 89' lang='lat' dir='ltr'>lluvium</span> <span class='ocrx_word' id='word_1_217' title='bbox 686 3150 861 3227; x_wconf 88' lang='lat' dir='ltr'>describere</span> <span class='ocrx_word' id='word_1_218' title='bbox 897 3152 1001 3212; x_wconf 86' lang='lat' dir='ltr'>volens</span> <span class='ocrx_word' id='word_1_219' title='bbox 1041 3151 1136 3230; x_wconf 89' lang='lat' dir='ltr'>primo</span> <span class='ocrx_word' id='word_1_220' title='bbox 1167 3150 1205 3211; x_wconf 94' lang='lat' dir='ltr'>de</span> <span class='ocrx_word' id='word_1_221' title='bbox 1240 3149 1306 3227; x_wconf 91' lang='lat' dir='ltr'>ejus</span> 
     </span>
     <span class='ocr_line' id='line_1_27' title="bbox 130 3250 1308 3333; baseline -0.001 -17"><span class='ocrx_word' id='word_1_222' title='bbox 130 3255 300 3316; x_wconf 89' lang='lat' dir='ltr'>nominibus</span> <span class='ocrx_word' id='word_1_223' title='bbox 324 3254 439 3328; x_wconf 83' lang='lat' dir='ltr'>dicam3</span> <span class='ocrx_word' id='word_1_224' title='bbox 473 3255 608 3318; x_wconf 87' lang='lat' dir='ltr'>secundo</span> <span class='ocrx_word' id='word_1_225' title='bbox 641 3255 678 3317; x_wconf 95' lang='lat' dir='ltr'>de</span> <span class='ocrx_word' id='word_1_226' title='bbox 702 3254 768 3332; x_wconf 92' lang='lat' dir='ltr'>ejus</span> <span class='ocrx_word' id='word_1_227' title='bbox 798 3256 931 3333; x_wconf 88' lang='lat' dir='ltr'>origine,</span> <span class='ocrx_word' id='word_1_228' title='bbox 962 3250 1002 3314; x_wconf 69' lang='lat' dir='ltr'>de‘</span> <span class='ocrx_word' id='word_1_229' title='bbox 1033 3252 1099 3330; x_wconf 87' lang='lat' dir='ltr'>ejus</span> <span class='ocrx_word' id='word_1_230' title='bbox 1124 3252 1253 3315; x_wconf 90' lang='lat' dir='ltr'>decursu</span> <span class='ocrx_word' id='word_1_231' title='bbox 1276 3261 1308 3315; x_wconf 89' lang='lat' dir='ltr'>et</span> 
     </span>
     <span class='ocr_line' id='line_1_28' title="bbox 129 3354 1306 3439; baseline -0.001 -19"><span class='ocrx_word' id='word_1_232' title='bbox 129 3358 204 3431; x_wconf 89' lang='lat' dir='ltr'>llne;</span> <span class='ocrx_word' id='word_1_233' title='bbox 228 3360 317 3420; x_wconf 89' lang='lat' dir='ltr'>tertio</span> <span class='ocrx_word' id='word_1_234' title='bbox 341 3358 378 3420; x_wconf 90' lang='lat' dir='ltr'>de</span> <span class='ocrx_word' id='word_1_235' title='bbox 400 3359 558 3421; x_wconf 85' lang='lat' dir='ltr'>virtutibus</span> <span class='ocrx_word' id='word_1_236' title='bbox 582 3356 647 3434; x_wconf 90' lang='lat' dir='ltr'>ejus</span> <span class='ocrx_word' id='word_1_237' title='bbox 671 3366 702 3419; x_wconf 93' lang='lat' dir='ltr'>et</span> <span class='ocrx_word' id='word_1_238' title='bbox 724 3359 957 3439; x_wconf 82' lang='lat' dir='ltr'>proprietatibus</span> <span class='ocrx_word' id='word_1_239' title='bbox 982 3364 1013 3417; x_wconf 91' lang='lat' dir='ltr'>et</span> <span class='ocrx_word' id='word_1_240' title='bbox 1036 3354 1073 3416; x_wconf 92' lang='lat' dir='ltr'>de</span> <span class='ocrx_word' id='word_1_241' title='bbox 1096 3356 1200 3417; x_wconf 90' lang='lat' dir='ltr'>bestiis</span> <span class='ocrx_word' id='word_1_242' title='bbox 1222 3360 1253 3418; x_wconf 93' lang='lat' dir='ltr'>in</span> <span class='ocrx_word' id='word_1_243' title='bbox 1269 3376 1306 3419; x_wconf 90' lang='lat' dir='ltr'>eo</span> 
     </span>
     <span class='ocr_line' id='line_1_29' title="bbox 130 3458 1306 3541; baseline -0.003 -18"><span class='ocrx_word' id='word_1_244' title='bbox 130 3464 367 3525; x_wconf 61' lang='lat' dir='ltr'>crescentibus„</span> <span class='ocrx_word' id='word_1_245' title='bbox 407 3463 505 3525; x_wconf 89' lang='lat' dir='ltr'>llabet</span> <span class='ocrx_word' id='word_1_246' title='bbox 541 3465 631 3541; x_wconf 88' lang='lat' dir='ltr'>igitur</span> <span class='ocrx_word' id='word_1_247' title='bbox 666 3463 742 3523; x_wconf 88' lang='lat' dir='ltr'>haec</span> <span class='ocrx_word' id='word_1_248' title='bbox 776 3462 914 3522; x_wconf 90' lang='lat' dir='ltr'>nomina:</span> <span class='ocrx_word' id='word_1_249' title='bbox 961 3460 1031 3539; x_wconf 87' lang='lat' dir='ltr'>quia</span> <span class='ocrx_word' id='word_1_250' title='bbox 1070 3458 1178 3519; x_wconf 91' lang='lat' dir='ltr'>dicitur</span> <span class='ocrx_word' id='word_1_251' title='bbox 1211 3460 1306 3533; x_wconf 89' lang='lat' dir='ltr'>Geon,</span> 
     </span>
     <span class='ocr_line' id='line_1_30' title="bbox 131 3563 1306 3639; baseline -0.003 -10"><span class='ocrx_word' id='word_1_252' title='bbox 131 3567 206 3629; x_wconf 86' lang='lat' dir='ltr'>Gen.</span> <span class='ocrx_word' id='word_1_253' title='bbox 230 3564 278 3639; x_wconf 91' lang='lat' dir='ltr'>ll.‚</span> <span class='ocrx_word' id='word_1_254' title='bbox 298 3564 385 3628; x_wconf 88' lang='lat' dir='ltr'>multi</span> <span class='ocrx_word' id='word_1_255' title='bbox 408 3567 474 3627; x_wconf 89' lang='lat' dir='ltr'>libri</span> <span class='ocrx_word' id='word_1_256' title='bbox 504 3565 614 3626; x_wconf 88' lang='lat' dir='ltr'>babent</span> <span class='ocrx_word' id='word_1_257' title='bbox 637 3565 724 3626; x_wconf 91' lang='lat' dir='ltr'>Gion.</span> <span class='ocrx_word' id='word_1_258' title='bbox 772 3564 914 3627; x_wconf 88' lang='lat' dir='ltr'>Secundo</span> <span class='ocrx_word' id='word_1_259' title='bbox 948 3565 1121 3625; x_wconf 89' lang='lat' dir='ltr'>nominatur</span> <span class='ocrx_word' id='word_1_260' title='bbox 1153 3563 1237 3623; x_wconf 89' lang='lat' dir='ltr'>Nilus</span> <span class='ocrx_word' id='word_1_261' title='bbox 1271 3566 1306 3626; x_wconf 84' lang='lat' dir='ltr'>ab</span> 
     </span>
     <span class='ocr_line' id='line_1_31' title="bbox 128 3665 1306 3750; baseline -0.003 -17"><span class='ocrx_word' id='word_1_262' title='bbox 128 3667 300 3750; x_wconf 79' lang='lat' dir='ltr'>Aegyptiis,</span> <span class='ocrx_word' id='word_1_263' title='bbox 331 3669 399 3730; x_wconf 90' lang='lat' dir='ltr'>Esa.</span> <span class='ocrx_word' id='word_1_264' title='bbox 430 3665 483 3733; x_wconf 81' lang='lat'>23.</span> <span class='ocrx_word' id='word_1_265' title='bbox 509 3668 644 3730; x_wconf 79' lang='lat' dir='ltr'>&#39;Dicitur</span> <span class='ocrx_word' id='word_1_266' title='bbox 673 3669 764 3728; x_wconf 84' lang='lat' dir='ltr'>etiam</span> <span class='ocrx_word' id='word_1_267' title='bbox 788 3686 804 3728; x_wconf 89' lang='lat' dir='ltr'>a</span> <span class='ocrx_word' id='word_1_268' title='bbox 826 3666 939 3728; x_wconf 92' lang='lat' dir='ltr'>Latinis</span> <span class='ocrx_word' id='word_1_269' title='bbox 964 3667 1077 3746; x_wconf 86' lang='lat' dir='ltr'>&#39;quarto</span> <span class='ocrx_word' id='word_1_270' title='bbox 1108 3666 1224 3727; x_wconf 93' lang='lat' dir='ltr'>Nileon.</span> <span class='ocrx_word' id='word_1_271' title='bbox 1269 3667 1306 3729; x_wconf 90' lang='lat' dir='ltr'>Et</span> 
     </span>
     <span class='ocr_line' id='line_1_32' title="bbox 131 3763 1306 3860; baseline -0.002 -26"><span class='ocrx_word' id='word_1_272' title='bbox 131 3775 236 3852; x_wconf 84' lang='lat' dir='ltr'>quibto</span> <span class='ocrx_word' id='word_1_273' title='bbox 271 3774 306 3833; x_wconf 92' lang='lat' dir='ltr'>ab</span> <span class='ocrx_word' id='word_1_274' title='bbox 338 3772 456 3834; x_wconf 91' lang='lat' dir='ltr'>eisdem</span> <span class='ocrx_word' id='word_1_275' title='bbox 486 3775 660 3833; x_wconf 89' lang='lat' dir='ltr'>nominatur</span> <span class='ocrx_word' id='word_1_276' title='bbox 692 3770 784 3833; x_wconf 89' lang='lat' dir='ltr'>Melo.</span> <span class='ocrx_word' id='word_1_277' title='bbox 830 3769 932 3860; x_wconf 86' lang='lat' dir='ltr'>lgilius</span> <span class='ocrx_word' id='word_1_278' title='bbox 964 3763 1155 3850; x_wconf 70' lang='lat' dir='ltr'>astrologus</span> <span class='ocrx_word' id='word_1_279' title='bbox 1171 3773 1306 3832; x_wconf 93' lang='lat' dir='ltr'>nominat</span> 
     </span>
     <span class='ocr_line' id='line_1_33' title="bbox 131 3873 1305 3953; baseline -0.003 -16"><span class='ocrx_word' id='word_1_280' title='bbox 131 3894 201 3939; x_wconf 91' lang='lat' dir='ltr'>eum</span> <span class='ocrx_word' id='word_1_281' title='bbox 230 3882 315 3938; x_wconf 82' lang='lat' dir='ltr'>sexto</span> <span class='ocrx_word' id='word_1_282' title='bbox 347 3877 471 3938; x_wconf 89' lang='lat' dir='ltr'>nomine</span> <span class='ocrx_word' id='word_1_283' title='bbox 493 3875 673 3945; x_wconf 83' lang='lat' dir='ltr'>Eridanum,</span> <span class='ocrx_word' id='word_1_284' title='bbox 704 3875 740 3935; x_wconf 89' lang='lat' dir='ltr'>ab</span> <span class='ocrx_word' id='word_1_285' title='bbox 774 3879 894 3936; x_wconf 89' lang='lat' dir='ltr'>eventu.</span> <span class='ocrx_word' id='word_1_286' title='bbox 939 3873 1016 3934; x_wconf 89' lang='lat' dir='ltr'>Nam</span> <span class='ocrx_word' id='word_1_287' title='bbox 1050 3874 1166 3952; x_wconf 84' lang='lat' dir='ltr'>lingunt</span> <span class='ocrx_word' id='word_1_288' title='bbox 1188 3881 1305 3953; x_wconf 90' lang='lat' dir='ltr'>poetae,</span> 
     </span>
     <span class='ocr_line' id='line_1_34' title="bbox 132 3974 1306 4060; baseline -0.005 -18"><span class='ocrx_word' id='word_1_289' title='bbox 132 3981 211 4042; x_wconf 91' lang='lat' dir='ltr'>Solis</span> <span class='ocrx_word' id='word_1_290' title='bbox 233 3980 374 4060; x_wconf 77' lang='lat' dir='ltr'>Aegyptii</span> <span class='ocrx_word' id='word_1_291' title='bbox 396 3980 491 4041; x_wconf 84' lang='lat' dir='ltr'>luisse</span> <span class='ocrx_word' id='word_1_292' title='bbox 514 3979 624 4050; x_wconf 87' lang='lat' dir='ltr'>filium,</span> <span class='ocrx_word' id='word_1_293' title='bbox 648 3979 696 4038; x_wconf 88' lang='lat' dir='ltr'>eui</span> <span class='ocrx_word' id='word_1_294' title='bbox 712 3995 780 4038; x_wconf 91' lang='lat' dir='ltr'>cum</span> <span class='ocrx_word' id='word_1_295' title='bbox 793 3977 950 4056; x_wconf 87' lang='lat' dir='ltr'>Epaphus,</span> <span class='ocrx_word' id='word_1_296' title='bbox 974 3974 1056 4037; x_wconf 82' lang='lat' dir='ltr'>lovis</span> <span class='ocrx_word' id='word_1_297' title='bbox 1073 3983 1104 4037; x_wconf 91' lang='lat' dir='ltr'>et</span> <span class='ocrx_word' id='word_1_298' title='bbox 1118 3975 1204 4039; x_wconf 89' lang='lat' dir='ltr'>lsidis</span> <span class='ocrx_word' id='word_1_299' title='bbox 1219 3976 1306 4048; x_wconf 89' lang='lat' dir='ltr'>lilius,</span> 
     </span>
     <span class='ocr_line' id='line_1_35' title="bbox 132 4079 1306 4164; baseline -0.004 -19"><span class='ocrx_word' id='word_1_300' title='bbox 132 4085 291 4164; x_wconf 80' lang='lat' dir='ltr'>objiceret,</span> <span class='ocrx_word' id='word_1_301' title='bbox 321 4103 383 4147; x_wconf 89' lang='lat' dir='ltr'>nou</span> <span class='ocrx_word' id='word_1_302' title='bbox 413 4101 484 4145; x_wconf 90' lang='lat' dir='ltr'>esse</span> <span class='ocrx_word' id='word_1_303' title='bbox 508 4083 588 4143; x_wconf 87' lang='lat' dir='ltr'>Solis</span> <span class='ocrx_word' id='word_1_304' title='bbox 619 4081 726 4153; x_wconf 88' lang='lat' dir='ltr'>fllium,</span> <span class='ocrx_word' id='word_1_305' title='bbox 759 4080 797 4141; x_wconf 93' lang='lat' dir='ltr'>ad</span> <span class='ocrx_word' id='word_1_306' title='bbox 824 4079 1018 4142; x_wconf 88' lang='lat' dir='ltr'>obtinendam</span> <span class='ocrx_word' id='word_1_307' title='bbox 1041 4079 1190 4141; x_wconf 87' lang='lat' dir='ltr'>filiationis</span> <span class='ocrx_word' id='word_1_308' title='bbox 1215 4079 1306 4140; x_wconf 88' lang='lat' dir='ltr'>fidem</span> 
     </span>
     <span class='ocr_line' id='line_1_36' title="bbox 134 4184 1364 4289; baseline -0.008 -36"><span class='ocrx_word' id='word_1_309' title='bbox 134 4204 239 4253; x_wconf 86' lang='lat' dir='ltr'>currus</span> <span class='ocrx_word' id='word_1_310' title='bbox 272 4191 348 4253; x_wconf 88' lang='lat' dir='ltr'>lucis</span> <span class='ocrx_word' id='word_1_311' title='bbox 378 4189 540 4252; x_wconf 85' lang='lat' dir='ltr'>temerarie</span> <span class='ocrx_word' id='word_1_312' title='bbox 562 4187 735 4265; x_wconf 85' lang='lat' dir='ltr'>impetravit</span> <span class='ocrx_word' id='word_1_313' title='bbox 757 4202 778 4246; x_wconf 85' lang='lat' dir='ltr'>a.</span> <span class='ocrx_word' id='word_1_314' title='bbox 798 4184 870 4245; x_wconf 86' lang='lat' dir='ltr'>Sole</span> <span class='ocrx_word' id='word_1_315' title='bbox 899 4191 1000 4264; x_wconf 92' lang='lat' dir='ltr'>patre,</span> <span class='ocrx_word' id='word_1_316' title='bbox 1032 4185 1084 4261; x_wconf 87' lang='lat' dir='ltr'>qui</span> <span class='ocrx_word' id='word_1_317' title='bbox 1111 4200 1181 4244; x_wconf 92' lang='lat' dir='ltr'>cum</span> <span class='ocrx_word' id='word_1_318' title='bbox 1209 4199 1305 4260; x_wconf 91' lang='lat' dir='ltr'>equos</span> <span class='ocrx_word' id='word_1_319' title='bbox 1360 4268 1364 4289; x_wconf 44' lang='grc' dir='ltr'>Ι</span> 
     </span>
    </p>
   </div>
   <div class='ocr_carea' id='block_1_5' title="bbox 0 0 1448 4770">
    <p class='ocr_par' dir='ltr' id='par_1_5' title="bbox 0 0 1448 4770">
     <span class='ocr_line' id='line_1_37' title="bbox 0 0 1448 4770; baseline 0 0"><span class='ocrx_word' id='word_1_320' title='bbox 0 0 1448 4770; x_wconf 95' lang='lat' dir='ltr'> </span> 
     </span>
    </p>
   </div>
  </div>
 </body>
</html>
