2874 4770
753 194 818 263 292

196 371 293 434 llabet
305 345 406 433 aulem
418 370 536 432 felobus
548 376 649 431 cutem
664 370 802 449 pilosam,
818 369 910 448 aliqui
918 375 1014 431 totam
1026 370 1131 444 albam
1148 370 1240 447 aliqui
1249 370 1385 448 nigram,

198 476 289 555 aliqui
300 476 495 547 maculosam,
508 491 593 534 more
606 474 758 553 pecudum
769 476 799 533 iu
814 479 894 533 terra
905 476 983 551 parit
1001 481 1032 534 et
1042 473 1168 553 postlll.
1179 473 1262 535 diem
1275 479 1386 552 partus

196 597 267 640 suos
291 582 322 641 in
345 598 428 641 mare
452 579 543 650 ducit,
568 586 599 639 et
621 578 662 638 ibi
685 579 822 639 saeviunt
844 578 876 636 iu
900 595 999 649 omne,
1024 577 1105 656 quod
1123 579 1266 638 occurrit
1298 575 1386 636 luter

198 687 299 747 omnia
321 684 459 745 animalia
483 683 660 761 gravissimo
684 698 791 741 somno
814 681 976 757 premitur,
1009 680 1090 743 unde
1116 683 1148 741 in
1171 682 1288 740 somnis
1312 697 1384 740 mu·

198 790 279 866 gitus
304 806 429 867 magnos
453 788 579 856 emittit,
603 801 661 844 nec
684 784 750 863 capi
773 782 902 844 faciliter
923 789 1038 862 potest,
1057 787 1129 849 ¹uisi
1150 787 1181 845 iu
1204 790 1286 844 terra
1309 782 1384 843 dor·

197 895 296 954 miens
319 895 475 953 inventum
497 890 601 962 fuerit,
624 895 656 948 et
678 890 843 957 inventurn,
867 889 926 947 uisi
950 894 1039 966 caput
1061 889 1119 948 sibi
1142 886 1242 948 ferreo
1267 887 1384 948 malleo

192 999 360 1057 ‘contritum
382 993 621 1067 fueriteradet,
645 999 912 1071 quantumcunque
936 992 1034 1070 gladio
1057 999 1106 1052 aut
1133 990 1261 1071 cuspide
1280 999 1384 1052 trans-

201 1100 327 1161 fossum.
389 1099 469 1161 Satis
512 1097 654 1178 gracilem
699 1097 810 1157 babent
852 1096 966 1176 pellem
1009 1114 1078 1156 cum
1115 1096 1185 1174 pilis
1222 1095 1384 1167 mollibus,

199 1203 279 1264 unde
303 1203 413 1283 cinguli
436 1200 647 1281 religiosomm
670 1200 709 1263 de
732 1219 769 1261 ea
791 1201 873 1262 fiunt.
906 1200 971 1260 lloc
995 1207 1096 1261 autern
1113 1199 1248 1261 mirabile
1272 1199 1312 1259 de
1328 1199 1384 1259 illa

197 1306 296 1367 bellua
320 1306 446 1377 dieitur,
471 1304 552 1383 quod
574 1323 609 1365 ea
624 1312 745 1365 mortua
765 1311 796 1364 et
818 1305 968 1364 excoriata
991 1303 1043 1383 pili
1066 1305 1096 1363 in
1121 1304 1218 1381 pelle,
1248 1304 1381 1363 ubieun-

199 1427 258 1489 que
282 1407 368 1487 pellis
391 1408 501 1478 fuerit,
529 1409 655 1468 naturali
679 1402 810 1487 quodam
832 1410 976 1468 instinctu
1001 1414 1090 1485 prout
1112 1424 1197 1467 mare
1221 1424 1255 1466 se
1280 1405 1384 1476 habet,

198 1515 239 1572 ita
262 1530 296 1572 se
320 1514 405 1590 gerit.
451 1513 526 1572 Nam
551 1513 576 1570 si
600 1518 683 1572 ma're
707 1511 858 1572 turbatum
881 1512 912 1570 iu
927 1501 1047 1570 'fluctus
1070 1512 1245 1580 surrexerit,
1271 1517 1303 1570 et
1326 1510 1384 1588 pili

199 1616 339 1676 similiter
362 1617 455 1675 erecti
478 1615 620 1697 surgunt,
651 1616 677 1674 si
701 1633 771 1675 vero
804 1631 886 1674 mare
916 1614 1104 1693 pacificatum
1127 1614 1234 1685 fuerit,
1271 1614 1325 1692 pili
1350 1615 1382 1672 in

199 1719 322 1799 planum
346 1725 536 1790 sternuntur,
572 1704 679 1797 sicque
702 1721 792 1780 maris
816 1721 964 1779 statusrin
987 1738 1021 1781 re
1044 1722 1196 1780 insensata
1219 1725 1249 1777 et
1272 1720 1383 1778 morti-

199 1827 267 1885 cina
291 1823 536 1903 deprehenditur.
582 1823 627 1891 De
651 1823 708 1883 hoe
732 1823 857 1884 babetur
878 1816 908 1887 in
930 1823 1061 1904 Speculo
1085 1823 1211 1884 naturali
1226 1821 1308 1884 Libr.
1329 1819 1382 1888 18.

200 1927 232 1987 C.
258 1923 308 1992 78.
354 1925 438 1988 ldem
463 1946 519 2006 ego
542 1928 608 2006 ipse
632 1936 774 2007 expertus
797 1946 879 1999 sum,
903 1946 982 2013 ‘nam
1006 1928 1158 2006 cingulum
1180 1927 1275 1988 detuli
1299 1928 1383 2007 pelle

199 2031 334 2092 Venetiis
368 2039 593 2109 comparatum
636 2050 746 2112 saepe,
781 2039 941 2110 antequem
978 2034 1113 2111 legerem
1148 2032 1315 2110 Speculum
1350 2035 1382 2093 iu

200 2133 355 2215 praedicto
379 2135 461 2204 loco,
485 2138 610 2194 miratus
634 2134 676 2194 fui
688 2134 704 2202 ,’
720 2154 774 2195 cur
789 2137 841 2215 pili
856 2155 936 2197 nunc
953 2138 1122 2221 asperiores
1138 2155 1218 2197 nunc
1234 2137 1383 2209 leniores,

202 2257 282 2326 nuno
320 2237 474 2303 ordinatae
511 2219 591 2329 nunc
625 2237 771 2314 distortae
810 2224 1026 2326 cernerentur,
1070 2241 1210 2300 nesciens
1256 2258 1383 2305 causatu

200 2342 394 2424 praedictam.
440 2339 525 2403 Unde
535 2334 548 2412 ,’
581 2344 633 2421 qui
663 2361 723 2402 nou
755 2351 860 2422 posset
896 2338 1043 2414 dormire,
1082 2347 1107 2404 si
1146 2344 1271 2404 baberet
1311 2347 1381 2423 pin·

198 2466 266 2508 nem
291 2446 385 2508 dextri
409 2446 511 2506 lateris
544 2445 624 2505 illius
656 2447 790 2507 animalis
820 2454 850 2507 et
874 2449 963 2525 capiti
986 2454 1191 2526 supponeret,
1231 2466 1300 2509 mor
1324 2449 1381 2508 ob·

201 2551 375 2620 dormiret„
401 2551 528 2629 lusuper
558 2568 628 2612 cum
658 2553 708 2611 isti
740 2553 844 2613 marini
867 2552 952 2612 vituli
975 2570 1137 2630 numquam
1161 2549 1287 2612 fulmine
1310 2570 1382 2630 per-

202 2657 368 2725 cutiantur,
399 2654 535 2732 judicant
559 2655 739 2734 prudentes,
770 2655 850 2734 quod
873 2656 1011 2716 homines
1042 2658 1097 2716 sub
1119 2656 1249 2735 pellibus
1274 2674 1383 2717 eorum

203 2763 382 2832 existentes,
407 2760 454 2820 vel
478 2763 507 2820 in
531 2761 731 2821 tabernaculis
755 2760 872 2821 illarum
897 2761 1040 2841 pellium,
1071 2761 1119 2823 vel
1142 2763 1215 2822 lecti
1239 2740 1381 2839 pellibus,

200 2864 277 2922 ictus
302 2863 436 2923 fulminis
459 2871 583 2942 tangere
607 2846 657 2924 'aut
672 2872 833 2943 percutere
850 2868 971 2944 nequit,
995 2873 1027 2926 ut
1050 2866 1176 2927 babetur
1198 2868 1228 2926 in
1246 2865 1382 2946 Speculo

201 2973 296 3028 natur.
323 2965 354 3027 t.
372 2968 406 3029 V.
441 2967 472 3028 C.
492 2965 542 3032 69.
590 2968 674 3041 Quae
698 2977 801 3030 autem
823 2970 904 3030 ferae
928 2973 958 3030 io
980 2973 1054 3030 mari
1072 2969 1231 3049 Carpatico'
1255 2987 1381 3030 moren-

200 3077 248 3132 tur
272 3070 367 3151 (lud
383 3070 441 3151 a),
477 3081 559 3153 patet
589 3076 618 3135 in
636 3062 742 3135 ·Bocc.‘¹
767 3073 805 3136 de
836 3074 1044 3137 Generatione'
1070 3057 1382 3154 deorumgentilium

200 3172 233 3236 L.
260 3173 320 3234 Vll.
351 3175 383 3236 C.
412 3175 438 3236 l.
513 3204 515 3209 ·

290 3279 439 3340 vicesima
463 3280 526 3352 die,
562 3300 630 3342 curn
654 3282 718 3342 dies
741 3283 950 3354 illucesceret,
984 3286 1146 3344 mitescere
1169 3300 1251 3344 mare
1277 3287 1382 3363 eoepit

202 3391 232 3445 et
248 3392 413 3463 tempestas
428 3384 617 3456 decrescere,
635 3396 737 3447 verum
762 3393 864 3447 tamen
888 3387 1070 3448 fortissimos
1081 3395 1191 3448 vventos
1207 3388 1382 3460 habuimus,

202 3491 252 3566 qui
276 3506 330 3548 nos
355 3488 392 3548 de
416 3491 570 3566 proposito
593 3492 701 3549 itinere
725 3498 828 3550 nostru
852 3499 1019 3573 rapuerunt
1034 3490 1126 3570 louge
1149 3509 1164 3550 a
1190 3499 1294 3553 nostro
1317 3500 1381 3552 tra·

202 3594 273 3651 mite
297 3599 400 3661 contra
425 3593 598 3669 aquilonem
631 3601 661 3654 et
684 3596 713 3653 in
738 3593 901 3673 Cycladum
927 3595 1040 3673 insulas
1070 3597 1100 3654 iu
1137 3595 1235 3675 medio
1270 3596 1380 3658 ordine

200 3691 290 3772 longo
314 3695 368 3753 sub
392 3694 498 3755 ilbodo
519 3705 729 3775 portaverunt,
760 3706 791 3759 et
818 3701 843 3758 si
864 3687 992 3761 uentum*
1012 3701 1109 3760 secuti
1132 3698 1315 3773 fuissemus,
1344 3705 1381 3763 in

202 3798 282 3857 Sami
306 3798 433 3859 insulam
460 3807 491 3860 et
506 3799 661 3863 Pathmum
678 3803 909 3878 devenissemus
931 3811 962 3864 et
986 3803 1056 3863 iude
1079 3805 1108 3862 iu
1132 3804 1271 3864 brevibus
1296 3806 1381 3866 horis

201 3898 394 3979 Mitylenam,
419 3919 495 3981 quae
512 3906 602 3963 etiarn
619 3905 733 3967 Lesbos
749 3907 872 3979 dicitur,
897 3908 1216 3987 apprehendissemus,
1234 3909 1271 3970 ad
1288 3928 1382 3989 quarn

203 4014 311 4066 nuutue
336 4010 428 4067 nostri
452 4006 649 4068 formidabant
681 4012 844 4082 accedere,
876 4021 1000 4091 propter
1022 4012 1233 4084 bithalassum,
1267 4012 1383 4081 idest,

201 4106 285 4169 littus
309 4109 337 4170 ln
363 4126 444 4171 mare
468 4115 660 4191 protensum:
692 4123 789 4178 terroe
813 4120 894 4178 enim
917 4119 964 4179 rel
989 4136 1096 4179 arenae
1118 4117 1278 4196 interjectu
1303 4119 1381 4180 divi-

203 4213 283 4279 tlltur
304 4232 385 4279 mare
409 4224 440 4280 et
461 4216 494 4279 bt
509 4219 593 4296 quasi
618 4218 744 4300 duplex,
766 4224 847 4286 unde
870 4243 962 4288 nares
981 4229 1184 4306 impingentes
1207 4223 1245 4285 ad
1270 4240 1383 4287 arenas
