2874 4770
750 148 795 221 20

184 327 289 384 autem
309 340 398 385 mnne
421 326 627 388 et‘sol‘ortus
649 327 763 399 luerat,
798 346 857 391 nec
885 329 1015 392 vidimus
1036 347 1096 393 nec
1119 331 1370 408 audivimnslbo

186 425 300 485 minem
320 427 352 486 in
374 430 437 487 toto
460 429 580 506 palatio.
626 430 745 493 Interea
775 433 893 517 eunctis
923 435 1047 512 paganis
1080 433 1180 498 adhuc
1206 443 1369 520 soporatis,

184 527 269 588 venit
288 535 409 592 secrete
431 529 469 593 ad
490 550 548 593 nos
578 552 656 595 unus
685 536 867 613 gemmarios
889 541 921 597 et
943 535 1092 608 aurifaber
1114 536 1154 600 de
1176 537 1368 616 Mecbilinia,
1427 568 1430 585 =

186 627 372 692 Christianus
389 632 572 707 catholicus,
597 638 784 709 teutonicus,
807 639 931 704 nomine
945 637 1157 713 Fransciscus,
1183 645 1242 722 qui
1256 644 1369 708 viderat

183 732 216 792 in
239 739 328 794 nocte
351 735 522 814 ingressum
544 744 683 800 nostrum
704 741 736 800 in
758 757 813 802 sua
835 748 959 820 palegu,
981 741 1052 819 quia
1073 741 1190 804 residet
1215 744 1260 806 ibi
1274 763 1367 826 nego·

184 836 276 907 tians3
300 836 349 898 hic
372 837 519 916 adjuravit
541 843 637 920 primo
660 860 734 914 nos,
768 849 801 904 nt
823 843 897 914 hoc,
920 840 1002 923 quod
1024 844 1109 904 nobis
1133 843 1244 908 dicere
1266 847 1367 921 vellet,

183 939 313 1000 celatum
334 939 445 1002 habere
467 941 628 1016 vellemus,
651 961 690 1005 ne
713 943 751 1006 ad
773 963 861 1007 aures
884 944 1086 1026 Tanguardini
1106 945 1289 1024 deveniret,
1324 949 1365 1013 di'·

183 1061 273 1105 cens:
297 1060 370 1106 ecce
393 1044 507 1106 domini
529 1049 698 1126 peregrini,
720 1051 751 1110 in
774 1047 865 1111 domo
883 1049 979 1111 dolosi
994 1048 1125 1110 hominis
1141 1056 1176 1111 et'
1189 1053 1365 1132 spoliatorit
1428 1056 1432 1061 ’

183 1149 277 1221 estis,
308 1166 383 1220 nec,
415 1148 495 1209 ultra
524 1149 605 1212 hunc
633 1151 713 1213 diem
741 1155 767 1213 si
787 1155 974 1223 manseritis,
1002 1169 1064 1214 non
1086 1151 1206 1215 exibitis
1229 1157 1364 1219 nisiex·

181 1253 287 1313 conati
308 1259 338 1313 et
363 1250 499 1330 spoliati,
521 1270 584 1315 non
605 1254 777 1328 manifeste,
801 1254 856 1318 sed
874 1255 1083 1326 fraudulenter
1096 1262 1127 1317 et
1142 1254 1272 1331 dolose;
1296 1275 1363 1322 sua·

182 1354 240 1416 deo
262 1355 349 1416 robis
372 1354 509 1416 omnibus
533 1357 644 1431 modis,
679 1366 712 1420 ut
741 1377 802 1421 non
834 1361 981 1423 maneatis
1008 1361 1039 1420 in
1070 1356 1127 1420 bac
1159 1358 1272 1433 domo,
1307 1378 1363 1442 ego

181 1455 344 1537 pmvidebo
367 1457 466 1529 vobis,
498 1461 608 1538 inquit,
639 1462 676 1523 de
704 1478 814 1522 securo
844 1467 875 1522 et
896 1461 976 1525 bono
998 1462 1145 1541 hospitio,
1181 1470 1214 1525 et
1238 1463 1362 1537 addidit,

180 1564 267 1626 nobis
288 1565 420 1625 recitans
442 1569 554 1627 statum
576 1564 780 1645 Tanguardini
800 1565 927 1644 hospitis
948 1567 1044 1626 nostri
1073 1565 1148 1627 satis
1177 1567 1360 1642 terribilem,

181 1665 304 1728 dicens:
335 1667 425 1730 homo
447 1671 505 1729 iste
528 1678 616 1732 natus
639 1668 772 1731 iudaeus
803 1677 851 1731 est
882 1667 921 1729 ds
943 1668 1045 1729 Sicilia
1078 1674 1111 1729 ot
1131 1667 1227 1730 Rabbi
1251 1673 1287 1732 in
1309 1670 1360 1734 lu·

181 1769 295 1830 daismo
318 1769 430 1843 lactus,
464 1771 608 1835 derelicto
641 1779 742 1833 autem
776 1770 959 1833 Judaeomm
988 1786 1090 1832 errore
1123 1769 1161 1833 ad
1195 1772 1362 1835 ecclesiam

181 1871 291 1934 christi
315 1875 483 1938 convolavit
506 1884 537 1938 et
558 1877 678 1938 scholas
701 1874 897 1954 frequentans
931 1871 1040 1934 doctus
1072 1873 1104 1933 in
1136 1870 1229 1935 latina
1257 1874 1362 1956 lingua

179 1975 275 2037 lactus
299 1984 362 2049 est,
386 1977 441 2039 luit
464 1986 494 2041 et
517 1983 549 2042 ln
571 1979 723 2057 theologia
744 1980 926 2046 instmctus‚
950 1974 987 2036 ad
1010 1974 1185 2037 clericatum
1208 1981 1360 2056 pervenit

178 2080 211 2139 in
240 2097 300 2158 quo
329 2098 386 2161 per
413 2089 534 2163 tompus
565 2083 664 2145 oldcio
692 2080 813 2166 iunctus
844 2078 960 2157 aufugit
991 2083 1022 2139 et
1055 2077 1093 2138 ad
1114 2077 1307 2142 Sauaoenos
1327 2098 1360 2143 se

180 2185 307 2246 contulit
331 2192 362 2246 et
386 2185 530 2264 abnegata
551 2185 609 2246 fide
633 2184 742 2247 Christi
764 2181 956 2244 blachometo
979 2180 1183 2258 juramentum
1206 2185 1361 2260 praestitit
1434 2204 1436 2209 ·

179 2293 211 2348 et
233 2287 270 2350 ad
292 2291 406 2350 curiam
429 2287 551 2350 Soldani
574 2297 716 2367 receptus
739 2286 836 2349 lactus
860 2291 907 2346 est
930 2285 1014 2347 dives
1047 2290 1078 2345 et
1106 2289 1217 2362 potens
1239 2283 1358 2348 Mama-

178 2389 265 2452 lucus
288 2399 318 2453 et
341 2395 415 2454 emit
438 2410 454 2453 a
477 2392 608 2453 Soldano
631 2409 738 2453 omnes
762 2390 892 2452 ludaeos
922 2397 954 2450 et
982 2387 1167 2449 Christianos
1195 2387 1229 2447 in
1259 2393 1359 2452 terras

179 2512 248 2556 suas
271 2498 445 2567 venientes,
478 2513 554 2573 quos
578 2497 711 2556 excoriat
733 2495 849 2555 astutiis
873 2500 904 2554 et
927 2489 1137 2553 calliditatibus
1160 2494 1191 2549 et
1214 2490 1358 2552 mirabili·

105 2650 110 2659 .
177 2602 233 2663 bus
257 2599 516 2662 adinventionibus
541 2597 607 2679 (sl
622 2594 676 2677 a).
720 2599 839 2675 Recipit
862 2597 942 2657 enim
971 2592 1131 2672 pecuniam
1159 2607 1216 2670 per
1243 2589 1292 2653 ias
1328 2599 1358 2655 et

178 2704 263 2764 nefas
286 2708 317 2764 et
340 2705 398 2762 scit
420 2704 495 2762 mira
517 2702 663 2763 suavitate
687 2699 828 2783 affectum
850 2699 1080 2777 peregrinorum
1109 2695 1165 2756 sibi
1194 2695 1357 2768 attrahere,

178 2811 213 2865 ut
234 2807 331 2883 possit
353 2822 390 2865 ex
413 2804 613 2881 consequenti
636 2820 741 2863 eorum
762 2803 868 2865 bursas
891 2814 1039 2862 evacuare
1063 2803 1095 2857 et
1128 2795 1165 2856 de
1196 2796 1241 2856 sic
1275 2798 1357 2860 male

179 2909 337 2985 acquisitis
358 2908 494 2986 pecuniis
518 2905 627 2966 ditatus
651 2904 812 2966 esthemo
835 2906 962 2984 etpemit
985 2903 1099 2987 curiam
1121 2902 1212 2962 istam
1235 2905 1267 2960 et
1283 2903 1358 2962 emit
1394 2968 1397 2978 ,

178 3010 318 3090 pulchras
352 3026 461 3071 uxores
490 3016 519 3070 et
552 3011 626 3070 emit
655 3009 752 3071 officia
783 3009 882 3087 aliqua
913 3004 1095 3085 reipublicae
1124 3009 1156 3065 et
1186 3005 1218 3065 in
1240 3005 1357 3065 malum
1398 3004 1402 3012 '

178 3130 267 3172 suum
289 3111 386 3173 tactus
411 3118 459 3171 est
479 3110 656 3173 fortunatus.
702 3111 756 3173 llis
779 3109 887 3172 auditis
910 3111 1080 3187 rogavimus
1096 3106 1299 3179 Franciscum,
1321 3114 1357 3168 ut

178 3212 258 3275 aliud
287 3215 452 3292 hospitium
481 3232 536 3292 pro
565 3216 652 3276 nobis
684 3213 858 3292 disponeret
888 3218 919 3272 et
951 3212 1112 3272 reveniret.
1158 3210 1210 3271 Sic
1238 3225 1356 3288 ergoa

176 3316 263 3376 nobis
295 3318 431 3393 recessit.
482 3315 601 3379 Interea
630 3317 850 3397 Tanguardinis
883 3316 1012 3377 surrexit
1047 3320 1077 3374 et
1107 3330 1163 3392 per
1193 3313 1356 3374 circuitum

177 3419 285 3481 domus
308 3437 381 3481 suae
404 3417 544 3481 discurrit
566 3439 635 3483 cum
658 3422 752 3482 servis
775 3427 807 3479 et
829 3417 963 3489 ancillis,
987 3433 1122 3478 cameras
1138 3422 1170 3476 et
1182 3414 1356 3479 habitacula

176 3525 338 3604 pronubis
362 3541 480 3602 parans.
526 3522 745 3587 advocavimus
779 3541 851 3603 ergo
884 3523 981 3605 virum
1003 3526 1034 3580 et
1057 3519 1183 3580 diximus
1206 3519 1235 3577 ei
1257 3517 1356 3582 latina

176 3630 293 3708 linqua:
326 3645 415 3701 ecce,
447 3627 567 3690 domine
590 3628 875 3697 Trutschelmanne‚
908 3627 1055 3686 timemus
1083 3624 1168 3684 vobis
1191 3637 1261 3682 esse
1285 3639 1355 3702 gra-

175 3748 297 3803 vamen,
320 3731 389 3792 ideo
411 3729 570 3803 nolumus,
594 3730 676 3810 quod
699 3730 806 3792 domus
828 3735 929 3792 vestra
951 3746 1007 3806 per
1029 3745 1084 3787 nos
1108 3729 1354 3815 occupetur,„ne

177 3831 242 3892 aliis
273 3831 522 3911 impedimentum
555 3839 759 3913 praestemus,
791 3833 881 3892 liceat
913 3849 985 3910 ergo
1016 3831 1118 3901 nobis,
1156 3844 1354 3906 quaesumus,

176 3952 321 4014 quaerere
342 3938 473 3999 Francos
497 3918 698 4009 Christianos,
729 3953 799 3996 cum
822 3935 929 4014 quibus
952 3950 1074 3995 manere
1098 3947 1261 4013 possumus
1284 3934 1354 3994 stne

176 4035 302 4115 alicujus
324 4038 517 4119 praejudicio.
563 4039 628 4100 lloc
651 4057 720 4100 cum
742 4036 876 4098 audisset
889 4040 935 4100 vir
948 4038 999 4099 ille
1016 4045 1150 4109 astutus,
1173 4037 1354 4099 immutatus

176 4146 224 4202 est
245 4141 323 4204 facie
345 4149 470 4225 etcum
491 4159 599 4221 magna
619 4141 696 4204 turia
718 4142 880 4204 licentiavit
900 4159 956 4205 nos
984 4141 1109 4204 dicens:
1138 4156 1208 4214 vos,
1240 4140 1353 4219 inquit,
