2874 4770
688 152 752 223 159

134 331 212 392 datis
236 332 281 391 eis
304 329 456 408 aliquibus
476 327 604 390 madinis
626 336 659 390 et
678 330 809 408 ingressi
839 326 1082 397 adorarimuset
1103 327 1307 406 indulgentias

135 431 185 514 (†)
196 422 380 512 accepimus.
404 432 522 493 Deinde
533 440 677 494 exeuntes
686 436 717 493 in
728 434 859 512 plateam
872 433 1045 492 resenimus
1060 439 1091 492 et
1105 432 1207 492 locum
1223 434 1307 494 illum

135 537 307 616 diligentius
331 535 603 607 consideravimus,
627 539 697 614 quia
718 539 749 596 in
771 537 822 596 illa
843 535 942 614 platea
963 538 1045 614 virgo
1068 555 1152 598 saera
1167 534 1221 615 ab]
1239 556 1305 598 ere-

137 645 218 705 ditur
240 644 333 704 ioisse
356 643 484 721 flagellis
508 660 605 704 caesa.
649 642 682 703 ln
705 643 755 704 illa
779 646 870 704 etiarn
891 642 1012 703 fuerunt
1032 642 1102 701 illae
1125 642 1202 703 duae
1220 650 1307 703 rotae

135 748 293 809 horribiles
309 754 438 818 erectae,
456 746 563 824 quibus
578 749 663 825 virgo
678 747 808 825 gloriosa
824 747 1056 824 discerperetur,
1071 745 1126 806 sed
1141 747 1177 806 ab
1191 747 1307 825 angelis

134 852 256 912 luerunt
279 851 461 912 destructae.
506 850 590 911 Haec
613 858 716 911 autem
737 852 856 929 ligneae
877 857 962 910 rotae
986 849 1100 910 duabus
1129 853 1307 911 marmoreis

133 955 283 1016 columnis
317 955 564 1017 sustentabantur
595 964 627 1017 et
656 958 688 1016 iu
718 956 981 1017 eisrolrebantur
1003 956 1124 1016 stillae
1147 957 1306 1016 columnae

132 1078 229 1138 usque
261 1061 351 1121 hodie
376 1061 421 1129 ‚ibi
454 1069 576 1122 manent
607 1062 639 1120 in
671 1062 818 1121 eminenti
850 1078 943 1138 super
964 1076 1085 1119 murum
1114 1060 1230 1119 locatae
1252 1056 1308 1118 m

132 1166 269 1243 passibus
293 1165 329 1224 ab
351 1166 482 1225 invicem
503 1163 660 1225 distantes.
704 1164 780 1224 t'iso
802 1165 870 1224 loco
884 1164 938 1224 illo
951 1170 1033 1224 extra
1048 1163 1155 1222 urbem
1168 1165 1308 1223 renimus

132 1267 170 1330 ad
191 1270 294 1330 locum
318 1266 527 1329 decollationis
548 1270 692 1346 virginis,
710 1268 755 1341 ibi
775 1269 807 1327 iu
829 1275 943 1328 terram
959 1266 1144 1345 procidimus
1159 1274 1191 1327 et
1206 1268 1310 1327 locum

131 1373 281 1450 passionis
304 1372 547 1433 deoscularimus
574 1370 725 1432 recordati
746 1371 803 1441 ibi,
825 1370 979 1449 quomodo
1004 1371 1052 1430 lae
1078 1390 1134 1450 pro
1160 1372 1306 1447 sanguine

133 1475 170 1536 de
194 1476 271 1537 collo
295 1476 430 1536 abscisso
452 1477 552 1554 capite
572 1473 658 1535 lluxit
672 1479 704 1533 et
717 1492 772 1552 pro
787 1475 836 1534 sui
850 1476 1026 1534 memoriam
1042 1474 1199 1552 agentibus
1213 1472 1310 1532 orarit

134 1587 164 1639 et
188 1599 247 1658 quo
271 1578 361 1639 modo
385 1579 420 1638 ab
444 1578 502 1637 hoc
524 1584 610 1656 rapta
633 1577 732 1637 subito
764 1595 821 1655 per
852 1577 977 1655 angelos
1006 1579 1038 1639 in
1067 1583 1204 1636 montem
1225 1576 1310 1636 Sinai

136 1686 294 1764 deportata
315 1684 380 1743 tuit
418 1681 587 1744 Creduntur
609 1683 701 1742 etiarn
722 1683 753 1741 in
775 1682 844 1741 loco
863 1680 916 1740 rllo
931 1683 1145 1759 quinquaginta
1159 1680 1308 1751 rhetores,

135 1805 210 1866 quos
234 1787 265 1847 S.
290 1786 449 1846 Catharina
471 1787 635 1855 convertit,
658 1783 787 1846 flammis
808 1784 928 1862 injecti,
950 1784 1004 1844 sed
1027 1784 1208 1845 incombusti
1230 1786 1307 1844 emi·

134 1897 293 1970 graverunt
315 1890 386 1975 hinc
409 1890 447 1952 ad
475 1892 609 1962 coelum;
634 1899 665 1951 et
687 1909 762 1951 uror
782 1889 977 1969 imperatoris
991 1887 1137 1949 Maxentii
1159 1906 1308 1949 conversa

133 1996 174 2054 ibi
197 1995 252 2056 init
276 2001 354 2054 torta
386 2003 417 2055 et
441 1994 605 2068 decollata;
637 2002 669 2055 et
689 1993 873 2073 Porphyrius
901 2011 972 2054 cum
999 1991 1140 2053 ducentis
1161 1994 1315 2053 militibus

132 2106 162 2159 et
185 2099 270 2160 multi
292 2099 340 2160 alii
364 2101 459 2160 sancti
483 2099 648 2161 creduntur
667 2100 701 2159 in
723 2099 791 2159 loco
811 2099 863 2159 illo
884 2114 942 2176 per
954 2104 1098 2176 tyrannos
1112 2098 1306 2175 martyrizati.

129 2203 163 2263 ln
185 2204 251 2264 loco
274 2204 326 2264 illo
349 2208 431 2263 stant
453 2202 530 2264 duae
553 2203 714 2264 columnae
736 2219 940 2271 marmoreae,
962 2216 1091 2278 quarum
1110 2218 1168 2260 una
1184 2201 1307 2269 tonuit,

133 2314 164 2367 et
180 2315 225 2367 est
243 2308 329 2367 locus
343 2306 526 2385 venerabilis
540 2313 603 2366 tam
618 2306 797 2366 Christianis
820 2322 911 2384 quam
925 2307 1060 2382 paganis.
1103 2305 1170 2365 b'on
1185 2304 1273 2383 longe
1289 2319 1308 2365 a

131 2410 200 2469 loco
224 2416 282 2470 stat
303 2426 364 2469 una
386 2408 508 2486 mandis
531 2415 562 2467 et
585 2410 644 2469 alta
672 2410 825 2480 columna,
855 2412 887 2469 in
917 2410 1002 2480 loco,
1031 2410 1084 2470 ubi
1111 2409 1306 2471 Ptolemaeus

132 2511 311 2591 Pompejum
333 2512 504 2572 Romanurn
532 2520 637 2573 contra
671 2512 832 2575 Caesarem
863 2514 1065 2575 reluctantem
1093 2514 1252 2577 decollavit
1275 2519 1308 2574 et

133 2618 289 2677 nominant
311 2634 378 2676 earn
401 2615 493 2676 hodie
516 2617 688 2679 columnam
709 2581 930 2697 pordpejanam

217 2719 272 2783 His
293 2721 365 2781 visis
388 2722 552 2799 reingressi
574 2724 680 2784 urbem
700 2743 806 2785 sumus
828 2732 860 2785 et
880 2742 939 2804 per
957 2724 1069 2786 multas
1089 2727 1190 2786 ruinas
1213 2725 1306 2784 mise·

132 2826 241 2886 rabiles
266 2830 297 2886 et
320 2825 385 2887 loca
409 2826 543 2888 desolata
565 2829 597 2889 in
621 2830 742 2890 civitate
765 2828 944 2892 devenimus
963 2830 995 2889 in
1018 2830 1121 2890 locum
1135 2832 1229 2890 ruinis
1241 2829 1306 2906 jaro

130 2930 306 3005 distortum,
335 2934 365 2991 in
397 2949 457 3009 quo
486 2933 639 3009 quondam
660 2930 882 3012 imperatorum
909 2934 1055 3011 palatium
1084 2933 1180 2994 luisse
1202 2932 1307 2993 dieunt

131 3041 162 3095 et
183 3033 384 3096 Alexandrum
405 3033 448 3096 Μ.
472 3036 554 3097 urbis
576 3036 770 3099 fundatorem
791 3040 833 3099 ibi
853 3039 1007 3100 habitasse
1021 3038 1168 3100 referunt
1199 3038 1233 3099 ln
1247 3039 1306 3099 hoe

129 3138 197 3198 loco
220 3145 278 3201 stat
301 3138 390 3200 hodie
412 3157 473 3201 una
494 3141 667 3218 spectabilis
691 3149 722 3202 et
744 3142 872 3205 multum
885 3143 1030 3205 mirabdis
1044 3144 1194 3215 coturnos,
1216 3147 1306 3204 unius

130 3243 251 3321 quidem
274 3244 397 3323 lapidis,
421 3244 477 3305 sed
498 3247 593 3306 rnirae
616 3246 782 3308 altitudinis
806 3254 837 3307 et
851 3246 1082 3325 magnitudinis,
1102 3246 1142 3308 de
1156 3264 1306 3307 mannore

127 3348 218 3409 rubro
242 3350 357 3421 ercisa3
381 3350 539 3410 summitas
563 3350 630 3427 ejus
653 3358 701 3411 est
723 3358 811 3413 acuta
829 3352 889 3421 ita,
911 3358 945 3412 ut
960 3368 977 3412 a
991 3351 1098 3430 procul
1113 3353 1307 3413 cernentibus

127 3450 268 3515 credatur
292 3469 361 3519 esse
384 3454 475 3512 turris
497 3470 557 3513 non
587 3470 695 3531 parum
724 3454 785 3514 alta
814 3460 946 3525 murata,
977 3453 1223 3533 quadrangularis
1258 3460 1307 3516 est

127 3562 158 3615 et
180 3557 211 3615 in
234 3555 398 3634 parietibus
422 3560 494 3614 sunt
515 3555 652 3634 sculptae
674 3555 788 3634 figurae
812 3556 985 3616 animalium
1006 3557 1175 3619 volatilium
1190 3566 1221 3620 et
1237 3575 1306 3638 gra·

127 3658 274 3720 dientium
290 3665 320 3717 et
332 3658 445 3736 figurae
455 3659 725 3720 instrumentorum
736 3658 884 3719 artiticum
896 3660 1169 3722 mechanicoruma
1185 3679 1306 3724 sommo

125 3781 223 3842 usque
239 3763 394 3834 deorsum,
417 3779 475 3823 nec
497 3770 598 3840 potest
621 3764 729 3842 aliquis
745 3780 826 3825 nunc
839 3766 934 3836 scire,
956 3765 1028 3845 quid
1044 3765 1213 3845 significent
1227 3771 1305 3827 istae

125 3869 248 3946 figurae.
296 3864 428 3940 Quidam
449 3877 552 3929 tamen
573 3869 739 3931 indubitate
754 3876 874 3943 tenent,
898 3870 978 3950 quod
998 3872 1072 3934 olim
1087 3879 1207 3933 veteres
1229 3874 1306 3933 ml

125 3971 234 4033 bebant
257 3989 328 4033 suas
351 3974 517 4051 scripturas
540 3972 649 4035 talibus
671 3973 895 4035 characteribus
926 3982 958 4036 et
990 3974 1072 4055 qood
1094 3976 1134 4036 sit
1157 3974 1306 4054 quaedam

125 4076 282 4154 scriptura.
327 4074 421 4147 Nam,
455 4082 489 4137 ut
523 4076 617 4137 refert
649 4077 800 4139 Eusebius
830 4079 869 4141 de
899 4078 1013 4159 Erang.
1036 4078 1198 4158 Praepar.,
1232 4082 1308 4140 otira

125 4177 246 4243 litterae
266 4177 452 4258 Aethiopum
475 4178 599 4243 luerunt
628 4181 742 4260 figurae
765 4183 952 4258 animalium
975 4183 1184 4245 membrorum
1205 4189 1238 4245 et
1258 4187 1306 4245 in·
