2874 4770
749 173 815 242 141-

194 347 413 429 cujuscumque
436 354 468 411 et
488 349 571 412 nulla
585 351 727 429 passione
742 351 910 423 vincuntur,
934 360 993 430 qut
1007 353 1184 412 moveantur
1198 349 1369 413 inhumani

194 455 347 532 sanguinis
371 451 560 514 effusionem.
607 451 696 524 Quod
727 454 864 533 proiecto
888 451 1062 515 rationabile
1086 460 1150 527 est,
1165 525 1166 529 Ἰ
1181 453 1314 517 divinum
1337 459 1369 516 et

191 554 320 632 justum.
359 555 477 618 Interea
500 557 624 618 fuerunt
646 556 732 617 multi
756 556 830 617 dure
852 557 989 634 percussi
1005 562 1035 616 et
1050 546 1199 638 pauperes
1216 557 1369 619 camelarii

194 660 340 721 rusticelli
362 659 507 722 sedebant
536 661 736 722 lamentantes
760 665 791 719 et
814 660 995 732 clamabant,
1024 678 1059 721 se
1088 663 1269 724 innocenter
1297 679 1367 741 per·

195 779 317 836 cussos,
329 810 330 815 η
340 764 449 842 quibus
464 770 650 849 mercatores
667 762 815 836 dicebant,
839 763 920 842 quod
935 764 1038 843 plagas
1053 770 1084 825 et
1099 765 1224 827 verbera
1239 767 1367 826 meruis-

194 873 278 939 sent,
310 885 365 946 pro
397 885 452 940 eo,
485 866 571 947 quod
589 867 770 953 Christianis·
799 869 921 930 canibus
955 874 986 929 et
1008 867 1130 932 Francis
1154 869 1275 931 ribaldis
1298 874 1368 932 ante

196 969 377 1033 Sarracenos
400 973 514 1033 servire
536 970 713 1044 voluisseut,
729 977 769 1032 ‘et
792 990 861 1034 cum
875 972 935 1033 boo
957 974 1053 1034 minas
1077 974 1121 1033 eis
1144 973 1283 1035 iecerunt
1305 991 1367 1035 enr-

194 1076 290 1154 pliora
304 1077 477 1149 inferendi,
502 1079 528 1138 si
550 1073 636 1138 nobis
659 1082 729 1138 aute
752 1079 797 1138 eis
820 1080 978 1141 servirent.
1024 1076 1096 1138 Post
1117 1077 1272 1140 modicum
1293 1078 1369 1139 alter

193 1183 274 1242 venit
296 1199 367 1243 cum
382 1182 445 1243 suis
460 1182 582 1244 camelis
598 1181 636 1243 ad
650 1200 724 1254 nos,
748 1180 879 1242 offerens
895 1200 930 1243 se
946 1164 1106 1242 ducturum
1121 1187 1153 1242 et
1167 1181 1368 1243 conventione

194 1282 272 1346 lacta
306 1287 416 1347 iterum
448 1286 527 1348 sicut
557 1272 673 1366 primus
706 1292 902 1348 accurrerunt
936 1292 967 1346 et
996 1287 1108 1347 bestias
1139 1284 1177 1347 ed
1198 1302 1253 1346 sua
1276 1299 1369 1346 onera

195 1385 358 1461 duxerunt3
383 1389 439 1451 scd
461 1397 493 1451 et
514 1385 614 1452 tertio·
627 1391 710 1452 idem
732 1393 866 1470 contigit.
913 1389 1053 1451 Sedimus
1070 1408 1146 1470 ergo
1160 1408 1229 1452 oum
1247 1391 1369 1451 tristitia

195 1497 226 1552 et
248 1491 474 1572 desperavimus
497 1487 564 1556 non‘
578 1513 670 1574 posse
701 1494 739 1555 de
763 1495 907 1574 Canopon
941 1493 1086 1555 recedere
1116 1497 1252 1567 interim,
1288 1491 1370 1572 quod

195 1613 273 1657 unus
297 1615 403 1659 saccus
433 1601 465 1661 in
497 1598 599 1660 littore
628 1598 754 1677 jaceret.
800 1601 881 1661 Dum
914 1605 1016 1660 autem
1049 1597 1164 1660 duabus
1195 1599 1244 1661 vel
1274 1597 1368 1661 tribus

195 1700 277 1760 horis
300 1701 340 1760 ibi
363 1700 559 1775 sedissimus,
582 1706 713 1765 arcessit
729 1703 767 1766 ad
782 1722 839 1765 nos
854 1703 976 1782 quidam
987 1700 1127 1775 Maurus,
1149 1705 1195 1764 vir
1210 1708 1368 1780 protervus

196 1803 233 1864 de
255 1803 437 1866 Mauritania
458 1807 535 1868 ultra
558 1798 749 1887 Aegyptum,
778 1810 983 1886 interrogans,
1006 1818 1046 1867 an
1069 1825 1138 1867 cum
1162 1825 1199 1867 66
1221 1807 1369 1869 vellemus

195 1908 370 1987 proticisci?
402 1910 439 1970 Et
461 1911 577 1985 audito,
600 1900 693 1991 ¹quod
715 1915 776 1994 sic,
806 1912 937 1996 adducto
968 1916 1038 1972 sunt
1068 1911 1176 1972 carneli
1205 1913 1370 1972 etiterum

195 2016 385 2075 oneravimus
417 2017 548 2095 quinque
579 2017 725 2078 camelos'
739 2034 798 2078 nec
827 2019 941 2088 curavit
969 2016 1190 2095 negotiatorum
1222 2017 1369 2078 clamores

194 2134 289 2196 seque
313 2120 349 2179 ab
373 2119 417 2178 eis
441 2118 578 2181 defendit
601 2109 632 2183 et
654 2120 784 2200 quadam
798 2120 940 2183 violentia
960 2137 1033 2181 usus
1050 2137 1100 2181 res
1115 2125 1233 2181 nostras
1249 2122 1370 2200 aptavit,

192 2230 402 2283 verumtamen
435 2240 508 2284 suus
543 2232 669 2285 conatus
702 2243 765 2285 non
794 2225 851 2285 iuit
884 2226 1036 2294 sincerus,
1078 2221 1134 2282 sed
1168 2222 1272 2284 dolose
1308 2225 1370 2302 egit

196 2327 363 2386 uobiscum.
409 2325 536 2386 Dicebat
559 2328 640 2386 enim
667 2343 794 2388 neccsse
818 2328 887 2387 ess‘e
902 2328 1036 2406 quinque
1052 2327 1200 2399 camelos,
1224 2345 1294 2387 cum
1309 2325 1370 2388 duo

187 2427 244 2488 -vel
268 2426 305 2488 ad
327 2427 424 2506 majus
456 2435 518 2490 tres
552 2430 652 2490 omnia
681 2430 759 2489 bene
788 2435 961 2508 portassent
993 2436 1024 2489 et
1053 2430 1111 2491 hoc
1141 2430 1214 2491 fecit
1246 2435 1371 2511 propter

197 2534 286 2611 pretii
303 2535 601 2611 ·augmentationem;
626 2539 657 2592 et
681 2550 750 2593 cum
774 2516 879 2592 saccos
902 2537 1022 2592 nostros
1046 2539 1077 2594 et
1100 2541 1218 2614 sportas
1234 2551 1369 2596 commu·

196 2654 251 2696 nes
274 2633 491 2717 imposuissent
514 2639 639 2698 camelis
661 2637 759 2719 noluit
782 2643 886 2696 s'accos
911 2642 942 2697 et
964 2642 1083 2714 sportas
1114 2624 1289 2716 personales
1320 2656 1369 2700 ac·

197 2744 298 2820 cipere
321 2744 379 2802 nisi
402 2761 456 2821 pro
490 2747 567 2806 bovo
599 2744 712 2821 pretio,
748 2734 862 2805 dimisit
893 2741 984 2801 etiam
1017 2742 1165 2818 quaedam
1200 2743 1371 2809 communia

191 2843 309 2922 jacere,
342 2863 419 2924 quae
442 2847 538 2907 noluit
561 2847 685 2918 tollere,
715 2848 772 2909 nisi
796 2844 959 2906 adderetur
982 2845 1094 2922 ailquid
1117 2848 1215 2924 pretio
1239 2862 1369 2907 conven-

195 2953 296 3010 tionis.
343 2950 483 3012 Oneratis
499 2953 624 3013 camelis
641 2949 838 3010 conduximus
854 2950 969 3020 asinos,
992 2951 1024 3009 in
1041 2950 1149 3028 quibus
1165 2968 1221 3011 nos
1237 2951 1369 3012 camelos

195 3071 396 3132 sequeremur
418 3073 487 3116 cum
510 3058 622 3116 nostris
646 3053 799 3134 sportellis
824 3060 855 3114 et
877 3051 1025 3114 saccellis.
1066 3053 1189 3115 Cunctis
1213 3072 1284 3133 ergo
1308 3053 1369 3116 dis·

196 3159 301 3234 positis
325 3159 360 3217 ab
384 3160 461 3219 ostio
477 3158 678 3219 Heracliotico
694 3158 877 3240 recessimus
893 3175 947 3235 per
964 3157 1102 3218 sabulum
1117 3160 1148 3219 in
1164 3162 1253 3220 maris
1269 3158 1369 3219 littore

196 3260 431 3338 praecedentes3
464 3261 586 3338 quidam
609 3269 711 3346 autem
736 3262 894 3322 Sarraceni
916 3279 972 3321 nos
997 3279 1066 3321 cum
1088 3263 1133 3322 ira
1156 3264 1369 3340 sequebantur,

195 3381 229 3424 66
252 3367 397 3424 asinarios
421 3372 636 3444 percusserunt
658 3383 775 3444 nosque
799 3365 837 3426 de
861 3367 953 3426 asinis
982 3363 1153 3441 rejecerunt
1182 3374 1212 3428 et
1242 3383 1369 3447 magnae

195 3469 263 3528 lites
287 3474 318 3528 et
341 3471 550 3529 contentiones
573 3470 614 3529 ibi
637 3458 775 3541 fuerunt,
808 3476 951 3529 conantes
984 3472 1083 3530 asinos
1115 3470 1152 3531 ad
1175 3473 1286 3533 ostium
1310 3471 1369 3532 Nili

196 3574 352 3636 reducere.
398 3574 469 3635 lllae
499 3556 606 3636 autem
621 3575 791 3637 discordiae
814 3581 847 3635 ut
869 3576 900 3634 in
922 3575 1086 3653 plurimum
1108 3583 1232 3655 propter
1253 3576 1368 3655 lingua·

102 3728 111 3751 .,
196 3698 263 3740 rum
287 3678 496 3739 confusionem
520 3686 618 3751 erent,
642 3698 698 3740 666
722 3680 804 3740 enim
827 3695 932 3739 causas
953 3679 1073 3740 illorum
1088 3698 1149 3765 non
1164 3680 1369 3758 intelligimus,

118 3778 162 3870 ³154
195 3802 253 3845 nec
268 3786 326 3862 ipsi
341 3802 396 3843 nos
413 3790 444 3844 et
459 3784 639 3861 passionatis
657 3783 947 3844 conclamationibus.
959 3781 1140 3844 offendimus
1155 3802 1211 3876 pos
1227 3785 1367 3847 invicem.

153 3884 249 3962 '³·llle
273 3890 364 3948 etiam
386 3886 411 3947 T
413 3887 674 3953 rutschelmannus
697 3886 797 3949 Halliu
820 3887 932 3964 probus
947 3886 1038 3947 homo
1053 3886 1184 3948 nonfuit
1199 3886 1370 3950 sed-vexari

197 3971 252 4052 des
284 3993 421 4070 permisit
452 3997 483 4051 et
513 4008 644 4069 nequam
674 3991 712 4051 ad
740 3990 900 4051 infortunia
931 3998 1033 4052 nostra
1062 3993 1140 4054 visit.
1188 3991 1265 4052 Cum
1296 4009 1369 4070 ergo

197 4095 377 4157 vidissemus
400 4095 607 4157 difficultatem
630 4093 712 4157 illam
736 4112 804 4154 cum
823 4096 929 4168 asinis,
952 4097 1170 4176 resignavimus
1187 4112 1240 4155 eos
1255 4102 1286 4156 et
1300 4100 1386 4184 post.

199 4198 331 4260 camelos
353 4198 458 4278 pedes,
472 4199 677 4272 cucurrimus,
701 4201 822 4261 asinarii
845 4206 946 4260 autem
967 4199 1184 4279 precabantur,
1207 4216 1263 4259 nos
1286 4215 1368 4260 reas·
