2874 4770
681 161 749 231 419

128 342 269 400 notorum
292 335 510 400 disertissimus
532 342 634 398 orator
654 333 697 397 ll.
719 334 832 398 Auton.
855 334 1022 397 Sabellicus
1046 337 1079 397 iu
1101 335 1179 397 libro
1199 352 1303 398 rerum

129 440 315 505 Venetorum
338 440 426 502 altius
449 440 618 517 claudusque
641 439 680 500 de
701 439 750 499 his
771 438 925 501 disserens
947 439 1038 512 dicit,
1059 440 1141 519 quod
1163 439 1195 501 S.
1219 439 1302 502 blar-

131 562 202 618 cus,
235 542 309 607 dum
331 544 428 606 adhuc
449 545 565 605 viveret
586 544 617 603 in
646 542 785 603 humanis
817 549 850 602 ct
870 541 1027 621 Aquileiae
1059 542 1200 623 degeret,
1232 543 1304 605 duci

131 665 165 710 sa
183 644 276 723 jussit
298 649 328 709 in
350 649 441 710 barca
465 646 502 709 ad
525 648 625 708 locum
640 646 809 708 insularum
823 645 1020 708 venetiarum
1041 654 1111 708 autc
1131 648 1215 708 urbis
1229 665 1302 709 cou-

131 753 321 813 stitutionem
349 752 451 831 ibique
484 751 586 813 diuino
616 750 743 813 edoctus
774 748 897 811 oraculo
928 756 1033 833 aperte
1053 751 1118 811 suis
1146 748 1303 829 discipulis

131 854 217 927 dixit,
240 855 339 917 locum
363 857 559 934 requietionis
582 855 697 917 ossium
719 872 845 916 suorum
869 854 909 915 ibi
933 871 1003 915 esse
1025 855 1306 932 etiusiguissimaur

129 961 281 1021 civitatem
312 960 353 1021 ibi
375 960 524 1033 futuram,
559 959 741 1039 apostolicae
768 957 841 1019 lidei
871 975 946 1019 suae
974 957 1142 1037 fulgoribus
1169 964 1305 1019 caeteras

128 1061 325 1126 illustrantem
347 1066 487 1143 regiones
511 1070 569 1124 etc.
615 1062 688 1124 Post
716 1063 891 1142 passionem
923 1068 957 1122 et
976 1059 1175 1122 Alexandriae
1204 1060 1307 1122 multis

129 1168 286 1229 transactis
326 1169 411 1228 aunis
444 1166 592 1229 Soldauus
625 1166 756 1246 Aegypti
782 1184 835 1227 rer
867 1182 995 1244 regnum
1034 1164 1092 1226 sibi
1131 1170 1307 1226 constmerc

127 1276 263 1332 statuens
286 1270 431 1331 eeclesias
455 1268 567 1331 Christi
588 1269 748 1330 destruere
778 1270 881 1347 coepit
904 1275 937 1329 et
963 1266 1036 1329 inde
1065 1270 1204 1348 egregios
1237 1270 1306 1330 abs·

128 1372 196 1434 tulit
225 1372 357 1451 lapides,
388 1374 419 1435 in
453 1375 500 1434 sui
528 1374 630 1452 palatii
659 1372 754 1434 decus
776 1390 921 1444 sumens;
954 1373 1034 1433 iuter
1056 1372 1132 1433 hacc
1160 1375 1252 1434 etiam
1273 1372 1305 1434 S.

128 1472 224 1537 lllarci
245 1475 369 1537 basilica
391 1474 515 1537 dissolri
538 1482 646 1556 coepta
667 1476 735 1535 luit.
780 1473 899 1537 luterea
928 1474 1034 1536 classis
1056 1474 1175 1537 Veneta
1203 1474 1305 1536 Xua·

129 1579 228 1649 vium,
263 1595 355 1657 quam
387 1575 537 1640 ducebant
566 1579 670 1641 bouus
693 1577 898 1640 Mediocensis
931 1584 961 1639 ct
994 1581 1127 1639 rusticos
1149 1578 1306 1640 Torcellus

132 1687 236 1744 contra
257 1682 412 1775 publicum
443 1682 576 1744 edictum
606 1685 636 1746 vi
656 1688 816 1745 ventorum
838 1684 938 1760 portui
962 1679 1165 1743 Alexandrino
1196 1680 1307 1760 injecta

131 1791 188 1846 est.
232 1785 300 1847 Duo
323 1805 396 1866 ergo
419 1788 525 1849 classis
548 1788 697 1865 capitanei
723 1785 870 1865 praedicti
903 1785 1064 1846 ecclesiam
1087 1786 1119 1846 S.
1142 1784 1238 1846 llarci
1260 1789 1306 1846 iu·

130 1889 244 1968 gressi,
267 1893 466 1969 semiruptam
489 1907 556 1951 eam
573 1897 747 1960 cernentes,
772 1887 889 1950 duobus
906 1889 1029 1949 Graecis
1046 1890 1201 1950 monacbis
1216 1889 1305 1951 Stau-

129 1994 207 2053 rario
230 1997 262 2052 et
284 1979 445 2055 Theodoro
469 1995 656 2055 mentionem
677 1992 816 2053 lecerunt
839 1992 877 2053 de
900 2010 987 2052 sacro
1010 2011 1137 2072 corpore
1160 1993 1192 2053 S.
1209 1991 1306 2053 Marci

127 2095 197 2156 inda
204 2095 414 2163 transferendo
420 2097 564 2158 Venetias
576 2103 608 2156 et
620 2102 788 2174 opportuna
802 2096 876 2155 bora
886 2102 989 2173 sporta
995 2105 1169 2175 exspectata
1180 2104 1306 2175 accepta

125 2216 211 2262 sacra
227 2198 398 2276 injecerunt
413 2201 491 2262 clam
514 2217 600 2271 ossa,
624 2198 677 2261 sed
693 2216 731 2259 ne
753 2205 939 2260 scrutatores
961 2217 999 2261 ea
1012 2202 1190 2272 invenirent,
1213 2218 1307 2279 super

126 2319 196 2363 ossa
224 2320 311 2365 sacra
342 2303 444 2365 caules
473 2310 641 2383 posueruut
669 2309 700 2364 et
723 2320 830 2364 carnes
857 2305 1015 2381 porcinas,
1049 2320 1125 2381 quas
1148 2304 1307 2365 Sarraceni

127 2406 298 2469 abhorrent.
343 2407 458 2469 Verum
480 2406 553 2468 dum
575 2410 621 2469 sic
644 2425 714 2469 ossa
736 2406 895 2478 ellerreut,
918 2412 1020 2468 tantus
1036 2409 1136 2486 erupit
1150 2405 1225 2468 odor
1239 2404 1306 2468 dul·

129 2510 285 2582 eissimus,
308 2516 341 2570 ut
363 2516 426 2572 tota
449 2517 644 2573 concurreret
667 2512 789 2582 civitas,
819 2528 877 2571 ucc
899 2517 1001 2571 tamen
1023 2509 1196 2590 intelligere
1216 2518 1305 2589 pote-

129 2619 212 2684 raut,
236 2613 316 2675 unde
339 2616 468 2695 spiraret
490 2615 626 2677 coelicus
648 2614 700 2674 illc
723 2614 808 2676 odor.
854 2614 905 2675 Sic
928 2621 1012 2675 ertra
1035 2621 1155 2694 portam
1177 2615 1307 2676 civitatis

130 2715 217 2777 allata
239 2716 277 2779 ad
300 2724 420 2798 portum
437 2719 546 2781 Gauair
568 2736 666 2798 usquc
682 2719 713 2778 in
729 2718 858 2780 classem
874 2719 1028 2792 tulerunt,
1051 2720 1101 2780 nbi
1116 2719 1185 2782 velo
1202 2719 1306 2799 grandi

129 2820 295 2888 involutum
317 2823 415 2902 ipsam
438 2830 599 2886 antennam
623 2842 692 2884 cum
713 2824 783 2886 velo
806 2825 837 2883 in
860 2822 953 2885 altum
975 2821 1046 2882 mali
1073 2829 1241 2894 traxerunt,
1273 2830 1307 2885 nt

127 2925 172 2984 sic
194 2926 320 2986 inveniri
349 2926 521 2990 nullatenus
552 2933 667 3008 posset.
712 2926 820 2989 llabito
851 2933 952 2988 autem
982 2933 1073 2989 rento
1095 2933 1306 3006 opportunos

130 3034 217 3108 portu
241 3047 310 3093 cum
331 3037 434 3110 optato
463 3032 607 3094 thesauro
638 3038 833 3093 recesserunt
865 3037 897 3091 et
920 3047 992 3092 cam
1021 3030 1125 3091 multis
1154 3031 1306 3091 miracolis

130 3149 226 3210 usque
249 3132 391 3195 venetias
424 3142 575 3198 venerunt
606 3152 703 3214 eaque
733 3153 803 3197 ossa
831 3135 996 3196 honorilice
1028 3137 1061 3195 iu
1082 3135 1150 3197 loco
1184 3135 1305 3195 occulto

130 3236 235 3315 templi
258 3237 467 3300 condiderunt.
512 3238 607 3300 l’orro
630 3255 709 3300 anuo
731 3239 884 3300 Domini.
909 3283 917 3298 .
942 3282 951 3298 .
973 3238 1127 3315 ignoratus
1150 3236 1207 3297 luit
1220 3238 1307 3298 locus

130 3340 269 3420 corporis
291 3338 324 3400 S.
348 3337 444 3401 Marci
467 3347 499 3402 et
522 3341 673 3403 creditum
696 3360 713 3402 a
733 3341 841 3420 vulgu,
863 3341 896 3400 S.
922 3340 1139 3419 evaugelisutm
1162 3339 1199 3399 ad
1216 3340 1307 3398 alium

130 3443 296 3520 emigrasse
319 3441 431 3502 locum.
475 3442 591 3505 ludicto
615 3451 717 3505 autem
738 3445 822 3503 omui
844 3441 926 3520 plebi
948 3440 1066 3518 jejunio
1098 3448 1131 3502 et
1156 3440 1309 3519 completo

131 3545 283 3606 antistites
308 3560 378 3603 cum
402 3545 484 3607 clero
506 3554 539 3607 et
561 3548 646 3607 omni
667 3546 781 3625 populo
805 3544 842 3606 ad
865 3542 972 3605 oedem
988 3543 1020 3604 S.
1036 3542 1132 3605 blarci
1154 3544 1308 3623 supplices

129 3653 293 3718 venerunt,
316 3652 389 3707 tuuc
411 3654 481 3726 post
502 3650 613 3711 multas
635 3666 745 3727 preces
760 3648 877 3709 eunctis
892 3645 1064 3708 ridentibus
1078 3647 1172 3708 altero
1188 3652 1308 3710 extento

129 3750 253 3814 brachio
276 3768 313 3812 er
333 3749 426 3811 humo
450 3770 483 3813 sc
506 3753 570 3813 suis
593 3753 708 3814 civibus
730 3749 879 3823 ostendit,
910 3748 991 3811 uude
1021 3749 1092 3812 inde
1119 3753 1254 3813 sublatus
1276 3759 1309 3813 et

131 3852 186 3935 (iu)
209 3855 417 3932 augustiorem
439 3855 540 3917 locum
571 3856 733 3917 translatus
762 3861 818 3916 est.
863 3852 952 3915 lluuc
984 3854 1085 3916 locum
1115 3872 1152 3917 ex
1181 3856 1306 3917 decreto

130 3957 206 4019 nulli
233 3956 278 4019 las
308 3965 357 4020 cst
390 3961 468 4020 scire
501 3960 559 4020 nisi
589 3960 717 4037 principi
745 3965 777 4021 ct
799 3959 906 4038 templi
928 3961 1184 4036 procuratoribus.
1229 3959 1306 4021 Soc·

132 4077 222 4123 cossa
250 4064 396 4142 temporis
424 4062 485 4126 dur
518 4079 629 4144 corpus
656 4080 777 4126 sacrum
806 4064 952 4144 episcopo
974 4062 1144 4127 Veronensi
1174 4062 1307 4136 tradidit,

132 4168 279 4244 utsupra
302 4172 396 4246 patet.
520 4234 522 4239 ,

1040 4281 1099 4338 27·
