<?xml version="1.0" encoding="UTF-8"?>
<!DOCTYPE html PUBLIC "-//W3C//DTD XHTML 1.0 Transitional//EN"
    "http://www.w3.org/TR/xhtml1/DTD/xhtml1-transitional.dtd">
<html xmlns="http://www.w3.org/1999/xhtml" xml:lang="en" lang="en">
 <head>
  <title>
</title>
<meta http-equiv="Content-Type" content="text/html;charset=utf-8" />
  <meta name='ocr-system' content='tesseract 3.04.00' />
  <meta name='ocr-capabilities' content='ocr_page ocr_carea ocr_par ocr_line ocrx_word'/>
</head>
<body>
  <div class='ocr_page' id='page_1' title='image "./fratrisfelicisf00fabrgoog_0119.png"; bbox 0 0 2874 4770; ppageno 0'>
   <div class='ocr_carea' id='block_1_1' title="bbox 45 337 1392 4268">
    <p class='ocr_par' dir='ltr' id='par_1_1' title="bbox 45 337 1392 3746">
     <span class='ocr_line' id='line_1_1' title="bbox 133 337 1392 420; baseline 0.005 -19"><span class='ocrx_word' id='word_1_1' title='bbox 133 339 201 401; x_wconf 86' lang='lat' dir='ltr'><strong>siue</strong></span> <span class='ocrx_word' id='word_1_2' title='bbox 223 338 380 400; x_wconf 86' lang='lat' dir='ltr'><strong>vexatione</strong></span> <span class='ocrx_word' id='word_1_3' title='bbox 404 354 509 400; x_wconf 90' lang='lat' dir='ltr'><strong>eorum</strong></span> <span class='ocrx_word' id='word_1_4' title='bbox 526 340 653 401; x_wconf 87' lang='lat' dir='ltr'><strong>transire</strong></span> <span class='ocrx_word' id='word_1_5' title='bbox 668 358 730 402; x_wconf 89' lang='lat' dir='ltr'><strong>non</strong></span> <span class='ocrx_word' id='word_1_6' title='bbox 746 357 925 420; x_wconf 76' lang='lat' dir='ltr'>possemus,</span> <span class='ocrx_word' id='word_1_7' title='bbox 947 337 1003 402; x_wconf 91' lang='lat' dir='ltr'><strong>sed</strong></span> <span class='ocrx_word' id='word_1_8' title='bbox 1017 345 1049 402; x_wconf 90' lang='lat' dir='ltr'><strong>et</strong></span> <span class='ocrx_word' id='word_1_9' title='bbox 1062 342 1161 405; x_wconf 83' lang='lat' dir='ltr'><strong>nostri</strong></span> <span class='ocrx_word' id='word_1_10' title='bbox 1179 343 1319 406; x_wconf 85' lang='lat' dir='ltr'><strong>naucleri</strong></span> <span class='ocrx_word' id='word_1_11' title='bbox 1390 359 1392 376; x_wconf 57' lang='lat'>³</span> 
     </span>
     <span class='ocr_line' id='line_1_2' title="bbox 134 441 1318 524; baseline 0.005 -21"><span class='ocrx_word' id='word_1_12' title='bbox 134 460 187 504; x_wconf 87' lang='lat' dir='ltr'><strong>eos</strong></span> <span class='ocrx_word' id='word_1_13' title='bbox 209 443 354 505; x_wconf 79' lang='lat' dir='ltr'><strong>timebant</strong></span> <span class='ocrx_word' id='word_1_14' title='bbox 371 447 402 502; x_wconf 92' lang='lat' dir='ltr'><strong>et</strong></span> <span class='ocrx_word' id='word_1_15' title='bbox 417 441 496 503; x_wconf 81' lang='lat' dir='ltr'><strong>torte</strong></span> <span class='ocrx_word' id='word_1_16' title='bbox 518 443 694 524; x_wconf 90' lang='lat' dir='ltr'><strong>plusquam</strong></span> <span class='ocrx_word' id='word_1_17' title='bbox 715 463 780 507; x_wconf 92' lang='lat' dir='ltr'><strong>nos.</strong></span> <span class='ocrx_word' id='word_1_18' title='bbox 828 444 965 523; x_wconf 77' lang='lat' dir='ltr'><strong>Cumque</strong></span> <span class='ocrx_word' id='word_1_19' title='bbox 981 443 1019 507; x_wconf 89' lang='lat' dir='ltr'><strong>ad</strong></span> <span class='ocrx_word' id='word_1_20' title='bbox 1041 448 1318 509; x_wconf 62' lang='lat' dir='ltr'><strong>eos‘venissemus</strong></span> 
     </span>
     <span class='ocr_line' id='line_1_3' title="bbox 131 544 1318 631; baseline 0.002 -23"><span class='ocrx_word' id='word_1_21' title='bbox 131 551 327 608; x_wconf 91' lang='lat' dir='ltr'><strong>accurrerunt</strong></span> <span class='ocrx_word' id='word_1_22' title='bbox 349 544 388 608; x_wconf 91' lang='lat' dir='ltr'><strong>de</strong></span> <span class='ocrx_word' id='word_1_23' title='bbox 411 549 548 609; x_wconf 89' lang='lat' dir='ltr'><strong>tentoriis</strong></span> <span class='ocrx_word' id='word_1_24' title='bbox 571 566 642 611; x_wconf 90' lang='lat' dir='ltr'><strong>cum</strong></span> <span class='ocrx_word' id='word_1_25' title='bbox 666 549 781 610; x_wconf 82' lang='lat' dir='ltr'>lanceis</span> <span class='ocrx_word' id='word_1_26' title='bbox 805 555 834 611; x_wconf 89' lang='lat' dir='ltr'><strong>et</strong></span> <span class='ocrx_word' id='word_1_27' title='bbox 860 551 950 610; x_wconf 88' lang='lat' dir='ltr'><strong>armis</strong></span> <span class='ocrx_word' id='word_1_28' title='bbox 973 567 1064 631; x_wconf 92' lang='lat' dir='ltr'><strong>supra</strong></span> <span class='ocrx_word' id='word_1_29' title='bbox 1086 552 1263 629; x_wconf 79' lang='lat' dir='ltr'><strong>marginem</strong></span> <span class='ocrx_word' id='word_1_30' title='bbox 1286 558 1318 614; x_wconf 91' lang='lat' dir='ltr'><strong>et</strong></span> 
     </span>
     <span class='ocr_line' id='line_1_4' title="bbox 130 650 1315 732; baseline 0.004 -20"><span class='ocrx_word' id='word_1_31' title='bbox 130 650 236 712; x_wconf 84' lang='lat' dir='ltr'><strong>lunam</strong></span> <span class='ocrx_word' id='word_1_32' title='bbox 259 657 380 712; x_wconf 87' lang='lat' dir='ltr'><strong>nostrae</strong></span> <span class='ocrx_word' id='word_1_33' title='bbox 403 653 486 713; x_wconf 85' lang='lat' dir='ltr'><strong>navis</strong></span> <span class='ocrx_word' id='word_1_34' title='bbox 509 650 702 715; x_wconf 81' lang='lat' dir='ltr'><strong>detraxerunt</strong></span> <span class='ocrx_word' id='word_1_35' title='bbox 726 670 835 732; x_wconf 83' lang='lat' dir='ltr'><strong>magna</strong></span> <span class='ocrx_word' id='word_1_36' title='bbox 856 651 999 715; x_wconf 79' lang='lat' dir='ltr'><strong>violentia</strong></span> <span class='ocrx_word' id='word_1_37' title='bbox 1021 650 1059 710; x_wconf 91' lang='lat' dir='ltr'><strong>de</strong></span> <span class='ocrx_word' id='word_1_38' title='bbox 1082 653 1228 727; x_wconf 87' lang='lat' dir='ltr'><strong>manibus</strong></span> <span class='ocrx_word' id='word_1_39' title='bbox 1250 672 1315 716; x_wconf 91' lang='lat' dir='ltr'><strong>ser·</strong></span> 
     </span>
     <span class='ocr_line' id='line_1_5' title="bbox 129 754 1316 837; baseline 0.003 -21"><span class='ocrx_word' id='word_1_40' title='bbox 129 772 236 817; x_wconf 87' lang='lat' dir='ltr'><strong>rorum</strong></span> <span class='ocrx_word' id='word_1_41' title='bbox 259 761 431 818; x_wconf 89' lang='lat' dir='ltr'><strong>nostrorum</strong></span> <span class='ocrx_word' id='word_1_42' title='bbox 454 762 661 819; x_wconf 81' lang='lat' dir='ltr'><strong>attraxerunt</strong></span> <span class='ocrx_word' id='word_1_43' title='bbox 683 775 740 818; x_wconf 91' lang='lat' dir='ltr'><strong>nos</strong></span> <span class='ocrx_word' id='word_1_44' title='bbox 772 757 810 818; x_wconf 90' lang='lat' dir='ltr'><strong>ad</strong></span> <span class='ocrx_word' id='word_1_45' title='bbox 840 775 892 830; x_wconf 90' lang='lat' dir='ltr'><strong>se,</strong></span> <span class='ocrx_word' id='word_1_46' title='bbox 921 754 980 827; x_wconf 80' lang='lat' dir='ltr'><strong>ita,</strong></span> <span class='ocrx_word' id='word_1_47' title='bbox 1012 755 1094 835; x_wconf 91' lang='lat' dir='ltr'><strong>quod</strong></span> <span class='ocrx_word' id='word_1_48' title='bbox 1124 775 1220 837; x_wconf 90' lang='lat' dir='ltr'><strong>prora</strong></span> <span class='ocrx_word' id='word_1_49' title='bbox 1251 764 1316 821; x_wconf 88' lang='lat' dir='ltr'><strong>erat</strong></span> 
     </span>
     <span class='ocr_line' id='line_1_6' title="bbox 130 858 1314 940; baseline 0.004 -21"><span class='ocrx_word' id='word_1_50' title='bbox 130 858 221 919; x_wconf 92' lang='lat' dir='ltr'><strong>littori</strong></span> <span class='ocrx_word' id='word_1_51' title='bbox 244 858 346 930; x_wconf 78' lang='lat' dir='ltr'><strong>infixa,</strong></span> <span class='ocrx_word' id='word_1_52' title='bbox 381 859 458 922; x_wconf 85' lang='lat' dir='ltr'><strong>alvei</strong></span> <span class='ocrx_word' id='word_1_53' title='bbox 488 861 571 921; x_wconf 91' lang='lat' dir='ltr'><strong>enim</strong></span> <span class='ocrx_word' id='word_1_54' title='bbox 594 861 726 939; x_wconf 88' lang='lat' dir='ltr'><strong>parietes</strong></span> <span class='ocrx_word' id='word_1_55' title='bbox 741 866 835 922; x_wconf 83' lang='lat' dir='ltr'><strong>erant</strong></span> <span class='ocrx_word' id='word_1_56' title='bbox 857 859 906 920; x_wconf 93' lang='lat' dir='ltr'><strong>ibi·</strong></span> <span class='ocrx_word' id='word_1_57' title='bbox 920 861 993 921; x_wconf 89' lang='lat' dir='ltr'><strong>satis</strong></span> <span class='ocrx_word' id='word_1_58' title='bbox 1018 860 1084 932; x_wconf 87' lang='lat' dir='ltr'><strong>alti,</strong></span> <span class='ocrx_word' id='word_1_59' title='bbox 1117 877 1178 940; x_wconf 90' lang='lat' dir='ltr'><strong>quo</strong></span> <span class='ocrx_word' id='word_1_60' title='bbox 1211 868 1314 924; x_wconf 91' lang='lat' dir='ltr'><strong>tamen</strong></span> 
     </span>
     <span class='ocr_line' id='line_1_7' title="bbox 129 961 1313 1040; baseline 0.003 -17"><span class='ocrx_word' id='word_1_61' title='bbox 129 979 192 1023; x_wconf 90' lang='lat' dir='ltr'><strong>non</strong></span> <span class='ocrx_word' id='word_1_62' title='bbox 214 964 355 1025; x_wconf 90' lang='lat' dir='ltr'><strong>obstante</strong></span> <span class='ocrx_word' id='word_1_63' title='bbox 378 961 511 1025; x_wconf 77' lang='lat' dir='ltr'><strong>Arabum</strong></span> <span class='ocrx_word' id='word_1_64' title='bbox 530 961 659 1040; x_wconf 83' lang='lat' dir='ltr'><strong>juvenes</strong></span> <span class='ocrx_word' id='word_1_65' title='bbox 691 962 834 1025; x_wconf 90' lang='lat' dir='ltr'><strong>deorsum</strong></span> <span class='ocrx_word' id='word_1_66' title='bbox 858 981 891 1024; x_wconf 91' lang='lat' dir='ltr'><strong>se</strong></span> <span class='ocrx_word' id='word_1_67' title='bbox 915 963 1134 1036; x_wconf 89' lang='lat' dir='ltr'><strong>submiserunt,</strong></span> <span class='ocrx_word' id='word_1_68' title='bbox 1165 964 1313 1028; x_wconf 87' lang='lat' dir='ltr'><strong>cadentes</strong></span> 
     </span>
     <span class='ocr_line' id='line_1_8' title="bbox 129 1058 1312 1149; baseline 0.004 -23"><span class='ocrx_word' id='word_1_69' title='bbox 129 1084 222 1146; x_wconf 90' lang='lat' dir='ltr'><strong>super</strong></span> <span class='ocrx_word' id='word_1_70' title='bbox 245 1087 301 1131; x_wconf 91' lang='lat' dir='ltr'><strong>uos</strong></span> <span class='ocrx_word' id='word_1_71' title='bbox 322 1069 353 1129; x_wconf 92' lang='lat' dir='ltr'><strong>in</strong></span> <span class='ocrx_word' id='word_1_72' title='bbox 382 1067 566 1140; x_wconf 79' lang='lat' dir='ltr'><strong>naviculam,</strong></span> <span class='ocrx_word' id='word_1_73' title='bbox 600 1070 779 1148; x_wconf 90' lang='lat' dir='ltr'><strong>incipientes</strong></span> <span class='ocrx_word' id='word_1_74' title='bbox 808 1070 937 1130; x_wconf 89' lang='lat' dir='ltr'><strong>scrutari</strong></span> <span class='ocrx_word' id='word_1_75' title='bbox 964 1058 1101 1128; x_wconf 87' lang='lat' dir='ltr'><strong>sacculos</strong></span> <span class='ocrx_word' id='word_1_76' title='bbox 1124 1072 1158 1129; x_wconf 86' lang='lat' dir='ltr'><strong>et</strong></span> <span class='ocrx_word' id='word_1_77' title='bbox 1180 1076 1312 1149; x_wconf 88' lang='lat' dir='ltr'><strong>sportas,</strong></span> 
     </span>
     <span class='ocr_line' id='line_1_9' title="bbox 130 1164 1313 1253; baseline -0.001 -17"><span class='ocrx_word' id='word_1_78' title='bbox 130 1180 164 1236; x_wconf 90' lang='lat' dir='ltr'><strong>ut</strong></span> <span class='ocrx_word' id='word_1_79' title='bbox 179 1174 319 1236; x_wconf 90' lang='lat' dir='ltr'><strong>tollerent</strong></span> <span class='ocrx_word' id='word_1_80' title='bbox 333 1173 438 1253; x_wconf 90' lang='lat' dir='ltr'><strong>spolia.</strong></span> <span class='ocrx_word' id='word_1_81' title='bbox 473 1170 561 1246; x_wconf 87' lang='lat' dir='ltr'><strong>Quod</strong></span> <span class='ocrx_word' id='word_1_82' title='bbox 575 1172 647 1235; x_wconf 92' lang='lat' dir='ltr'><strong>dum</strong></span> <span class='ocrx_word' id='word_1_83' title='bbox 661 1173 757 1245; x_wconf 88' lang='lat' dir='ltr'><strong>lieret,</strong></span> <span class='ocrx_word' id='word_1_84' title='bbox 774 1173 969 1236; x_wconf 79' lang='lat' dir='ltr'><strong>clamavimus</strong></span> <span class='ocrx_word' id='word_1_85' title='bbox 986 1171 1024 1232; x_wconf 92' lang='lat' dir='ltr'><strong>ad</strong></span> <span class='ocrx_word' id='word_1_86' title='bbox 1039 1173 1178 1234; x_wconf 89' lang='lat' dir='ltr'><strong>seniores</strong></span> <span class='ocrx_word' id='word_1_87' title='bbox 1185 1164 1313 1236; x_wconf 73' lang='lat' dir='ltr'><strong>&#39;Arabes</strong></span> 
     </span>
     <span class='ocr_line' id='line_1_10' title="bbox 130 1272 1314 1356; baseline 0.001 -18"><span class='ocrx_word' id='word_1_88' title='bbox 130 1279 270 1356; x_wconf 89' lang='lat' dir='ltr'><strong>superius</strong></span> <span class='ocrx_word' id='word_1_89' title='bbox 293 1282 423 1349; x_wconf 90' lang='lat' dir='ltr'><strong>stantes,</strong></span> <span class='ocrx_word' id='word_1_90' title='bbox 453 1294 507 1337; x_wconf 88' lang='lat' dir='ltr'><strong>cur</strong></span> <span class='ocrx_word' id='word_1_91' title='bbox 529 1277 615 1338; x_wconf 91' lang='lat' dir='ltr'><strong>uobis</strong></span> <span class='ocrx_word' id='word_1_92' title='bbox 638 1276 813 1340; x_wconf 85' lang='lat' dir='ltr'><strong>violentiam</strong></span> <span class='ocrx_word' id='word_1_93' title='bbox 835 1272 946 1339; x_wconf 79' lang='lat' dir='ltr'><strong>inferre</strong></span> <span class='ocrx_word' id='word_1_94' title='bbox 978 1277 1207 1354; x_wconf 76' lang='lat' dir='ltr'><strong>permitterent,</strong></span> <span class='ocrx_word' id='word_1_95' title='bbox 1243 1294 1314 1339; x_wconf 90' lang='lat' dir='ltr'><strong>cum</strong></span> 
     </span>
     <span class='ocr_line' id='line_1_11' title="bbox 130 1377 1311 1465; baseline 0.002 -23"><span class='ocrx_word' id='word_1_96' title='bbox 130 1387 231 1442; x_wconf 88' lang='lat' dir='ltr'><strong>tamen</strong></span> <span class='ocrx_word' id='word_1_97' title='bbox 259 1381 353 1459; x_wconf 88' lang='lat' dir='ltr'><strong>parati</strong></span> <span class='ocrx_word' id='word_1_98' title='bbox 383 1385 521 1440; x_wconf 90' lang='lat' dir='ltr'><strong>essemus</strong></span> <span class='ocrx_word' id='word_1_99' title='bbox 545 1390 601 1458; x_wconf 85' lang='lat' dir='ltr'><strong>pro</strong></span> <span class='ocrx_word' id='word_1_100' title='bbox 631 1387 705 1465; x_wconf 83' lang='lat' dir='ltr'><strong>voto</strong></span> <span class='ocrx_word' id='word_1_101' title='bbox 733 1398 839 1442; x_wconf 93' lang='lat' dir='ltr'><strong>eorum</strong></span> <span class='ocrx_word' id='word_1_102' title='bbox 867 1380 1053 1443; x_wconf 82' lang='lat' dir='ltr'><strong>satisfacere.</strong></span> <span class='ocrx_word' id='word_1_103' title='bbox 1078 1377 1170 1453; x_wconf 75' lang='lat' dir='ltr'><strong>&#39;Quo</strong></span> <span class='ocrx_word' id='word_1_104' title='bbox 1206 1381 1311 1444; x_wconf 88' lang='lat' dir='ltr'><strong>audito</strong></span> 
     </span>
     <span class='ocr_line' id='line_1_12' title="bbox 130 1468 1311 1559; baseline 0.003 -15"><span class='ocrx_word' id='word_1_105' title='bbox 130 1489 332 1546; x_wconf 83' lang='lat' dir='ltr'><strong>evocaverunt</strong></span> <span class='ocrx_word' id='word_1_106' title='bbox 349 1481 479 1559; x_wconf 84' lang='lat' dir='ltr'><strong>juvenes</strong></span> <span class='ocrx_word' id='word_1_107' title='bbox 501 1482 604 1543; x_wconf 92' lang='lat' dir='ltr'><strong>multis</strong></span> <span class='ocrx_word' id='word_1_108' title='bbox 628 1468 821 1554; x_wconf 84' lang='lat' dir='ltr'><strong>clamoribus,</strong></span> <span class='ocrx_word' id='word_1_109' title='bbox 854 1482 910 1544; x_wconf 89' lang='lat' dir='ltr'><strong>sed</strong></span> <span class='ocrx_word' id='word_1_110' title='bbox 941 1501 995 1545; x_wconf 93' lang='lat' dir='ltr'><strong>eos</strong></span> <span class='ocrx_word' id='word_1_111' title='bbox 1017 1502 1079 1545; x_wconf 91' lang='lat' dir='ltr'><strong>non</strong></span> <span class='ocrx_word' id='word_1_112' title='bbox 1102 1483 1311 1558; x_wconf 71' lang='lat' dir='ltr'><strong>aduerterunt,</strong></span> 
     </span>
     <span class='ocr_line' id='line_1_13' title="bbox 130 1585 1311 1665; baseline 0.001 -16"><span class='ocrx_word' id='word_1_113' title='bbox 130 1589 284 1650; x_wconf 88' lang='lat' dir='ltr'><strong>trahentes</strong></span> <span class='ocrx_word' id='word_1_114' title='bbox 297 1604 402 1648; x_wconf 90' lang='lat' dir='ltr'><strong>saccos</strong></span> <span class='ocrx_word' id='word_1_115' title='bbox 415 1591 447 1645; x_wconf 88' lang='lat' dir='ltr'><strong>et</strong></span> <span class='ocrx_word' id='word_1_116' title='bbox 459 1590 576 1664; x_wconf 87' lang='lat' dir='ltr'><strong>sportas</strong></span> <span class='ocrx_word' id='word_1_117' title='bbox 587 1585 674 1646; x_wconf 89' lang='lat' dir='ltr'><strong>nobis</strong></span> <span class='ocrx_word' id='word_1_118' title='bbox 689 1586 897 1649; x_wconf 88' lang='lat' dir='ltr'><strong>renitentibus.</strong></span> <span class='ocrx_word' id='word_1_119' title='bbox 928 1586 1064 1665; x_wconf 85' lang='lat' dir='ltr'><strong>Accepto</strong></span> <span class='ocrx_word' id='word_1_120' title='bbox 1079 1592 1183 1648; x_wconf 89' lang='lat' dir='ltr'><strong>autem</strong></span> <span class='ocrx_word' id='word_1_121' title='bbox 1198 1590 1311 1661; x_wconf 90' lang='lat' dir='ltr'><strong>animo,</strong></span> 
     </span>
     <span class='ocr_line' id='line_1_14' title="bbox 129 1689 1311 1757; baseline 0 -4"><span class='ocrx_word' id='word_1_122' title='bbox 129 1710 200 1753; x_wconf 92' lang='lat' dir='ltr'><strong>cum</strong></span> <span class='ocrx_word' id='word_1_123' title='bbox 223 1692 370 1754; x_wconf 87' lang='lat' dir='ltr'><strong>desistere</strong></span> <span class='ocrx_word' id='word_1_124' title='bbox 391 1689 575 1757; x_wconf 89' lang='lat' dir='ltr'><strong>noluissent,</strong></span> <span class='ocrx_word' id='word_1_125' title='bbox 605 1691 847 1751; x_wconf 79' lang='lat' dir='ltr'><strong>consurreximus</strong></span> <span class='ocrx_word' id='word_1_126' title='bbox 882 1696 988 1752; x_wconf 90' lang='lat' dir='ltr'><strong>contra</strong></span> <span class='ocrx_word' id='word_1_127' title='bbox 1018 1708 1071 1750; x_wconf 90' lang='lat' dir='ltr'><strong>eos</strong></span> <span class='ocrx_word' id='word_1_128' title='bbox 1095 1695 1126 1750; x_wconf 93' lang='lat' dir='ltr'><strong>et</strong></span> <span class='ocrx_word' id='word_1_129' title='bbox 1150 1698 1222 1752; x_wconf 89' lang='lat' dir='ltr'><strong>cuin</strong></span> <span class='ocrx_word' id='word_1_130' title='bbox 1247 1693 1311 1755; x_wconf 87' lang='lat' dir='ltr'><strong>vio-</strong></span> 
     </span>
     <span class='ocr_line' id='line_1_15' title="bbox 129 1784 1353 1872; baseline 0.002 -16"><span class='ocrx_word' id='word_1_131' title='bbox 129 1796 221 1856; x_wconf 90' lang='lat' dir='ltr'><strong>lentia</strong></span> <span class='ocrx_word' id='word_1_132' title='bbox 243 1812 296 1855; x_wconf 90' lang='lat' dir='ltr'><strong>eos</strong></span> <span class='ocrx_word' id='word_1_133' title='bbox 320 1784 449 1855; x_wconf 74' lang='lat' dir='ltr'><strong>de&#39;uavi</strong></span> <span class='ocrx_word' id='word_1_134' title='bbox 472 1790 633 1867; x_wconf 86' lang='lat' dir='ltr'><strong>ejecimus,</strong></span> <span class='ocrx_word' id='word_1_135' title='bbox 666 1793 747 1872; x_wconf 90' lang='lat' dir='ltr'><strong>quod</strong></span> <span class='ocrx_word' id='word_1_136' title='bbox 778 1800 880 1855; x_wconf 87' lang='lat' dir='ltr'><strong>tamen</strong></span> <span class='ocrx_word' id='word_1_137' title='bbox 909 1794 1081 1859; x_wconf 86' lang='lat' dir='ltr'><strong>nullatenus</strong></span> <span class='ocrx_word' id='word_1_138' title='bbox 1116 1794 1219 1856; x_wconf 86' lang='lat' dir='ltr'><strong>lacere</strong></span> <span class='ocrx_word' id='word_1_139' title='bbox 1244 1799 1313 1859; x_wconf 91' lang='lat' dir='ltr'><strong>ausi</strong></span> <span class='ocrx_word' id='word_1_140' title='bbox 1350 1813 1353 1818; x_wconf 86' lang='grc'><strong>’</strong></span> 
     </span>
     <span class='ocr_line' id='line_1_16' title="bbox 129 1887 1312 1970; baseline 0.003 -12"><span class='ocrx_word' id='word_1_141' title='bbox 129 1898 308 1969; x_wconf 85' lang='lat' dir='ltr'><strong>fuissemus,</strong></span> <span class='ocrx_word' id='word_1_142' title='bbox 341 1899 368 1958; x_wconf 92' lang='lat' dir='ltr'><strong>si</strong></span> <span class='ocrx_word' id='word_1_143' title='bbox 389 1915 450 1957; x_wconf 91' lang='lat' dir='ltr'><strong>nou</strong></span> <span class='ocrx_word' id='word_1_144' title='bbox 472 1887 751 1970; x_wconf 56' lang='lat' dir='ltr'><strong>intellexissemus</strong></span> <span class='ocrx_word' id='word_1_145' title='bbox 767 1901 928 1960; x_wconf 64' lang='lat' dir='ltr'><strong>‘seniorum</strong></span> <span class='ocrx_word' id='word_1_146' title='bbox 960 1896 1146 1959; x_wconf 90' lang='lat' dir='ltr'><strong>voluntatem</strong></span> <span class='ocrx_word' id='word_1_147' title='bbox 1178 1898 1217 1960; x_wconf 90' lang='lat' dir='ltr'><strong>ad</strong></span> <span class='ocrx_word' id='word_1_148' title='bbox 1250 1901 1312 1962; x_wconf 90' lang='lat' dir='ltr'><strong>hcc</strong></span> 
     </span>
     <span class='ocr_line' id='line_1_17' title="bbox 45 1994 1312 2083; baseline 0.002 -19"><span class='ocrx_word' id='word_1_149' title='bbox 45 2002 47 2015; x_wconf 73' lang='grc'>”</span> <span class='ocrx_word' id='word_1_150' title='bbox 130 2002 293 2074; x_wconf 87' lang='lat' dir='ltr'><strong>accedere;</strong></span> <span class='ocrx_word' id='word_1_151' title='bbox 317 2000 408 2080; x_wconf 76' lang='lat' dir='ltr'><strong>eJecti</strong></span> <span class='ocrx_word' id='word_1_152' title='bbox 432 2007 532 2062; x_wconf 90' lang='lat' dir='ltr'><strong>autem</strong></span> <span class='ocrx_word' id='word_1_153' title='bbox 555 2001 653 2062; x_wconf 90' lang='lat' dir='ltr'><strong>lutum</strong></span> <span class='ocrx_word' id='word_1_154' title='bbox 676 2007 780 2062; x_wconf 90' lang='lat' dir='ltr'><strong>contra</strong></span> <span class='ocrx_word' id='word_1_155' title='bbox 802 2020 858 2064; x_wconf 91' lang='lat' dir='ltr'><strong>nos</strong></span> <span class='ocrx_word' id='word_1_156' title='bbox 872 1994 1026 2080; x_wconf 81' lang='lat' dir='ltr'><strong>jactabant</strong></span> <span class='ocrx_word' id='word_1_157' title='bbox 1045 2006 1076 2062; x_wconf 93' lang='lat' dir='ltr'><strong>et</strong></span> <span class='ocrx_word' id='word_1_158' title='bbox 1089 2007 1213 2076; x_wconf 88' lang='lat' dir='ltr'><strong>terram,</strong></span> <span class='ocrx_word' id='word_1_159' title='bbox 1237 2007 1312 2083; x_wconf 89' lang='lat' dir='ltr'><strong>quia</strong></span> 
     </span>
     <span class='ocr_line' id='line_1_18' title="bbox 127 2106 1312 2188; baseline 0.001 -19"><span class='ocrx_word' id='word_1_160' title='bbox 127 2107 243 2188; x_wconf 88' lang='lat' dir='ltr'><strong>lapides</strong></span> <span class='ocrx_word' id='word_1_161' title='bbox 265 2108 306 2167; x_wconf 92' lang='lat' dir='ltr'><strong>ibi</strong></span> <span class='ocrx_word' id='word_1_162' title='bbox 326 2111 390 2168; x_wconf 76' lang='lat' dir='ltr'><strong>‘non</strong></span> <span class='ocrx_word' id='word_1_163' title='bbox 412 2113 498 2166; x_wconf 90' lang='lat' dir='ltr'><strong>erant</strong></span> <span class='ocrx_word' id='word_1_164' title='bbox 520 2111 552 2166; x_wconf 90' lang='lat' dir='ltr'><strong>et</strong></span> <span class='ocrx_word' id='word_1_165' title='bbox 574 2107 621 2168; x_wconf 81' lang='lat' dir='ltr'><strong>aix</strong></span> <span class='ocrx_word' id='word_1_166' title='bbox 644 2108 822 2185; x_wconf 82' lang='lat' dir='ltr'><strong>compesciti</strong></span> <span class='ocrx_word' id='word_1_167' title='bbox 844 2106 967 2167; x_wconf 88' lang='lat' dir='ltr'><strong>luerunt</strong></span> <span class='ocrx_word' id='word_1_168' title='bbox 997 2123 1052 2186; x_wconf 94' lang='lat' dir='ltr'><strong>per</strong></span> <span class='ocrx_word' id='word_1_169' title='bbox 1086 2107 1241 2180; x_wconf 91' lang='lat' dir='ltr'><strong>seniores,</strong></span> <span class='ocrx_word' id='word_1_170' title='bbox 1276 2116 1312 2170; x_wconf 92' lang='lat' dir='ltr'><strong>ut</strong></span> 
     </span>
     <span class='ocr_line' id='line_1_19' title="bbox 127 2209 1311 2292; baseline 0 -18"><span class='ocrx_word' id='word_1_171' title='bbox 127 2231 184 2274; x_wconf 87' lang='lat' dir='ltr'><strong>nos</strong></span> <span class='ocrx_word' id='word_1_172' title='bbox 206 2214 237 2274; x_wconf 90' lang='lat' dir='ltr'><strong>in</strong></span> <span class='ocrx_word' id='word_1_173' title='bbox 260 2228 335 2292; x_wconf 91' lang='lat' dir='ltr'><strong>pace</strong></span> <span class='ocrx_word' id='word_1_174' title='bbox 359 2211 557 2282; x_wconf 85' lang='lat' dir='ltr'><strong>dimitterent,</strong></span> <span class='ocrx_word' id='word_1_175' title='bbox 581 2211 678 2271; x_wconf 89' lang='lat' dir='ltr'><strong>omnis</strong></span> <span class='ocrx_word' id='word_1_176' title='bbox 703 2212 784 2271; x_wconf 93' lang='lat' dir='ltr'><strong>enim</strong></span> <span class='ocrx_word' id='word_1_177' title='bbox 803 2209 946 2287; x_wconf 86' lang='lat' dir='ltr'><strong>juventus</strong></span> <span class='ocrx_word' id='word_1_178' title='bbox 971 2216 1145 2272; x_wconf 87' lang='lat' dir='ltr'><strong>accurrerat</strong></span> <span class='ocrx_word' id='word_1_179' title='bbox 1166 2217 1200 2270; x_wconf 92' lang='lat' dir='ltr'><strong>et</strong></span> <span class='ocrx_word' id='word_1_180' title='bbox 1214 2213 1311 2274; x_wconf 88' lang='lat' dir='ltr'><strong>etiam</strong></span> 
     </span>
     <span class='ocr_line' id='line_1_20' title="bbox 130 2309 1311 2406; baseline 0.002 -30"><span class='ocrx_word' id='word_1_181' title='bbox 130 2315 280 2377; x_wconf 87' lang='lat' dir='ltr'><strong>icerninae</strong></span> <span class='ocrx_word' id='word_1_182' title='bbox 304 2315 468 2377; x_wconf 88' lang='lat' dir='ltr'><strong>clamantes</strong></span> <span class='ocrx_word' id='word_1_183' title='bbox 492 2311 636 2381; x_wconf 88' lang='lat' dir='ltr'><strong>adversus</strong></span> <span class='ocrx_word' id='word_1_184' title='bbox 669 2333 739 2406; x_wconf 85' lang='lat' dir='ltr'><strong>nos,</strong></span> <span class='ocrx_word' id='word_1_185' title='bbox 772 2313 828 2377; x_wconf 89' lang='lat' dir='ltr'><strong>sed</strong></span> <span class='ocrx_word' id='word_1_186' title='bbox 851 2320 881 2374; x_wconf 90' lang='lat' dir='ltr'><strong>et</strong></span> <span class='ocrx_word' id='word_1_187' title='bbox 896 2314 962 2394; x_wconf 89' lang='lat' dir='ltr'><strong>ipsi</strong></span> <span class='ocrx_word' id='word_1_188' title='bbox 985 2309 1041 2395; x_wconf 81' lang='lat' dir='ltr'><strong>(b)</strong></span> <span class='ocrx_word' id='word_1_189' title='bbox 1065 2315 1204 2375; x_wconf 89' lang='lat' dir='ltr'><strong>seniores</strong></span> <span class='ocrx_word' id='word_1_190' title='bbox 1226 2317 1311 2379; x_wconf 91' lang='lat' dir='ltr'><strong>inter</strong></span> 
     </span>
     <span class='ocr_line' id='line_1_21' title="bbox 128 2416 1310 2500; baseline 0 -18"><span class='ocrx_word' id='word_1_191' title='bbox 128 2439 162 2482; x_wconf 92' lang='lat' dir='ltr'><strong>se</strong></span> <span class='ocrx_word' id='word_1_192' title='bbox 185 2421 425 2493; x_wconf 81' lang='lat' dir='ltr'><strong>contendebant,</strong></span> <span class='ocrx_word' id='word_1_193' title='bbox 449 2422 519 2500; x_wconf 89' lang='lat' dir='ltr'><strong>quia</strong></span> <span class='ocrx_word' id='word_1_194' title='bbox 541 2417 663 2498; x_wconf 88' lang='lat' dir='ltr'><strong>quidam</strong></span> <span class='ocrx_word' id='word_1_195' title='bbox 684 2419 834 2481; x_wconf 85' lang='lat' dir='ltr'><strong>volebant</strong></span> <span class='ocrx_word' id='word_1_196' title='bbox 847 2436 904 2479; x_wconf 92' lang='lat' dir='ltr'><strong>nos</strong></span> <span class='ocrx_word' id='word_1_197' title='bbox 927 2416 1066 2479; x_wconf 88' lang='lat' dir='ltr'><strong>absolute</strong></span> <span class='ocrx_word' id='word_1_198' title='bbox 1089 2418 1230 2498; x_wconf 89' lang='lat' dir='ltr'><strong>spoliare,</strong></span> <span class='ocrx_word' id='word_1_199' title='bbox 1256 2421 1310 2482; x_wconf 90' lang='lat' dir='ltr'><strong>alii</strong></span> 
     </span>
     <span class='ocr_line' id='line_1_22' title="bbox 128 2519 1307 2602; baseline 0 -15"><span class='ocrx_word' id='word_1_200' title='bbox 128 2527 172 2587; x_wconf 92' lang='lat' dir='ltr'><strong>eis</strong></span> <span class='ocrx_word' id='word_1_201' title='bbox 196 2525 449 2588; x_wconf 86' lang='lat' dir='ltr'><strong>contradicebant.</strong></span> <span class='ocrx_word' id='word_1_202' title='bbox 496 2521 607 2586; x_wconf 89' lang='lat' dir='ltr'><strong>Sedato</strong></span> <span class='ocrx_word' id='word_1_203' title='bbox 631 2541 702 2602; x_wconf 84' lang='lat' dir='ltr'><strong>ergo</strong></span> <span class='ocrx_word' id='word_1_204' title='bbox 725 2519 855 2584; x_wconf 89' lang='lat' dir='ltr'><strong>tumultu</strong></span> <span class='ocrx_word' id='word_1_205' title='bbox 880 2519 1017 2582; x_wconf 88' lang='lat' dir='ltr'><strong>dedimus</strong></span> <span class='ocrx_word' id='word_1_206' title='bbox 1041 2523 1084 2583; x_wconf 89' lang='lat' dir='ltr'><strong>eis</strong></span> <span class='ocrx_word' id='word_1_207' title='bbox 1106 2538 1214 2584; x_wconf 64' lang='lat' dir='ltr'><strong>‘unum</strong></span> <span class='ocrx_word' id='word_1_208' title='bbox 1247 2524 1307 2587; x_wconf 92' lang='lat' dir='ltr'><strong>du·</strong></span> 
     </span>
     <span class='ocr_line' id='line_1_23' title="bbox 128 2624 1308 2705; baseline -0.001 -15"><span class='ocrx_word' id='word_1_209' title='bbox 128 2636 245 2703; x_wconf 92' lang='lat' dir='ltr'><strong>catum,</strong></span> <span class='ocrx_word' id='word_1_210' title='bbox 276 2630 451 2691; x_wconf 90' lang='lat' dir='ltr'><strong>mulieribus</strong></span> <span class='ocrx_word' id='word_1_211' title='bbox 475 2635 576 2689; x_wconf 91' lang='lat' dir='ltr'><strong>autem</strong></span> <span class='ocrx_word' id='word_1_212' title='bbox 598 2632 630 2686; x_wconf 90' lang='lat' dir='ltr'><strong>et</strong></span> <span class='ocrx_word' id='word_1_213' title='bbox 651 2627 783 2704; x_wconf 88' lang='lat' dir='ltr'><strong>parvulis</strong></span> <span class='ocrx_word' id='word_1_214' title='bbox 808 2624 954 2697; x_wconf 91' lang='lat' dir='ltr'><strong>dedimus</strong></span> <span class='ocrx_word' id='word_1_215' title='bbox 971 2627 1167 2705; x_wconf 81' lang='lat' dir='ltr'><strong>paximatius,</strong></span> <span class='ocrx_word' id='word_1_216' title='bbox 1191 2633 1223 2688; x_wconf 87' lang='lat' dir='ltr'><strong>et</strong></span> <span class='ocrx_word' id='word_1_217' title='bbox 1245 2627 1308 2689; x_wconf 89' lang='lat' dir='ltr'><strong>huc</strong></span> 
     </span>
     <span class='ocr_line' id='line_1_24' title="bbox 127 2726 1307 2808; baseline -0.001 -14"><span class='ocrx_word' id='word_1_218' title='bbox 127 2734 207 2795; x_wconf 88' lang='lat' dir='ltr'><strong>lacto</strong></span> <span class='ocrx_word' id='word_1_219' title='bbox 230 2733 323 2794; x_wconf 88' lang='lat' dir='ltr'><strong>libere</strong></span> <span class='ocrx_word' id='word_1_220' title='bbox 348 2750 403 2793; x_wconf 87' lang='lat' dir='ltr'><strong>nos</strong></span> <span class='ocrx_word' id='word_1_221' title='bbox 427 2731 507 2791; x_wconf 88' lang='lat' dir='ltr'><strong>abire</strong></span> <span class='ocrx_word' id='word_1_222' title='bbox 538 2728 685 2788; x_wconf 86' lang='lat' dir='ltr'><strong>lecerunt.</strong></span> <span class='ocrx_word' id='word_1_223' title='bbox 723 2726 913 2791; x_wconf 55' lang='lat' dir='ltr'><strong>&gt;mirabamur</strong></span> <span class='ocrx_word' id='word_1_224' title='bbox 947 2735 1064 2802; x_wconf 87' lang='lat' dir='ltr'><strong>autem,</strong></span> <span class='ocrx_word' id='word_1_225' title='bbox 1097 2729 1179 2808; x_wconf 90' lang='lat' dir='ltr'><strong>quod</strong></span> <span class='ocrx_word' id='word_1_226' title='bbox 1210 2733 1307 2794; x_wconf 90' lang='lat' dir='ltr'><strong>etiarn</strong></span> 
     </span>
     <span class='ocr_line' id='line_1_25' title="bbox 125 2827 1306 2914; baseline 0.002 -20"><span class='ocrx_word' id='word_1_227' title='bbox 125 2838 158 2894; x_wconf 90' lang='lat' dir='ltr'><strong>in</strong></span> <span class='ocrx_word' id='word_1_228' title='bbox 180 2833 334 2914; x_wconf 81' lang='lat' dir='ltr'><strong>Aegypto,</strong></span> <span class='ocrx_word' id='word_1_229' title='bbox 356 2851 451 2913; x_wconf 89' lang='lat' dir='ltr'><strong>prope</strong></span> <span class='ocrx_word' id='word_1_230' title='bbox 474 2833 588 2909; x_wconf 84' lang='lat' dir='ltr'><strong>regiam</strong></span> <span class='ocrx_word' id='word_1_231' title='bbox 610 2827 729 2900; x_wconf 91' lang='lat' dir='ltr'><strong>urbem,</strong></span> <span class='ocrx_word' id='word_1_232' title='bbox 764 2829 815 2890; x_wconf 90' lang='lat' dir='ltr'><strong>ille</strong></span> <span class='ocrx_word' id='word_1_233' title='bbox 836 2832 967 2910; x_wconf 84' lang='lat' dir='ltr'><strong>populus</strong></span> <span class='ocrx_word' id='word_1_234' title='bbox 990 2832 1121 2895; x_wconf 82' lang='lat' dir='ltr'><strong>Arabum</strong></span> <span class='ocrx_word' id='word_1_235' title='bbox 1144 2833 1306 2898; x_wconf 86' lang='lat' dir='ltr'><strong>violentias</strong></span> 
     </span>
     <span class='ocr_line' id='line_1_26' title="bbox 127 2932 1304 3013; baseline 0.003 -17"><span class='ocrx_word' id='word_1_236' title='bbox 127 2944 291 2998; x_wconf 85' lang='lat' dir='ltr'><strong>exerceret.</strong></span> <span class='ocrx_word' id='word_1_237' title='bbox 336 2936 381 2998; x_wconf 88' lang='lat' dir='ltr'><strong>De</strong></span> <span class='ocrx_word' id='word_1_238' title='bbox 403 2935 462 2998; x_wconf 91' lang='lat' dir='ltr'><strong>illis</strong></span> <span class='ocrx_word' id='word_1_239' title='bbox 486 2932 646 3003; x_wconf 90' lang='lat' dir='ltr'><strong>Arabibus,</strong></span> <span class='ocrx_word' id='word_1_240' title='bbox 669 2935 695 2994; x_wconf 92' lang='lat' dir='ltr'><strong>si</strong></span> <span class='ocrx_word' id='word_1_241' title='bbox 717 2933 820 3011; x_wconf 85' lang='lat' dir='ltr'><strong>legere</strong></span> <span class='ocrx_word' id='word_1_242' title='bbox 844 2937 961 3013; x_wconf 84' lang='lat' dir='ltr'><strong>placat,</strong></span> <span class='ocrx_word' id='word_1_243' title='bbox 983 2935 1052 2999; x_wconf 81' lang='lat' dir='ltr'><strong>vide</strong></span> <span class='ocrx_word' id='word_1_244' title='bbox 1067 2936 1119 2998; x_wconf 88' lang='lat' dir='ltr'><strong>iol.</strong></span> <span class='ocrx_word' id='word_1_245' title='bbox 1136 2935 1187 3001; x_wconf 85' lang='lat'><strong>27.</strong></span> <span class='ocrx_word' id='word_1_246' title='bbox 1225 2939 1304 3000; x_wconf 88' lang='lat' dir='ltr'><strong>Cum</strong></span> 
     </span>
     <span class='ocr_line' id='line_1_27' title="bbox 127 3036 1303 3123; baseline 0.003 -23"><span class='ocrx_word' id='word_1_247' title='bbox 127 3056 235 3119; x_wconf 84' lang='lat' dir='ltr'><strong>magna</strong></span> <span class='ocrx_word' id='word_1_248' title='bbox 258 3058 329 3119; x_wconf 86' lang='lat' dir='ltr'><strong>ergo</strong></span> <span class='ocrx_word' id='word_1_249' title='bbox 354 3037 545 3108; x_wconf 86' lang='lat' dir='ltr'><strong>difficultate,</strong></span> <span class='ocrx_word' id='word_1_250' title='bbox 568 3036 773 3114; x_wconf 86' lang='lat' dir='ltr'><strong>invalescente</strong></span> <span class='ocrx_word' id='word_1_251' title='bbox 796 3040 892 3117; x_wconf 86' lang='lat' dir='ltr'><strong>magis</strong></span> <span class='ocrx_word' id='word_1_252' title='bbox 916 3058 951 3102; x_wconf 91' lang='lat' dir='ltr'><strong>ac</strong></span> <span class='ocrx_word' id='word_1_253' title='bbox 975 3044 1070 3121; x_wconf 83' lang='lat' dir='ltr'><strong>magis</strong></span> <span class='ocrx_word' id='word_1_254' title='bbox 1093 3050 1201 3117; x_wconf 86' lang='lat' dir='ltr'><strong>vento,</strong></span> <span class='ocrx_word' id='word_1_255' title='bbox 1231 3062 1303 3123; x_wconf 92' lang='lat' dir='ltr'><strong>pro-</strong></span> 
     </span>
     <span class='ocr_line' id='line_1_28' title="bbox 120 3124 1304 3225; baseline 0.005 -23"><span class='ocrx_word' id='word_1_256' title='bbox 120 3124 284 3205; x_wconf 82' lang='lat' dir='ltr'><strong>cessimus.</strong></span> <span class='ocrx_word' id='word_1_257' title='bbox 341 3141 434 3204; x_wconf 86' lang='lat' dir='ltr'><strong>Porro</strong></span> <span class='ocrx_word' id='word_1_258' title='bbox 473 3142 532 3221; x_wconf 90' lang='lat' dir='ltr'><strong>ipsi</strong></span> <span class='ocrx_word' id='word_1_259' title='bbox 568 3147 676 3202; x_wconf 88' lang='lat' dir='ltr'><strong>nautae</strong></span> <span class='ocrx_word' id='word_1_260' title='bbox 708 3144 841 3221; x_wconf 87' lang='lat' dir='ltr'><strong>acceptis</strong></span> <span class='ocrx_word' id='word_1_261' title='bbox 875 3143 913 3204; x_wconf 90' lang='lat' dir='ltr'><strong>de</strong></span> <span class='ocrx_word' id='word_1_262' title='bbox 945 3161 1021 3206; x_wconf 84' lang='lat' dir='ltr'><strong>nave</strong></span> <span class='ocrx_word' id='word_1_263' title='bbox 1054 3148 1116 3207; x_wconf 89' lang='lat' dir='ltr'><strong>suis</strong></span> <span class='ocrx_word' id='word_1_264' title='bbox 1149 3147 1304 3225; x_wconf 87' lang='lat' dir='ltr'><strong>amphoris</strong></span> 
     </span>
     <span class='ocr_line' id='line_1_29' title="bbox 124 3235 1304 3331; baseline 0.003 -23"><span class='ocrx_word' id='word_1_265' title='bbox 124 3246 288 3331; x_wconf 88' lang='lat' dir='ltr'><strong>implebant</strong></span> <span class='ocrx_word' id='word_1_266' title='bbox 330 3235 419 3326; x_wconf 89' lang='lat' dir='ltr'><strong>aqua,</strong></span> <span class='ocrx_word' id='word_1_267' title='bbox 463 3244 615 3319; x_wconf 89' lang='lat' dir='ltr'><strong>dicentes,</strong></span> <span class='ocrx_word' id='word_1_268' title='bbox 661 3264 716 3307; x_wconf 92' lang='lat' dir='ltr'><strong>nos</strong></span> <span class='ocrx_word' id='word_1_269' title='bbox 760 3249 861 3309; x_wconf 88' lang='lat' dir='ltr'><strong>statim</strong></span> <span class='ocrx_word' id='word_1_270' title='bbox 885 3238 931 3308; x_wconf 65' lang='lat' dir='ltr'><strong>vin</strong></span> <span class='ocrx_word' id='word_1_271' title='bbox 970 3267 1078 3328; x_wconf 90' lang='lat' dir='ltr'><strong>aquam</strong></span> <span class='ocrx_word' id='word_1_272' title='bbox 1109 3252 1304 3311; x_wconf 87' lang='lat' dir='ltr'><strong>amaricatam</strong></span> 
     </span>
     <span class='ocr_line' id='line_1_30' title="bbox 124 3351 1303 3432; baseline 0.003 -19"><span class='ocrx_word' id='word_1_273' title='bbox 124 3358 282 3423; x_wconf 84' lang='lat' dir='ltr'><strong>venturos,</strong></span> <span class='ocrx_word' id='word_1_274' title='bbox 312 3368 366 3432; x_wconf 91' lang='lat' dir='ltr'><strong>per</strong></span> <span class='ocrx_word' id='word_1_275' title='bbox 395 3351 639 3415; x_wconf 82' lang='lat' dir='ltr'><strong>commixtionem</strong></span> <span class='ocrx_word' id='word_1_276' title='bbox 663 3367 758 3429; x_wconf 87' lang='lat' dir='ltr'><strong>aquae</strong></span> <span class='ocrx_word' id='word_1_277' title='bbox 782 3351 882 3412; x_wconf 88' lang='lat' dir='ltr'><strong>maris.</strong></span> <span class='ocrx_word' id='word_1_278' title='bbox 929 3352 995 3415; x_wconf 89' lang='lat' dir='ltr'><strong>lloc</strong></span> <span class='ocrx_word' id='word_1_279' title='bbox 1018 3354 1121 3416; x_wconf 88' lang='lat' dir='ltr'><strong>audito</strong></span> <span class='ocrx_word' id='word_1_280' title='bbox 1145 3355 1303 3416; x_wconf 89' lang='lat' dir='ltr'><strong>hausimus</strong></span> 
     </span>
     <span class='ocr_line' id='line_1_31' title="bbox 131 3455 1301 3544; baseline 0.003 -27"><span class='ocrx_word' id='word_1_281' title='bbox 131 3463 162 3517; x_wconf 92' lang='lat' dir='ltr'><strong>et</strong></span> <span class='ocrx_word' id='word_1_282' title='bbox 183 3475 239 3517; x_wconf 92' lang='lat' dir='ltr'><strong>nos</strong></span> <span class='ocrx_word' id='word_1_283' title='bbox 262 3473 370 3536; x_wconf 91' lang='lat' dir='ltr'><strong>aquam</strong></span> <span class='ocrx_word' id='word_1_284' title='bbox 392 3475 446 3536; x_wconf 93' lang='lat' dir='ltr'><strong>pro</strong></span> <span class='ocrx_word' id='word_1_285' title='bbox 462 3456 572 3537; x_wconf 89' lang='lat' dir='ltr'><strong>poculo</strong></span> <span class='ocrx_word' id='word_1_286' title='bbox 586 3461 704 3527; x_wconf 86' lang='lat' dir='ltr'><strong>nostro,</strong></span> <span class='ocrx_word' id='word_1_287' title='bbox 729 3473 798 3517; x_wconf 92' lang='lat' dir='ltr'><strong>nam</strong></span> <span class='ocrx_word' id='word_1_288' title='bbox 816 3456 965 3544; x_wconf 89' lang='lat' dir='ltr'><strong>aquilonis</strong></span> <span class='ocrx_word' id='word_1_289' title='bbox 982 3455 1100 3520; x_wconf 91' lang='lat' dir='ltr'><strong>llatibus</strong></span> <span class='ocrx_word' id='word_1_290' title='bbox 1117 3475 1194 3537; x_wconf 91' lang='lat' dir='ltr'><strong>aqua</strong></span> <span class='ocrx_word' id='word_1_291' title='bbox 1208 3461 1301 3520; x_wconf 91' lang='lat' dir='ltr'><strong>maris</strong></span> 
     </span>
     <span class='ocr_line' id='line_1_32' title="bbox 124 3554 1298 3646; baseline 0.004 -28"><span class='ocrx_word' id='word_1_292' title='bbox 124 3576 179 3638; x_wconf 90' lang='lat' dir='ltr'><strong>per</strong></span> <span class='ocrx_word' id='word_1_293' title='bbox 202 3561 278 3620; x_wconf 90' lang='lat' dir='ltr'><strong>ostia</strong></span> <span class='ocrx_word' id='word_1_294' title='bbox 301 3559 359 3620; x_wconf 92' lang='lat' dir='ltr'><strong>Nili</strong></span> <span class='ocrx_word' id='word_1_295' title='bbox 382 3554 494 3637; x_wconf 86' lang='lat' dir='ltr'><strong>injecta</strong></span> <span class='ocrx_word' id='word_1_296' title='bbox 515 3562 609 3623; x_wconf 89' lang='lat' dir='ltr'><strong>inllcit</strong></span> <span class='ocrx_word' id='word_1_297' title='bbox 631 3578 724 3640; x_wconf 87' lang='lat' dir='ltr'><strong>aquas</strong></span> <span class='ocrx_word' id='word_1_298' title='bbox 752 3578 866 3640; x_wconf 87' lang='lat' dir='ltr'><strong>casque</strong></span> <span class='ocrx_word' id='word_1_299' title='bbox 890 3578 1006 3624; x_wconf 91' lang='lat' dir='ltr'><strong>amaras</strong></span> <span class='ocrx_word' id='word_1_300' title='bbox 1030 3559 1136 3624; x_wconf 88' lang='lat' dir='ltr'><strong>reddit.</strong></span> <span class='ocrx_word' id='word_1_301' title='bbox 1150 3580 1206 3646; x_wconf 94' lang='lat' dir='ltr'><strong>per</strong></span> <span class='ocrx_word' id='word_1_302' title='bbox 1230 3561 1298 3623; x_wconf 89' lang='lat' dir='ltr'><strong>lon-</strong></span> 
     </span>
     <span class='ocr_line' id='line_1_33' title="bbox 124 3664 746 3746; baseline 0.011 -25"><span class='ocrx_word' id='word_1_303' title='bbox 124 3679 195 3740; x_wconf 86' lang='lat' dir='ltr'><strong>gum</strong></span> <span class='ocrx_word' id='word_1_304' title='bbox 217 3664 346 3741; x_wconf 91' lang='lat' dir='ltr'><strong>spatium</strong></span> <span class='ocrx_word' id='word_1_305' title='bbox 370 3682 490 3726; x_wconf 91' lang='lat' dir='ltr'><strong>sursum</strong></span> <span class='ocrx_word' id='word_1_306' title='bbox 512 3666 543 3734; x_wconf 88' lang='lat' dir='ltr'><strong>in</strong></span> <span class='ocrx_word' id='word_1_307' title='bbox 566 3664 746 3746; x_wconf 82' lang='lat' dir='ltr'><strong>Aegyptum.</strong></span> 
     </span>
    </p>

    <p class='ocr_par' dir='ltr' id='par_1_2' title="bbox 122 3767 1298 4268">
     <span class='ocr_line' id='line_1_34' title="bbox 210 3767 1298 3850; baseline 0.006 -24"><span class='ocrx_word' id='word_1_308' title='bbox 210 3767 241 3850; x_wconf 92' lang='lat' dir='ltr'><strong>ln</strong></span> <span class='ocrx_word' id='word_1_309' title='bbox 265 3786 411 3847; x_wconf 90' lang='lat' dir='ltr'><strong>processu</strong></span> <span class='ocrx_word' id='word_1_310' title='bbox 434 3768 472 3829; x_wconf 88' lang='lat' dir='ltr'><strong>ad</strong></span> <span class='ocrx_word' id='word_1_311' title='bbox 495 3768 586 3830; x_wconf 92' lang='lat' dir='ltr'><strong>alium</strong></span> <span class='ocrx_word' id='word_1_312' title='bbox 608 3788 739 3833; x_wconf 88' lang='lat' dir='ltr'><strong>cuneum</strong></span> <span class='ocrx_word' id='word_1_313' title='bbox 760 3769 892 3833; x_wconf 78' lang='lat' dir='ltr'><strong>Arabum</strong></span> <span class='ocrx_word' id='word_1_314' title='bbox 921 3773 1058 3833; x_wconf 83' lang='lat' dir='ltr'><strong>venimus</strong></span> <span class='ocrx_word' id='word_1_315' title='bbox 1089 3771 1128 3833; x_wconf 93' lang='lat' dir='ltr'><strong>de</strong></span> <span class='ocrx_word' id='word_1_316' title='bbox 1151 3773 1298 3834; x_wconf 90' lang='lat' dir='ltr'><strong>societate</strong></span> 
     </span>
     <span class='ocr_line' id='line_1_35' title="bbox 122 3871 1296 3956; baseline 0.005 -26"><span class='ocrx_word' id='word_1_317' title='bbox 122 3872 273 3950; x_wconf 91' lang='lat' dir='ltr'><strong>priorum;</strong></span> <span class='ocrx_word' id='word_1_318' title='bbox 304 3871 351 3931; x_wconf 93' lang='lat' dir='ltr'><strong>his</strong></span> <span class='ocrx_word' id='word_1_319' title='bbox 381 3873 555 3950; x_wconf 80' lang='lat' dir='ltr'><strong>paximatius</strong></span> <span class='ocrx_word' id='word_1_320' title='bbox 585 3874 615 3932; x_wconf 91' lang='lat' dir='ltr'><strong>in</strong></span> <span class='ocrx_word' id='word_1_321' title='bbox 644 3874 729 3935; x_wconf 87' lang='lat' dir='ltr'><strong>littus</strong></span> <span class='ocrx_word' id='word_1_322' title='bbox 753 3873 936 3954; x_wconf 86' lang='lat' dir='ltr'><strong>projecimus</strong></span> <span class='ocrx_word' id='word_1_323' title='bbox 960 3882 992 3936; x_wconf 92' lang='lat' dir='ltr'><strong>et</strong></span> <span class='ocrx_word' id='word_1_324' title='bbox 1010 3878 1167 3956; x_wconf 82' lang='lat' dir='ltr'><strong>progressi</strong></span> <span class='ocrx_word' id='word_1_325' title='bbox 1190 3894 1296 3937; x_wconf 91' lang='lat' dir='ltr'><strong>sumus</strong></span> 
     </span>
     <span class='ocr_line' id='line_1_36' title="bbox 124 3973 1296 4060; baseline 0.006 -27"><span class='ocrx_word' id='word_1_326' title='bbox 124 3980 156 4033; x_wconf 93' lang='lat' dir='ltr'><strong>et</strong></span> <span class='ocrx_word' id='word_1_327' title='bbox 188 3975 217 4033; x_wconf 91' lang='lat' dir='ltr'><strong>iu</strong></span> <span class='ocrx_word' id='word_1_328' title='bbox 252 3973 439 4035; x_wconf 89' lang='lat' dir='ltr'><strong>latitudinem</strong></span> <span class='ocrx_word' id='word_1_329' title='bbox 468 3976 627 4036; x_wconf 83' lang='lat' dir='ltr'><strong>maximam</strong></span> <span class='ocrx_word' id='word_1_330' title='bbox 657 3979 811 4050; x_wconf 86' lang='lat' dir='ltr'><strong>venimus,</strong></span> <span class='ocrx_word' id='word_1_331' title='bbox 843 3979 892 4040; x_wconf 93' lang='lat' dir='ltr'><strong>ubi</strong></span> <span class='ocrx_word' id='word_1_332' title='bbox 914 3978 1000 4040; x_wconf 93' lang='lat' dir='ltr'><strong>Nilus</strong></span> <span class='ocrx_word' id='word_1_333' title='bbox 1030 3979 1162 4060; x_wconf 92' lang='lat' dir='ltr'><strong>undique</strong></span> <span class='ocrx_word' id='word_1_334' title='bbox 1193 3979 1296 4042; x_wconf 80' lang='lat' dir='ltr'><strong>alveos</strong></span> 
     </span>
     <span class='ocr_line' id='line_1_37' title="bbox 122 4076 1296 4162; baseline 0.005 -24"><span class='ocrx_word' id='word_1_335' title='bbox 122 4095 194 4139; x_wconf 90' lang='lat' dir='ltr'><strong>suos</strong></span> <span class='ocrx_word' id='word_1_336' title='bbox 218 4078 321 4138; x_wconf 85' lang='lat' dir='ltr'><strong>exiens</strong></span> <span class='ocrx_word' id='word_1_337' title='bbox 344 4076 499 4156; x_wconf 90' lang='lat' dir='ltr'><strong>planitiem</strong></span> <span class='ocrx_word' id='word_1_338' title='bbox 521 4085 617 4140; x_wconf 87' lang='lat' dir='ltr'><strong>totam</strong></span> <span class='ocrx_word' id='word_1_339' title='bbox 640 4099 717 4160; x_wconf 86' lang='lat' dir='ltr'><strong>aqua</strong></span> <span class='ocrx_word' id='word_1_340' title='bbox 738 4084 871 4162; x_wconf 87' lang='lat' dir='ltr'><strong>operuit,</strong></span> <span class='ocrx_word' id='word_1_341' title='bbox 902 4083 934 4142; x_wconf 92' lang='lat' dir='ltr'><strong>in</strong></span> <span class='ocrx_word' id='word_1_342' title='bbox 955 4087 1038 4144; x_wconf 86' lang='lat' dir='ltr'><strong>tanta</strong></span> <span class='ocrx_word' id='word_1_343' title='bbox 1058 4081 1234 4154; x_wconf 85' lang='lat' dir='ltr'><strong>latitudine,</strong></span> <span class='ocrx_word' id='word_1_344' title='bbox 1259 4100 1296 4144; x_wconf 90' lang='lat' dir='ltr'><strong>ac</strong></span> 
     </span>
     <span class='ocr_line' id='line_1_38' title="bbox 122 4181 1296 4268; baseline 0.005 -25"><span class='ocrx_word' id='word_1_345' title='bbox 122 4184 148 4244; x_wconf 90' lang='lat' dir='ltr'><strong>si</strong></span> <span class='ocrx_word' id='word_1_346' title='bbox 172 4187 255 4244; x_wconf 92' lang='lat' dir='ltr'><strong>esset</strong></span> <span class='ocrx_word' id='word_1_347' title='bbox 277 4198 376 4254; x_wconf 89' lang='lat' dir='ltr'><strong>mare,</strong></span> <span class='ocrx_word' id='word_1_348' title='bbox 399 4197 458 4243; x_wconf 90' lang='lat' dir='ltr'><strong>nec</strong></span> <span class='ocrx_word' id='word_1_349' title='bbox 480 4181 571 4246; x_wconf 84' lang='lat' dir='ltr'><strong>linem</strong></span> <span class='ocrx_word' id='word_1_350' title='bbox 592 4183 695 4248; x_wconf 85' lang='lat' dir='ltr'><strong>videre</strong></span> <span class='ocrx_word' id='word_1_351' title='bbox 718 4192 908 4268; x_wconf 80' lang='lat' dir='ltr'><strong>poteramus,</strong></span> <span class='ocrx_word' id='word_1_352' title='bbox 940 4186 1001 4250; x_wconf 89' lang='lat' dir='ltr'><strong>nisi</strong></span> <span class='ocrx_word' id='word_1_353' title='bbox 1023 4186 1106 4268; x_wconf 90' lang='lat' dir='ltr'><strong>quod</strong></span> <span class='ocrx_word' id='word_1_354' title='bbox 1127 4185 1240 4252; x_wconf 91' lang='lat' dir='ltr'><strong>cumuli</strong></span> <span class='ocrx_word' id='word_1_355' title='bbox 1263 4194 1296 4250; x_wconf 92' lang='lat' dir='ltr'><strong>et</strong></span> 
     </span>
    </p>
   </div>
   <div class='ocr_carea' id='block_1_2' title="bbox 0 0 1442 4770">
    <p class='ocr_par' dir='ltr' id='par_1_3' title="bbox 0 0 1442 4770">
     <span class='ocr_line' id='line_1_39' title="bbox 0 0 1442 4770; baseline 0 4"><span class='ocrx_word' id='word_1_356' title='bbox 0 0 1442 4770; x_wconf 95' lang='lat' dir='ltr'><strong> </strong></span> 
     </span>
    </p>
   </div>
  </div>
 </body>
</html>
