2874 4770
690 122 835 234 aas*

126 344 223 410 robur
244 343 282 406 ad
304 340 505 405 sublevandas
526 346 625 404 tantas
648 342 745 403 moles
768 359 802 402 se
818 339 983 403 extendere
998 338 1113 412 valeat,
1136 337 1309 420 leniuntque

128 451 210 512 muri
230 450 282 510 isti
304 438 395 510 iidem
411 454 569 528 poetarum
589 447 757 518 miraculis,
781 447 833 525 qni
856 451 981 517 eaauat,
1005 443 1160 524 Orpheum
1182 445 1213 506 ia
1236 462 1309 507 coa·

128 554 300 628 structione
326 551 489 614 Thebanae
512 552 595 612 urbis
618 551 741 613 affuisse
765 568 835 612 cum
858 567 911 611 saa
934 549 997 631 lyra
1031 555 1061 610 et
1082 549 1158 611 adeo
1183 548 1311 611 dulciter

128 658 299 730 munisse,
331 662 366 717 ut
387 673 457 719 saxa
478 658 630 737 ingentia,
662 675 739 737 quae
770 657 909 719 homines
937 657 1055 718 elevare
1078 674 1139 718 aon
1161 662 1310 735 poterant,

130 780 282 849 superse
304 761 438 845 laricem
461 761 631 824 adsonem
653 762 735 841 lyrae
759 761 913 822 saltarent.
958 760 1021 821 Sed
1049 767 1080 822 et
1100 759 1214 832 Titani,
1252 760 1310 822 diis

131 869 256 933 eoelum
278 867 398 945 eripere
431 865 624 939 conantibus,
658 872 779 927 montes
808 864 959 947 montibus
988 871 1019 926 et
1048 872 1150 945 petras
1181 867 1309 929 molibus

130 976 412 1055 superposuerunt,
441 976 476 1031 ut
504 971 560 1033 sibi
582 972 613 1032 ia
648 970 768 1032 coelum
798 987 960 1032 ascensum
991 976 1140 1051 pararent.
1186 968 1313 1032 Videtur

131 1096 206 1159 ergo
228 1094 334 1141 murus
356 1076 408 1139 ille
430 1094 490 1139 non
512 1077 667 1139 hominum
690 1076 819 1150 labore,¹
845 1074 901 1138 sed
930 1080 1083 1158 gigantum
1118 1082 1228 1139 conatu
1262 1076 1311 1139 rel

132 1180 248 1262 Orphei
270 1181 342 1243 ludo
365 1199 435 1242 esse
457 1188 667 1254 constructus,
700 1184 863 1261 praecipue
893 1186 996 1242 tamea
1027 1182 1117 1242 turris
1141 1180 1172 1241 S.
1196 1179 1312 1243 Nicolal

131 1291 165 1352 in
188 1305 226 1350 eo
248 1286 316 1348 loco
344 1287 435 1346 maris
464 1286 500 1347 ab
531 1287 660 1364 anaqms
684 1292 874 1360 constancia,
907 1287 959 1349 ubi
987 1287 1094 1367 priscis
1126 1289 1312 1366 temporibus

132 1391 279 1454 Colossae
301 1391 352 1451 ille
375 1391 500 1469 ingens,
523 1389 561 1451 de
589 1408 648 1469 quo
672 1407 762 1469 supra
786 1389 900 1451 dictam
924 1395 989 1462 est,
1013 1391 1131 1468 positus
1155 1397 1229 1453 erat.
1259 1393 1313 1455 Est

132 1499 215 1560 enim
237 1495 334 1557 moles
355 1496 421 1574 ipse
443 1501 650 1556 trecentorum
673 1497 794 1556 circiter
816 1513 960 1574 passuum
992 1497 1023 1556 la
1054 1512 1137 1556 mare
1160 1503 1311 1576 protensa,

133 1602 210 1661 miro
234 1598 348 1660 artticio
374 1599 545 1661 manufacta
572 1597 621 1662 vel
652 1600 793 1680 giganteo
822 1598 932 1660 robore
956 1605 1007 1660 aut
1024 1599 1181 1678 Orpheseo
1204 1619 1313 1664 canore

135 1707 343 1784 comportata,
367 1718 444 1781 quae
466 1720 522 1763 suo
546 1698 710 1781 progressu
732 1707 853 1782 portum
870 1702 1042 1763 triremibus
1064 1709 1166 1782 optma
1189 1722 1206 1766 a
1228 1712 1314 1786 parte

134 1805 434 1896 occidentis‘eiticit,
466 1805 552 1885 cujas
575 1807 715 1867 introitus
749 1806 905 1868 canoribus
930 1804 1137 1881 concluditur,
1169 1814 1202 1870 at
1224 1813 1311 1872 trire-

133 1913 193 1975 mis
216 1904 328 1970 iatrare
356 1912 404 1971 rix
432 1913 538 1991 possit.
584 1910 721 1990 Denique
754 1917 853 1972 turres
885 1917 1040 1991 portarum
1072 1919 1104 1974 et
1136 1916 1315 1997 angulorum

132 2024 198 2079 tam
220 2014 314 2077 lortes
337 2023 369 2076 et
391 2016 468 2077 altae
491 2022 575 2089 sunt,
599 2024 632 2078 ut
647 2018 764 2096 stupori
779 2018 839 2078 sint
854 2018 991 2079 intuenti.
1023 2016 1084 2079 Sed
1108 2022 1315 2099 superomnia

135 2119 297 2183 castellum
312 2119 501 2182 dominorum
517 2122 646 2182 militum
661 2119 943 2200 ierosolymitarum
965 2123 996 2183 in
1012 2121 1109 2184 altiori
1131 2133 1216 2204 parte
1232 2128 1314 2189 orate

134 2226 269 2288 locatum
291 2230 339 2286 est
362 2227 440 2286 sicut
461 2244 547 2286 mons
563 2225 651 2297 Sion,
674 2224 794 2286 tlrmum
815 2231 849 2285 ut
863 2226 968 2287 civitas
990 2232 1023 2286 et
1038 2244 1088 2288 arx
1103 2226 1207 2290 David.
1254 2229 1314 2290 lle·

135 2329 251 2392 molitis
273 2331 354 2391 enim
376 2331 515 2391 omnibus
537 2328 728 2390 interioribus
744 2329 780 2389 ab
795 2329 926 2390 inimicis
942 2329 1040 2392 adbuc
1055 2331 1103 2392 vir
1119 2337 1167 2393 est
1182 2333 1315 2412 inceptio

137 2433 334 2517 desolationis
356 2435 439 2494 urbis
462 2439 562 2494 stante
584 2430 644 2493 boc
666 2431 801 2492 castello.

225 2537 356 2599 Demum
379 2543 409 2598 et
431 2552 626 2616 possessores
656 2534 736 2595 illias
759 2533 875 2595 insulae
906 2540 937 2595 et
959 2534 1087 2596 aivitstis
1110 2544 1181 2599 sunt
1204 2538 1316 2601 milites

136 2640 409 2722 Hierosolymitae,
444 2640 515 2702 dicti
537 2639 732 2712 lohannitae,
767 2639 823 2702 sed
846 2637 997 2719 quomodo
1021 2638 1059 2701 ad
1082 2657 1187 2702 eorum
1210 2661 1317 2707 manus

136 2748 215 2811 baec
237 2746 393 2809 devenerit
414 2747 530 2817 insula,
554 2747 658 2807 statim
688 2743 879 2826 subjungam.
924 2744 1057 2824 Populus
1080 2747 1192 2810 multus
1215 2756 1263 2811 est
1286 2751 1317 2812 in

136 2852 197 2919 bac
219 2852 305 2924 arbe,
327 2851 658 2929 Christianiatriusqae
672 2852 757 2922 ritus,
773 2849 871 2912 Latini
894 2858 925 2913 et
940 2850 1062 2923 Graeci,
1084 2849 1191 2914 iudaei
1213 2854 1317 2934 plures

138 2962 174 3018 et
194 2952 380 3017 ludaeorum
401 2971 586 3036 synagogae,
621 2960 651 3015 et
673 2955 862 3019 orientalium
887 2953 1097 3034 parocbicolae
1121 2960 1152 3017 et
1174 2956 1316 3020 occiden-

136 3058 245 3121 talium
268 3059 435 3132 ecclesiae,
466 3061 648 3121 monasteria
671 3067 703 3121 et
724 3061 869 3140 capellae.
904 3058 1002 3122 Latini
1024 3062 1065 3122 ibi
1087 3063 1198 3125 habeat
1220 3062 1317 3124 archi·

138 3164 319 3243 episcopum
352 3163 508 3225 dominum
542 3164 766 3226 colossensem.
816 3164 909 3227 Porro
943 3167 1022 3227 inter
1054 3166 1167 3228 milites
1201 3164 1317 3245 templi,

138 3267 280 3330 dominos
301 3268 435 3340 insulae,
460 3270 614 3347 praecipui
636 3275 708 3329 sunt
730 3268 881 3340 Cataloai,
916 3275 947 3330 et
969 3269 1093 3332 demum
1115 3269 1316 3350 Francigenae

139 3379 175 3435 et
193 3372 329 3453 Anglici,
358 3374 475 3434 minimi
497 3378 567 3434 sant
588 3371 703 3433 nobiles
727 3370 903 3444 Alemanni,
927 3390 1049 3453 semper
1070 3375 1265 3454 pauperiores
1288 3377 1319 3434 et

124 3456 279 3540 ¹omnium
299 3479 389 3539 servi.

228 3580 329 3642 lasela
351 3582 426 3643 baec
449 3587 481 3643 et
503 3583 607 3643 civitas
629 3581 667 3641 ab
690 3582 820 3660 antiquis
842 3582 1031 3663 temporibus
1046 3583 1173 3648 dirersis
1195 3587 1319 3667 proeliis

138 3684 199 3747 init
212 3693 325 3748 reama.
358 3685 443 3748 lianc
459 3688 540 3747 enim
553 3685 744 3764 Argonautae
760 3691 883 3746 centum
898 3691 984 3749 annis
1000 3696 1069 3751 ante
1081 3692 1321 3754 destructionem

140 3786 253 3867 Troiae
283 3807 450 3869 purgavere
483 3797 515 3850 et
542 3789 728 3866 repositione
757 3790 841 3850 aurei
872 3791 992 3853 velleris
1026 3794 1178 3858 celebrem
1207 3796 1320 3868 iecere,

141 3912 204 3956 non
226 3895 341 3974 absque
363 3894 451 3956 bellis
474 3894 566 3956 illatis
589 3889 645 3971 (b)
668 3894 776 3956 incolis
799 3892 882 3971 ejas,
905 3898 1012 3977 quibus
1028 3901 1160 3980 expulsis
1175 3902 1321 3963 nobilium

141 3999 288 4061 habitatio
311 3999 391 4061 iacta
413 4007 477 4071 est,
500 3997 556 4060 scd
579 3999 649 4077 quia
663 3997 803 4061 virebant
824 4000 890 4063 sine
914 4020 986 4083 rege
1008 4011 1039 4067 et
1053 4004 1135 4086 lege,
1158 4004 1321 4067 insurrexit

141 4108 249 4164 eontra
270 4119 326 4165 eos
347 4102 542 4184 llipolemns,
577 4101 659 4163 ioris
680 4101 777 4178 lilios,
808 4105 855 4165 sir
875 4105 1059 4182 bellicosas,
1092 4116 1125 4169 et
1146 4107 1244 4172 classe
1266 4124 1320 4188 ap·

141 4207 221 4289 polit
247 4208 367 4271 imolae
399 4224 497 4289 uque
525 4207 646 4271 &sicta
672 4224 725 4271 rex
755 4208 799 4271 ibi
826 4209 908 4273 sedit
939 4218 972 4275 et
1004 4219 1075 4293 post
1101 4228 1173 4273 enm
1194 4210 1321 4273 Graecis
