2874 4770
691 174 752 244 173

132 350 249 422 nicusi,
272 355 360 413 utet
382 351 439 411 sibi
463 350 500 412 de
522 353 639 430 na'vigio
662 352 850 431 provideret,
874 357 905 414 et
921 351 1015 415 locuti
1030 371 1100 415 eum
1116 353 1238 417 domino
1253 354 1308 417 Se·

130 456 266 517 bastiano
285 456 439 516 Conterini
463 474 587 528 surnus,
612 476 743 536 eumque
767 460 846 519 sicut
868 476 917 519 mo
940 459 971 518 in
993 475 1078 520 suam
1099 459 1217 538 galeam
1241 478 1307 522 sus·

131 562 230 639 cepit,
263 559 308 620 de
336 577 396 637 quo
425 560 589 638 plurimum
620 562 740 639 gavisus
775 558 888 642 (sum),
921 581 990 623 narn
1012 581 1029 622 a
1051 561 1187 624 Venetiis
1211 581 1307 642 usque

130 666 191 726 bue
202 682 324 745 semper
334 663 483 724 individui
495 664 618 736 fuimus,
633 683 689 724 nco
706 667 736 725 in
752 668 930 726 societatem
940 668 1166 745 peregrinorum
1178 668 1307 729 Sanctae

134 770 311 831 Catharinae
338 768 487 840 venisset,
518 770 578 829 nisi
610 786 665 847 per
696 788 744 830 me
766 769 909 831 inductus
938 776 969 830 et
998 768 1136 846 adjutus,
1163 778 1196 833 ut
1224 776 1308 849 patet

131 873 164 934 P.
191 870 219 935 1.
243 872 306 935 Fol.
331 869 405 936 221.
429 870 463 931 Β.
502 872 735 950 consequenter
758 874 808 933 alii
831 875 984 953 peregrini
1008 875 1100 935 etiarn
1121 873 1177 936 sibi
1207 877 1305 954 provi·

132 978 242 1040 derunt
264 978 302 1039 dc
325 978 466 1063 navibus,
491 983 522 1036 et
543 975 631 1038 divisi
654 995 748 1039 sunus
774 979 809 1038 ab
833 980 965 1039 invicem
991 980 1024 1038 in
1048 985 1174 1055 quatuor
1196 996 1307 1040 nares:

134 1089 203 1143 octo
227 1085 309 1143 euim
331 1080 483 1160 peregrini
506 1086 655 1142 venerunt
683 1084 714 1141 in
738 1083 843 1161 galean
867 1082 980 1143 domini
1004 1082 1174 1143 Sebastiani
1198 1083 1308 1144 Conte-

132 1188 204 1258 rini‚
229 1204 336 1247 omnes
359 1185 479 1246 scilicet
502 1183 616 1245 domini
638 1186 754 1264 primae
778 1187 931 1246 societatis
961 1192 992 1246 et
1015 1204 1072 1265 ego
1098 1204 1166 1246 curn
1189 1186 1309 1248 domino

131 1289 267 1351 Johanne
291 1289 330 1350 dc
355 1291 446 1351 tertie
467 1290 632 1360 societate;
657 1296 785 1367 quatuor
801 1291 910 1368 reliqui
930 1289 968 1350 de
984 1292 1074 1350 tertia
1096 1293 1243 1352 societate
1258 1311 1309 1353 vc·

131 1401 240 1456 nerunt
262 1397 292 1455 in
317 1393 435 1472 galcam
458 1391 571 1452 domini
589 1391 787 1453 Bernhardini
809 1394 978 1466 Conterini3
1003 1393 1063 1454 duo
1086 1395 1195 1455 iratres
1212 1397 1309 1456 rnino-

133 1517 199 1571 res,
233 1504 320 1581 pater
349 1496 461 1558 Paulus
493 1503 524 1557 et
554 1495 646 1557 irater
669 1493 801 1558 Thomas
831 1501 947 1576 recepti
977 1499 1100 1560 fuerunt
1129 1501 1161 1559 iu
1191 1500 1310 1577 galeam

135 1603 248 1690 domini
279 1599 376 1663 Marci
404 1601 442 1661 de
470 1599 616 1672 Jordano;
645 1599 760 1661 domini
789 1605 940 1682 peregrini
972 1603 1123 1664 secundae
1156 1606 1310 1666 societatis

135 1712 283 1767 venerunt
303 1707 334 1765 in
351 1705 468 1784 galeam
483 1703 597 1765 domini
611 1703 751 1766 Andreae
775 1705 814 1767 dc
829 1705 970 1768 Jordano.
994 1705 1054 1767 lsta
1077 1714 1178 1768 autern
1201 1706 1308 1769 divisio

135 1816 237 1870 nostra
269 1829 331 1870 non
361 1809 473 1888 absque
504 1808 606 1888 litigiis
629 1813 659 1868 et
690 1811 933 1886 contentionibus
956 1811 1106 1880 transivit,
1139 1809 1308 1888 dequibus

133 1916 266 1975 scribere
287 1932 349 1974 non
371 1921 419 1974 est
441 1930 578 1975 neeesse.
607 1913 724 1975 Effeotu
746 1920 847 1975 autern
870 1915 1000 1991 patebit,
1024 1913 1106 1992 quod
1129 1932 1219 1974 nerno
1243 1932 1306 1975 rne-
1374 1988 1380 1997 ,

132 2019 191 2080 lius
215 2021 354 2098 provisus
376 2017 448 2091 init,
478 2019 538 2080 nisi
560 2024 630 2079 octo
653 2020 758 2098 primi,
787 2018 838 2079 alii
859 2018 954 2078 multa
975 2021 1198 2090 sustinuerunt,
1220 2021 1307 2080 utin

131 2123 328 2202 sequentibus
349 2123 473 2201 patebit.

132 2369 322 2461 Dispositio
356 2368 620 2459 peregrinorum
664 2370 711 2441 ad
743 2389 867 2458 naves,
911 2375 946 2443 et
983 2372 1157 2462 quomodo
1193 2390 1308 2447 ramos

363 2470 564 2582 palmarum
592 2493 658 2565 eni
685 2512 764 2565 cum
789 2494 944 2583 periculo
973 2512 1062 2567 meo.

224 2726 390 2791 Tricesima
400 2732 498 2809 prima
515 2730 563 2792 die
577 2728 716 2793 Octobris
728 2736 759 2792 et
770 2731 884 2805 ultima,
904 2749 980 2811 quae
998 2738 1045 2793 est
1060 2733 1160 2810 vigilia
1172 2733 1308 2797 omnium

133 2833 315 2896 Sanctorum
335 2835 421 2896 lectis
444 2836 546 2896 missis
567 2836 736 2914 incepimus
751 2854 808 2896 nos
823 2833 985 2915 disponere
1009 2836 1046 2897 ad
1067 2839 1239 2915 ingressum
1254 2855 1306 2900 na-

130 2941 228 3012 vium3
254 2945 286 3001 et
312 2957 483 3002 emeramus
504 2957 556 3013 ea,
580 2958 658 3019 quac
674 2941 844 3001 sciebamus
859 2939 946 3000 nobis
971 2958 1040 3002 csse
1063 2944 1236 3002 necessaria
1251 2959 1307 3021 per

131 3062 223 3105 mare.
262 3044 304 3107 Ea
323 3043 445 3107 dicerni
463 3064 521 3125 ego
532 3063 631 3106 rarnos
644 3045 822 3125 palmarum,
837 3044 916 3109 ultra
927 3041 989 3116 Lx,
1005 3043 1117 3122 prodis
1129 3046 1306 3124 palmarum,

132 3165 207 3226 quos
231 3166 300 3209 curn
322 3150 458 3228 periculo
481 3152 559 3223 erni,
583 3168 652 3211 curn
668 3148 872 3210 sollicitudine
895 3167 951 3227 per
977 3167 1059 3209 mare
1083 3149 1151 3210 duxi
1183 3157 1214 3211 et
1237 3169 1307 3212 cnm

130 3254 271 3330 expensis
300 3261 331 3314 et
353 3254 504 3316 laboribus
527 3271 583 3334 pcr
603 3260 716 3315 terram
728 3251 848 3314 Ulmam
864 3234 974 3315 ddvebi
995 3257 1163 3334 procuravi.
1205 3254 1305 3317 Emtio

129 3362 232 3417 autem
265 3374 371 3417 eorum
403 3357 460 3418 fuit
488 3375 543 3436 pro
575 3363 657 3418 tanto
680 3355 870 3436 periculosa:
901 3358 1025 3418 transivi
1057 3376 1112 3436 per
1144 3358 1243 3418 iorum
1275 3364 1307 3420 et

128 3461 241 3521 multos
264 3460 326 3524 vidi
356 3460 393 3522 de
416 3461 495 3522 foliis
523 3468 554 3523 et
575 3462 683 3540 plectis
706 3461 875 3539 palmarum
898 3468 1018 3540 sportas
1040 3462 1227 3542 plectentes,
1250 3460 1306 3522 scd

126 3565 247 3625 nullum
268 3583 387 3626 ramum
408 3567 517 3637 inveni,
542 3564 610 3626 dedi
635 3571 736 3625 autern
756 3564 875 3626 cuidam
890 3566 1056 3626 sarraceno
1072 3566 1220 3644 sportario
1244 3566 1305 3643 sig-

126 3688 217 3741 num,
242 3687 280 3745 an
302 3670 428 3730 haberet
452 3663 506 3756 (b)
530 3671 562 3729 in
586 3669 677 3730 dorno
700 3688 801 3730 ramos
824 3669 1017 3748 palmarum?
1062 3669 1237 3748 Intelligens
1254 3686 1305 3729 au·

126 3780 192 3833 tem
215 3790 265 3834 rne
289 3774 418 3834 surrexit
450 3771 488 3835 de
517 3773 601 3835 valva
631 3776 745 3853 negotii
778 3776 825 3835 sui
848 3781 880 3835 et
909 3775 1033 3848 laboris,
1067 3781 1098 3835 et
1120 3790 1170 3832 me
1200 3789 1306 3833 seeum

127 3876 211 3937 duxit
235 3895 291 3957 per
317 3878 441 3955 longum
456 3879 565 3939 vicum.
605 3877 710 3956 lncepi
725 3884 827 3939 autern
846 3878 980 3941 dubitare
1005 3883 1085 3941 iuter
1113 3894 1163 3937 me
1186 3878 1305 3947 timens,

128 3999 168 4041 nc
192 3981 378 4045 Sarracenus
411 3981 572 4043 seduceret
604 4000 670 4054 mc,
705 3989 736 4042 et
764 3980 835 4043 dedi
858 3983 915 4043 sibi
938 3984 1072 4064 siguum,
1102 3979 1184 4059 quod
1206 3978 1306 4041 redire

129 4085 256 4157 vellem,
288 4091 319 4148 et
342 4087 435 4148 averti
457 4103 507 4153 me
531 4086 567 4145 ab
591 4103 637 4146 eo.
682 4084 747 4146 Hoc
777 4093 811 4147 ut
832 4088 947 4149 notavit
973 4089 1081 4159 homo,
1114 4084 1251 4145 turbatus
1275 4087 1308 4144 ct

128 4189 266 4251 tristatus
288 4189 345 4251 tuit
366 4190 493 4271 loquens
520 4190 594 4252 mibi
616 4191 732 4259 seriose
755 4189 967 4265 sarracenice,
999 4207 1077 4271 quae
1111 4206 1172 4249 uon
1193 4188 1306 4251 intelli.
