2874 4770
681 161 749 232 868

131 340 169 404 ad
191 360 297 404 eorum
325 359 486 404 accursum
514 341 606 404 draco
635 347 699 403 tam
727 339 911 403 horribiliter
944 339 1055 420 prodiit
1085 341 1308 405 flammantibus

131 449 227 509 oculis
249 455 281 510 et
294 446 446 509 iracundis
461 447 716 518 tortuositatibus,
738 445 818 524 quod
841 462 931 505 nemo
954 445 1014 506 huc
1036 465 1134 524 usque
1159 451 1308 509 sustinere

131 552 237 631 potuit
282 551 369 614 llanc
389 553 541 614 fictionem
565 561 698 616 sumtam
727 560 801 633 puto
825 571 860 614 er
885 554 1025 637 carmine·
1044 555 1178 633 quodam
1203 556 1309 634 Ovidii,

41 696 45 703 ,
130 660 245 736 inquo
267 675 323 735 per
344 660 445 719 omnia
467 659 566 720 simile
587 661 741 719 recitatur.
786 657 819 718 Si
841 656 878 718 de
901 657 960 718 hoc
982 659 1131 737 loquitur,
1157 664 1272 721 nescio.

216 760 384 823 Commune
406 764 492 825 valde
515 769 562 824 est
584 762 665 842 apud
687 769 816 833 veteres,
839 762 922 840 loqui
945 761 984 821 de
1006 764 1306 824 transmutationibus

129 867 287 927 hominum
319 869 349 927 in
372 886 442 930 saxa
473 877 524 930 aut
545 869 657 929 bestias
691 875 742 929 aut
764 869 903 938 arbores,
932 869 1013 928 sicut
1035 874 1119 945 patet
1148 867 1188 927 de
1213 868 1304 937 Circe,

129 971 264 1032 malefica
286 973 411 1033 muliere
434 976 465 1034 iu
489 980 591 1034 monte
608 973 742 1042 Circaeo,
766 971 964 1051 Campaniae,
992 973 1072 1031 circa
1096 989 1190 1049 quem
1213 971 1304 1031 adhuc

128 1073 212 1151 ajunt
234 1074 350 1135 incolae
373 1077 473 1153 rugire
495 1076 618 1146 leones,
640 1074 761 1135 sibilare
785 1074 931 1135 dracones
957 1073 1098 1151 ferasque
1123 1075 1207 1146 alias,
1231 1092 1303 1153 quos

131 1195 168 1238 er
192 1177 364 1239 homiuibus
395 1181 572 1243 incantatrix
602 1197 685 1239 nuuc
713 1177 803 1249 iecit,
833 1177 871 1238 de
900 1178 1008 1255 quibus
1041 1177 1185 1255 Virgilius
1216 1176 1305 1237 multa

130 1289 227 1343 metra
250 1285 349 1354 canit;
373 1290 404 1366 et
418 1282 565 1345 Medusae
582 1282 651 1344 llari
675 1290 705 1343 et
729 1284 812 1343 aurei
829 1282 927 1342 crines
943 1300 998 1360 per
1012 1279 1184 1341 Minervam
1201 1282 1305 1341 mutati

128 1395 199 1447 suut
232 1389 263 1446 iu
292 1404 407 1465 angues
442 1405 498 1466 pro
530 1406 583 1459 eo,
615 1386 697 1465 quod
731 1387 889 1467 Neptunus
919 1402 989 1446 cum
1020 1403 1056 1445 ea
1086 1385 1249 1445 concubuit
1277 1386 1305 1443 in

127 1492 242 1569 templo
257 1488 422 1552 Minervae.
453 1491 490 1550 Et
512 1489 682 1553 Alexander
702 1489 833 1569 Magnus
857 1489 1039 1568 gloriabatur
1061 1507 1095 1549 se
1120 1484 1191 1549 esse
1214 1489 1304 1549 lilium

128 1594 283 1665 draconis,
306 1601 340 1655 ut
354 1594 416 1654 Fol.
432 1591 484 1658 88.
508 1594 644 1657 habetur.
676 1595 713 1655 Et
734 1595 813 1655 filiae
827 1592 975 1672 Antiopae
991 1599 1125 1652 mutatae
1141 1595 1171 1652 in
1190 1610 1304 1664 vaccas,

128 1704 159 1758 et
180 1695 216 1757 Jo
238 1697 317 1759 iacta
339 1698 395 1759 luit
416 1715 522 1770 vacca,
545 1705 575 1759 et
598 1697 753 1760 Ore-hedes
776 1698 882 1758 mutati
904 1696 1025 1758 luerunt
1047 1698 1078 1756 in
1102 1696 1202 1775 lupos.
1234 1696 1304 1757 Per·

125 1818 197 1862 scus
232 1803 323 1862 etiam
356 1820 425 1863 cum
459 1802 609 1882 Gorgonis
643 1810 733 1882 caput
750 1803 929 1864 abscissum
959 1803 1146 1863 ostendisset
1176 1803 1304 1872 Acrisio,

125 1909 258 1963 mutatus
280 1903 337 1964 tuit
358 1905 493 1966 Acrisius
521 1909 552 1967 in
575 1925 695 1979 saxum;
727 1914 759 1969 ct
782 1907 889 1968 Cinara
915 1924 968 1968 rex
990 1903 1200 1985 Assyriorum,
1234 1906 1304 1966 dum

125 2009 156 2066 iu
179 2008 380 2068 calamitatem
410 2011 458 2069 sui
479 2009 531 2070 lilii
554 1998 739 2081 inciderent,
765 2009 866 2071 flendo
891 2027 998 2070 corum
1020 2009 1184 2071 infortunia
1209 2017 1303 2070 muta·

124 2118 173 2171 tus
197 2110 252 2171 luit
274 2113 304 2171 in
327 2111 469 2191 lapidem.
500 2115 563 2176 Sed
586 2123 617 2174 et
639 2133 725 2176 sacra
747 2116 896 2195 scriptura
917 2116 1071 2176 verissima
1087 2121 1304 2174 commutatam

126 2232 195 2276 esse
217 2217 247 2277 in
272 2225 402 2279 statuam
426 2217 498 2278 salis
520 2238 645 2281 uxorem
667 2218 747 2281 Loth
760 2227 912 2292 testatur,
946 2221 1015 2298 quia
1038 2220 1238 2295 retrospexit,
1272 2221 1304 2276 ut

125 2320 254 2403 habetur
283 2321 437 2384 Geneseos
460 2323 549 2396 Xlll,
583 2325 704 2405 dequo
735 2320 863 2387 liabetur
895 2323 927 2385 P.
951 2323 972 2386 l.
1004 2323 1067 2384 Fol.
1091 2319 1165 2384 245.
1216 2320 1303 2393 Quod

126 2431 227 2485 autem
249 2426 349 2488 herbis
372 2436 423 2489 aut
446 2435 565 2490 cantato
589 2416 722 2490 carmine
754 2431 784 2490 in
807 2427 924 2489 belluas
955 2434 986 2487 et
1015 2425 1131 2505 lapides
1162 2426 1302 2485 homines

126 2529 393 2603 transformentur,
426 2533 484 2593 hoc
513 2533 680 2596 videtura
710 2532 971 2594 multisconccdi
1002 2529 1146 2610 possibile
1177 2529 1303 2607 magicis

126 2633 332 2708 illusionibus,
356 2655 426 2696 cum
441 2636 602 2698 Pharaonis
627 2655 731 2716 magos
755 2656 790 2700 ea
807 2638 869 2697 suis
886 2638 998 2696 artibus
1015 2636 1124 2696 iecisse
1142 2633 1295 2694 credimus

127 2755 204 2815 quae
227 2738 355 2802 iaciebat
368 2739 492 2820 Moyses
515 2746 626 2816 virtute
650 2744 758 2804 divina.
797 2741 858 2802 Sed
874 2742 912 2803 dc
935 2742 991 2803 bac
1015 2759 1048 2801 rc
1071 2740 1229 2818 disputare
1245 2757 1303 2798 non

127 2849 173 2901 est
195 2847 288 2903 nostri
312 2850 467 2924 propositi.
499 2845 547 2908 Ad
568 2849 760 2928 Hippocratis
783 2847 894 2908 medici
916 2848 1007 2908 liliam
1029 2844 1200 2914 redeamus,
1226 2859 1302 2920 quae

126 2961 217 3021 quare
241 2948 275 3005 in
298 2946 460 3010 draconem
490 2958 603 3012 mutata
628 2953 735 3026 luerit,
760 2972 819 3013 nou
846 2952 919 3030 legi,
943 2952 1000 3011 nisi
1031 2949 1134 3009 dicere
1163 2945 1303 3014 velimus,

126 3045 207 3123 quod
229 3050 307 3108 sicut
329 3059 415 3129 pater
446 3052 511 3130 ejus
535 3036 647 3118 multos
678 3060 809 3129 sanavit,
842 3059 886 3117 sio
916 3057 965 3117 illa
996 3073 1050 3115 sua
1080 3052 1302 3135 pulchritudine

124 3148 235 3207 multos
257 3152 445 3229 intoxicavit,
477 3156 547 3218 ideo
572 3169 696 3239 propter
718 3160 839 3240 aliquod
868 3160 968 3220 scelus
992 3159 1119 3238 turpe'a
1142 3165 1228 3236 patre
1254 3173 1302 3215 ca-

124 3267 227 3313 merac
260 3257 472 3322 subterraneae
505 3262 561 3323 luit
584 3263 704 3338 lnclusa
733 3272 763 3324 et
791 3271 927 3334 mortua,
962 3280 1051 3342 quam
1083 3260 1166 3323 rudis
1195 3261 1301 3339 vulgus

123 3359 331 3435 suspicabatur
354 3367 466 3439 vivam,
490 3374 521 3428 et
543 3370 656 3430 invenit
679 3368 864 3447 praedictam
887 3366 1027 3428 fabulam.

211 3462 303 3527 Porro
328 3477 448 3548 praeter
469 3473 545 3534 hanc
568 3473 659 3557 liliam
694 3473 782 3533 aliam
816 3471 934 3544 habuit,
966 3471 1087 3530 nominc
1108 3470 1302 3549 Ageroniam,

124 3566 269 3641 optimam
292 3573 458 3648 medicam,
492 3596 582 3656 quam
614 3579 730 3638 romani
759 3584 876 3637 veteres
901 3576 1057 3655 pontifices
1088 3576 1171 3636 cultu
1202 3575 1301 3636 divino

123 3673 343 3737 venerabantur
375 3678 428 3741 Xll
459 3682 524 3743 scil.
548 3681 681 3743 lanuarii
716 3697 843 3758 eamque
874 3681 947 3740 solis
977 3679 1067 3740 filiam
1097 3680 1302 3754 nominabant,

124 3788 221 3851 aqua
244 3774 395 3841 foeminae
410 3787 594 3860 potestatem
610 3782 778 3844 medicandi
795 3789 995 3861 acceperunt,
1019 3790 1050 3842 et
1073 3782 1163 3843 hodic
1187 3785 1302 3861 passim

123 3896 158 3939 se
180 3881 383 3943 intromittunt
405 3884 443 3945 de
467 3886 571 3946 dandis
605 3887 763 3948 medicinis
797 3886 992 3947 mulierculae
1015 3887 1172 3959 indoctae,
1207 3889 1301 3966 phan-

122 3989 262 4058 tasticae,
287 3991 549 4066 superstitionibus
574 3991 702 4068 plenae,
730 3991 866 4053 Rozosae
890 3999 921 4053 ct
943 3992 1111 4070 Beguttae3
1142 4013 1203 4054 non
1227 3995 1300 4075 llip-

123 4097 255 4173 pocratis
278 4093 373 4165 filiae,
407 4093 463 4154 sed
485 4093 620 4166 Biantis,
653 4097 703 4174 qui
734 4096 870 4157 medicus
893 4098 1095 4174 interrogatus
1127 4098 1163 4159 ab
1186 4098 1300 4178 lphylo,

123 4197 200 4261 lilios
221 4183 283 4260 uon
305 4213 486 4280 procreans,
509 4195 582 4276 qttid
613 4197 651 4261 ad
666 4197 896 4280 progreandtim·
915 4206 1015 4273 esset,
1038 4200 1182 4278 agedum,
1205 4203 1302 4264 suasit
