2902 4710
683 166 749 238 iti

129 349 185 409 tati
208 363 295 408 meae
318 345 549 424 relinqueretur.
595 346 668 408 Sole
687 344 751 423 jam
767 344 939 408 declinante
959 334 993 408 in
1016 345 1170 427 oppidum,
1194 343 1315 410 dictum

130 450 290 530 brunegg‚
324 451 475 520 venimus,
510 450 641 529 hospitio
662 450 742 511 bono
765 452 900 530 suscepti
924 455 955 511 et
977 468 1033 531 per
1055 457 1176 514 noctem
1199 466 1314 531 prosu-

132 556 236 616 curati.
282 553 334 614 Est
364 558 464 614 eutem
486 550 627 632 brunegg
657 552 802 632 oppidum
835 552 922 615 valde
949 554 1113 627 decorum,
1140 555 1314 635 pulchrum,

132 662 163 718 et
185 657 333 717 munitum
357 674 427 717 cum
449 665 547 719 castro
564 665 594 719 et
610 674 679 719 once
695 656 859 718 fortissima
874 676 966 738 supra
978 640 1132 735 civitatem
1148 662 1179 720 in
1195 666 1313 721 monte.

132 759 284 841 Oppidum
308 760 366 820 boc
389 749 499 822 nouum
523 768 590 833 est,
614 759 840 839 quodquidam
864 763 1026 842 episcopus
1048 761 1234 827 brixinensis
1259 781 1314 826 ex·

132 867 255 935 struxit,
278 862 376 925 dictus
392 862 509 936 Bruno,
533 870 564 925 et
587 882 643 925 suo
667 866 788 925 nomine
813 864 957 944 oppidum
979 866 1144 926 nominavit
1159 864 1316 947 Brunegg,

131 985 201 1028 nam
223 966 324 1029 villula
347 974 416 1028 aute
438 969 480 1030 ibi
503 967 619 1039 luerat,
643 985 720 1047 quoe
745 966 899 1029 dicebatur
913 967 990 1041 Eeb,
1013 970 1061 1030 cui
1085 986 1175 1031 suum
1198 988 1315 1044 nomen

133 1065 295 1151 episcopus
319 1069 460 1148 adjunxit.
496 1071 528 1132 ln
551 1072 609 1132 boc
633 1071 745 1151 oppido
768 1089 828 1132 non
851 1071 970 1134 auditur
992 1089 1085 1133 unum
1111 1073 1237 1135 verbum
1252 1072 1317 1136 lta·

131 1175 241 1244 licum,
265 1174 320 1236 sed
343 1177 458 1247 omnia,
482 1192 584 1236 mores
607 1181 637 1236 et
659 1175 778 1254 lingue,
805 1181 876 1235 sunt
899 1172 1073 1238 Teutonico.

219 1279 371 1340 Vicesime
386 1277 518 1340 secunda
535 1276 593 1351 die,
610 1295 687 1357 quae
704 1285 752 1338 est
765 1277 916 1339 Vincentii
931 1281 1080 1359 martyris,
1103 1279 1203 1342 audita
1217 1277 1318 1344 Missa

132 1383 302 1447 matutinali
331 1389 361 1443 et
379 1380 533 1459 jentaculo
565 1390 666 1443 sumto
695 1399 790 1460 equos
815 1380 1006 1442 ascendimus
1035 1388 1067 1443 et
1092 1383 1220 1444 ulterius
1241 1401 1317 1464 per·

132 1488 264 1550 reximus
287 1503 342 1565 per
362 1492 494 1556 montes,
519 1485 628 1556 colles,
651 1484 743 1547 valles
767 1490 798 1546 et
814 1484 954 1557 llumino,
978 1487 1050 1547 satis
1079 1492 1179 1548 autem
1198 1488 1318 1550 bonum

132 1593 191 1653 iter
213 1590 388 1660 habuimus,
412 1594 442 1649 et
466 1604 577 1668 paucas
600 1587 698 1664 (⁶227
714 1584 757 1665 a)
782 1586 944 1648 admodum
966 1590 1069 1660 nives,
1092 1589 1317 1670 videbaturque

133 1695 219 1756 nobis
243 1700 322 1755 terra
344 1693 385 1753 ibi
408 1709 477 1753 esse
501 1693 596 1771 magis
620 1688 767 1763 vernalis,
803 1709 893 1769 quam
917 1691 982 1753 heri
1006 1698 1037 1754 et
1059 1692 1169 1756 nudius
1191 1697 1317 1759 tertius.

133 1797 166 1858 ln
181 1798 276 1859 latere
291 1803 393 1860 autem
416 1792 573 1872 cujusdam
596 1796 707 1855 montis
729 1793 859 1856 vidimus
885 1797 1085 1858 minerearum
1109 1813 1219 1877 specus
1241 1815 1318 1878 pro-

134 1900 345 1971 fundissimas,
368 1897 406 1959 de
431 1899 538 1977 qulbus
563 1896 704 1959 dicebant
727 1897 854 1959 multum
877 1904 1043 1960 extractum
1067 1907 1243 1979 argentum;
1269 1903 1320 1963 in·

133 2004 243 2076 lenius,
278 2006 307 2064 in
332 2001 417 2068 vallis
441 2003 503 2063 imo
526 2000 659 2062 decurrit
681 2000 790 2086 fluvius
819 2018 946 2081 magnus
974 2001 1063 2081 longe
1090 2002 1167 2064 inira
1189 2004 1220 2064 ln
1243 2022 1319 2084 pro·

134 2105 234 2169 fundis
257 2107 398 2183 rupibus,
421 2105 529 2183 quibus
546 2111 720 2183 angustatus
735 2111 820 2166 vasto
837 2123 906 2166 eum
923 2124 1077 2168 murmure
1093 2106 1221 2168 volvitur
1237 2107 1319 2171 edeo

133 2211 235 2284 velox,
259 2218 292 2271 ut
314 2209 453 2274 luctuoso
477 2210 641 2270 certamine
658 2226 734 2287 aque
750 2226 859 2288 equam
874 2213 992 2289 praeire
1016 2211 1194 2283 contendat,
1219 2217 1250 2272 et
1274 2213 1320 2274 ita

134 2318 313 2381 violentatue
335 2316 415 2381 inter
436 2315 539 2375 obvios
562 2313 704 2391 scopulos
731 2312 898 2392 impellitur
921 2320 951 2374 et
972 2314 1060 2375 variis
1083 2315 1224 2375 incitatus
1247 2315 1319 2376 irri-

134 2421 277 2481 tamentis
309 2420 456 2479 montium
485 2424 656 2478 coarctatur
685 2417 825 2496 rupibus,
862 2435 898 2478 ex
927 2434 988 2496 quo
1022 2420 1185 2479 torrentior
1215 2417 1320 2481 iactus

135 2543 244 2604 magno
267 2527 382 2602 impetu
405 2521 509 2584 Athesi
533 2521 623 2584 lluvio
642 2520 789 2601 jungitur.
835 2521 934 2601 Super
956 2525 1110 2602 margines
1134 2538 1206 2601 ergo
1232 2522 1345 2583 illius.

136 2628 269 2689 iluminis
293 2627 491 2708 equitavimus
515 2633 617 2688 contre
642 2643 765 2706 aquam,
790 2627 883 2687 etita
906 2624 1054 2704 profunde
1078 2643 1154 2705 eque
1176 2643 1232 2704 per
1255 2627 1320 2688 vis·

137 2750 206 2793 cera
229 2738 382 2809 petrarum
405 2732 596 2809 penetrabat,
621 2730 702 2811 quod
725 2731 839 2809 absque
862 2728 1087 2808 horripilatione
1102 2747 1163 2789 non
1178 2723 1331 2808 poteram

138 2837 297 2914 inspicere.

225 2938 276 2998 Sic
300 2956 372 3016 ergo
403 2936 452 2999 die
476 2937 528 2999 illo
559 2957 655 3018 usque
686 2939 723 3001 ed
750 2955 892 3017 vesperas
923 2936 1052 2998 deducto
1087 2935 1318 3012 dimississiis,

137 3058 215 3121 quae
238 3039 353 3102 ducunt
380 3043 410 3101 in
434 3040 611 3102 Tridentum
641 3048 671 3102 et
700 3041 865 3112 bosonem,
899 3043 930 3101 in
961 3041 1140 3118 Sterzingen
1156 3039 1320 3120 oppidum

136 3143 290 3206 tendimus
313 3160 367 3223 per
390 3144 529 3205 aulonem
553 3144 638 3206 valde
663 3162 837 3215 amoenum,
870 3147 901 3205 in
924 3161 985 3223 que
1014 3145 1051 3204 ab
1074 3150 1201 3223 utreque
1230 3150 1320 3223 parte

77 3298 91 3308 .
137 3253 169 3312 in
192 3249 343 3310 montibus
367 3266 453 3310 arces
477 3254 507 3309 et
531 3255 629 3310 castra
651 3247 815 3311 lentissima
837 3255 934 3322 stant,
969 3255 999 3309 et
1022 3247 1109 3311 villae
1142 3247 1256 3308 multae
1286 3255 1321 3310 et

138 3370 248 3434 pascua
272 3354 410 3431 copiosa,
434 3359 465 3413 et
488 3351 609 3413 tandem
632 3354 662 3414 in
687 3353 832 3433 oppidum
856 3352 1023 3432 praelatum
1048 3353 1185 3414 venimus
1213 3351 1320 3430 ibique

138 3461 393 3539 pernoctavimus.
816 3530 819 3535 ,
1170 3476 1173 3481 ⁴

225 3562 404 3641 Steraingen
438 3560 581 3641 oppidum
617 3560 703 3622 ducis
735 3559 875 3623 Austriee
905 3561 1065 3641 pulchrum
1103 3566 1135 3621 et
1163 3577 1320 3639 maguum,

139 3663 291 3725 altissimis
325 3664 545 3726 circumdatum
581 3666 752 3737 montibus,
786 3666 844 3725 hoo
878 3683 991 3727 nomen
1020 3665 1158 3725 sortitum
1188 3668 1251 3735 est,
1285 3671 1321 3726 ut

138 3766 248 3838 fertur,
272 3785 287 3826 a
310 3766 440 3845 quodam
462 3767 664 3829 homuncione
687 3775 839 3829 strumoso
864 3776 894 3830 el
917 3769 1054 3848 gibboso,
1086 3769 1137 3847 qui
1161 3765 1322 3829 dicebatur

140 3869 259 3940 sternii,
283 3872 335 3948 qui
358 3872 455 3947 primo
470 3871 571 3931 locum
588 3872 769 3933 inhabitavit.
800 3872 862 3951 Ego
879 3879 981 3936 autem
1003 3874 1105 3953 polius
1123 3870 1320 3945 crediderim,

140 3972 221 4049 quod
242 3975 339 4050 primo
362 3989 471 4032 nomen
495 3972 598 4035 habuit
620 3975 785 4054 Eraingen,
810 3976 864 4037 sed
879 3976 960 4056 vulgi
976 3994 1060 4037 more
1075 3982 1181 4056 postea
1197 3974 1322 4039 additae

140 4082 210 4135 sunt
233 4072 309 4134 duae
332 4075 449 4134 litterae
468 4094 481 4136 s
499 4083 529 4137 et
545 4083 566 4137 t.
611 4076 694 4139 Bene
718 4087 821 4141 autem
843 4080 952 4142 dieitur
972 4079 1134 4159 Eraingen,
1158 4080 1226 4157 quia
1251 4098 1321 4141 me

139 4180 209 4241 tella
232 4180 272 4240 ibi
295 4180 326 4240 in
349 4197 421 4242 suas
444 4180 557 4244 formae
580 4181 700 4260 labricis
723 4182 909 4266 rediguntur.
942 4185 1019 4248 Sunt
1034 4184 1115 4247 enim
1129 4183 1170 4245 ibi
1184 4181 1322 4251 labrieee
