2902 4710
729 182 796 256 458

174 363 254 444 quod
276 363 307 424 in
331 362 451 424 civitate
474 380 533 424 non
556 363 709 442 potuimus
731 363 866 426 invenire
882 359 985 424 locum
999 361 1153 442 paululum
1170 360 1353 443 respirandi

172 467 255 530 llaec
279 469 383 529 civitas
405 486 466 529 non
490 476 536 530 est
559 485 667 548 magna
689 470 788 539 mole,
811 466 866 528 sed
888 468 995 547 ingens
1017 467 1128 528 uirtute
1150 472 1181 527 et
1194 465 1355 528 nobilitate

174 588 209 633 ex
232 571 486 633 nobilissimomm
512 571 624 633 ducum
638 571 778 634 lustriae
801 573 1013 651 possessione,
1037 571 1075 632 ud
1097 588 1226 651 quorum
1242 577 1355 632 nutum

173 674 325 755 dependet
346 678 437 737 totius
451 675 647 737 Alemanniae
671 677 766 748 salus,
789 677 952 757 praecipue
975 694 1056 736 nunc
1079 675 1135 736 hae
1158 680 1353 754 tempestate,

172 782 204 841 in
227 798 284 859 qua
308 781 411 863 mundi
434 782 595 842 monarcha
618 799 635 842 a
656 780 747 841 domo
779 781 901 841 illorum
933 778 1205 841 illustrissimorum
1237 776 1353 838 ducum

173 884 352 963 dependeat.
398 885 475 947 Nam
496 884 660 963 imperialis
684 883 850 962 majestatis
874 883 983 944 solium
1005 881 1175 943 Friderious
1197 878 1246 941 lll.
1277 899 1353 959 pos·

172 987 251 1050 sidet
275 986 374 1067 (228
383 984 441 1066 Β),
466 994 496 1049 et
519 1006 662 1053 coronam
676 966 802 1049 bomani
818 988 937 1068 imperii
952 984 1171 1047 Maximilianus
1188 981 1254 1060 ejus
1270 983 1353 1051 iilius

172 1092 306 1163 obtinet,
341 1094 393 1170 qui
424 1093 503 1161 siout
532 1090 590 1152 dun
611 1091 804 1163 Austrasiee,
838 1094 883 1152 sic
906 1096 937 1151 et
960 1089 1018 1151 dux
1040 1087 1231 1167 burgundiae
1255 1089 1352 1150 totius

171 1194 255 1256 solus
285 1198 385 1256 existit
415 1214 485 1256 curn
513 1196 574 1256 lilio
605 1213 661 1256 suo
695 1191 846 1274 Philippo,
879 1201 909 1255 et
940 1191 1079 1255 Athesim
1109 1196 1141 1251 et
1171 1192 1353 1253 comitatum

80 1364 88 1377 Ι
171 1297 321 1378 Tyrolim,
337 1299 495 1375 Suebiam,
510 1297 713 1378 brisgoviam,
728 1297 873 1358 hisatium
890 1293 1102 1375 sigismundus
1116 1294 1226 1366 habet,
1250 1300 1352 1357 unta-

171 1418 231 1481 que
254 1403 347 1480 gloria
369 1401 477 1463 domus
498 1400 638 1463 niustriae
661 1401 771 1481 pollet,
806 1402 840 1460 ut
862 1400 995 1461 universi
1025 1415 1114 1476 reges
1138 1405 1169 1458 et
1192 1399 1353 1479 principes

171 1505 350 1584 obsequium
372 1511 526 1586 praestent
548 1513 599 1566 aut
620 1504 797 1575 formident,
831 1508 862 1563 et
887 1503 985 1563 omnis
1015 1503 1120 1562 civitas
1149 1507 1182 1561 et
1202 1501 1290 1564 loeus
1314 1505 1353 1564 ab

151 1608 217 1668 =eis
241 1625 402 1685 possessus
425 1607 574 1686 quandam
597 1609 814 1686 ingenuitatem
848 1607 964 1666 eunctis
995 1602 1198 1666 venerandam
1227 1610 1259 1664 et
1287 1610 1354 1670 tre·

171 1710 313 1771 mendam
342 1712 506 1783 contrahit,
538 1713 702 1791 praecipue
733 1717 836 1770 tumen
864 1708 931 1769 loco
960 1707 1010 1768 illa
1039 1707 1154 1768 famoso
1182 1705 1355 1769 redduntur

171 1811 281 1874 ducum
303 1813 423 1875 illorum
445 1813 658 1875 inhabitatione
681 1814 893 1883 solemnisata,
926 1816 960 1872 ut
983 1800 1031 1871 est
1061 1810 1146 1871 loeus
1170 1809 1221 1871 ille
1243 1808 1353 1872 Ponti·

170 1921 274 1979 nensis
297 1920 443 1990 civitatis,
468 1935 546 1997 quoe
569 1917 679 1979 dicitur
693 1915 873 1993 Pontina,·a
894 1921 988 1995 ponte
1012 1919 1043 1974 et
1065 1911 1118 1972 lno
1141 1910 1275 1985 ilumine,
1301 1917 1353 1976 cui

171 2021 262 2081 etiam
285 2029 428 2083 consonat
449 2022 571 2102 vulgare
595 2020 659 2099 ejus
683 2021 862 2085 vocabulum
885 2019 1047 2098 lnsprugg,
1077 2025 1109 2080 et
1129 2019 1250 2097 signum
1274 2021 1351 2082 civi·
1382 2068 1392 2097 ,

170 2124 241 2184 lutis
263 2126 295 2184 in
317 2124 430 2204 clipeo,
455 2126 535 2204 quod
558 2133 604 2187 est
626 2145 703 2205 pons
726 2132 757 2187 et
779 2125 867 2198 lnus,
890 2126 921 2185 in
940 2142 1000 2203 quo
1016 2123 1218 2185 communiter
1241 2123 1352 2185 sedem

170 2227 260 2290 habet
282 2229 390 2308 aliquis
414 2231 583 2312 principum
605 2230 744 2293 Austriae
768 2231 803 2292 ab
828 2247 865 2290 eo
888 2234 1043 2306 tempore,
1079 2244 1138 2304 quo
1169 2227 1229 2286 hoe
1251 2225 1352 2298 dorni-

168 2332 253 2393 nium
276 2330 314 2393 ad
337 2331 460 2394 domum
481 2333 620 2395 Austriae
644 2334 818 2397 devolutum
849 2341 905 2394 est.
950 2333 1028 2394 Nam
1060 2331 1132 2391 olim
1155 2329 1267 2391 ducum
1290 2329 1351 2391 Ba-

169 2437 269 2498 variae
294 2438 453 2499 comitatus
476 2437 595 2518 Tyrolis
620 2445 698 2510 erat,
723 2445 754 2499 et
776 2455 813 2498 ea
836 2437 935 2516 portio
958 2434 1096 2496 datoiuit
1113 2433 1252 2495 dominae
1266 2430 1351 2494 Mar-

170 2545 300 2617 garetae,
324 2557 412 2618 quam
429 2548 553 2621 propter
575 2543 622 2602 sui
645 2540 863 2620 turpitudinem
885 2541 1080 2600 nominabant
1093 2535 1254 2608 Multesch‚
1277 2539 1353 2616 quia

172 2645 325 2705 excessiva
358 2646 419 2704 oris
448 2643 606 2706 latitudine
636 2644 780 2706 deformis
813 2651 843 2706 et
872 2645 958 2723 quasi
981 2650 1172 2704 monstruosa
1201 2645 1282 2711 erat,
1317 2647 1351 2703 ut

171 2743 285 2804 reierre
307 2746 386 2806 solet
408 2747 533 2826 vulgus,
558 2755 683 2827 eratque
700 2746 739 2809 de
754 2750 888 2826 ingenuo
903 2747 1104 2815 Bornarorum
1119 2746 1275 2822 sanguine,
1299 2745 1351 2805 cui

170 2847 269 2907 nullus
293 2850 433 2928 princeps
457 2852 590 2929 copulari
605 2851 700 2913 voluit
715 2858 838 2930 propter
852 2850 1080 2929 turpitudinem,
1104 2849 1241 2929 quamvis
1264 2853 1352 2909 esset

171 2948 427 3012 abundantissima
449 2960 480 3013 et
501 2953 700 3028 industriosa3
725 2973 802 3034 quae
826 2956 898 3017 dum
921 2956 1074 3017 Venerem
1096 2951 1269 3014 avidissime
1294 2967 1349 3029 ap·

170 3057 289 3128 peteret
318 3058 348 3112 et
370 3061 549 3132 cooperator
570 3056 669 3116 nullus
693 3057 871 3130 accederet,
895 3060 1005 3119 amissa
1030 3056 1179 3129 ioeminea
1202 3052 1351 3131 pudicitia

171 3151 316 3232 divulgari
339 3159 508 3237 praecepit,
542 3164 575 3218 ut
599 3160 781 3238 quicumque
805 3160 870 3237 ejus
894 3160 951 3221 irui
974 3159 1066 3222 vellet
1088 3138 1264 3228 concubitu,
1293 3172 1349 3218 ve-

170 3258 248 3318 niret
283 3265 314 3318 et
336 3276 402 3320 eam
427 3267 723 3342 terramquesuam}
747 3265 926 3344 possideret.
971 3262 1061 3325 blulti
1092 3244 1194 3323 autem
1226 3258 1349 3321 nobiles

171 3361 208 3424 ud
231 3375 299 3424 eum
322 3366 496 3427 successive
523 3375 734 3441 accesserunt,
768 3372 821 3448 qui
849 3385 956 3430 omnes
984 3365 1095 3446 perditi
1126 3365 1254 3442 amplius
1283 3381 1350 3427 non

169 3466 291 3528 fuerunt
313 3470 379 3529 visi.
426 3470 497 3530 Erat
520 3471 601 3531 enim
629 3470 761 3532 foemina
792 3472 956 3532 inhumana
988 3469 1086 3530 iorma
1116 3475 1148 3528 et
1176 3468 1281 3546 specie
1317 3473 1350 3527 et

169 3569 299 3631 libidinis
323 3572 462 3649 cupidine
493 3573 644 3645 bestialis,
677 3581 710 3634 ut
732 3573 926 3645 Semiramis,
962 3580 993 3634 et
1024 3574 1092 3651 quie
1120 3573 1199 3633 inter
1220 3568 1349 3636 nobiles

168 3674 268 3734 nullus
291 3672 417 3753 Priapus
441 3682 521 3748 erat,
557 3679 609 3755 qui
640 3676 705 3754 ejus
733 3677 949 3741 bestialitatem
976 3678 1085 3737 satiare
1114 3679 1237 3754 posset,
1270 3674 1350 3733 irat-a

169 3776 296 3835 naturali
312 3775 602 3856 disciplinaejomnes
612 3783 749 3860 peremit.
781 3780 873 3842 Porro
883 3788 954 3843 tunc
969 3782 1114 3860 temporis
1130 3785 1194 3841 erat
1204 3778 1264 3840 dux
1280 3779 1349 3856 qui·

170 3880 238 3942 dam
254 3880 411 3954 niustriae,
434 3884 537 3945 multis
561 3893 685 3947 ornatus
709 3885 791 3958 liliis,
817 3887 867 3964 qui
890 3884 1014 3947 audiens
1037 3884 1176 3945 venalem
1198 3888 1261 3942 tam
1284 3881 1350 3945 ele·

169 3991 291 4063 gentem
313 3987 440 4063 patriam
464 4005 534 4047 curn
557 4006 615 4048 una
637 3991 717 4067 turpi
740 3991 851 4061 bestia,
885 3991 967 4049 misit
995 4007 1089 4049 unum
1112 3989 1150 4050 de
1173 3989 1242 4051 liliis
1272 3993 1350 4065 suis,

170 4087 427 4161 robustissimum,
450 4097 483 4151 ut
506 4077 656 4170 acciperet
680 4091 777 4152 ambo.
808 4091 931 4153 Juvenis
948 4099 1049 4153 autem
1073 4092 1208 4155 collectis
1233 4095 1352 4157 viribus

167 4192 324 4272 ingressus
358 4200 407 4256 est
423 4193 556 4259 ·Tirolim
585 4202 617 4259 et
638 4197 802 4278 perductus
830 4197 869 4261 ad
891 4197 1046 4261 dominam
1066 4195 1237 4271 blultesoh,
1267 4217 1351 4280 quae
