2874 4770
706 257 747 335 51

141 433 203 495 lem
225 435 383 514 baptismi,
414 435 470 496 sed
492 435 590 496 solum
613 438 801 516 corporalem
822 440 951 500 salutern
973 447 1004 500 et
1025 439 1202 522 munditiem
1224 459 1316 519 quae-

141 544 227 609 runt,
260 555 318 598 nec
341 545 462 610 curant,
494 539 574 615 quod
598 539 758 601 Christiani
782 532 910 603 infantes
934 561 1040 604 eorum
1060 543 1227 621 baptizent,
1261 561 1317 603 nec

142 641 406 722 circumcisionem
429 643 579 720 accipiunt
602 649 726 723 propter
740 644 883 706 effectum
897 645 1101 725 spiritualem,
1124 645 1180 707 sed
1195 653 1319 726 propter

141 741 319 855 mundipam
350 743 515 815 camalam,
544 754 577 806 ut
608 755 729 807 careant
755 746 806 807 illa
837 747 996 820 foeditate,
1035 766 1112 826 quae
1152 750 1230 810 solet
1262 749 1317 810 sub

139 848 296 924 praeputio
319 864 475 917 cresccre,
498 849 529 907 in
552 847 637 924 cujus
655 850 774 928 signum
789 869 850 910 non
872 851 1127 915 circumciduntur
1148 852 1317 914 secundum

137 947 239 1026 legem
261 947 377 1029 Moysis
400 949 465 1011 lllll
488 951 552 1023 die,
577 949 632 1011 sed
655 952 686 1011 rb
715 950 783 1012 xlv
809 970 902 1024 anno,
926 958 960 1013 ut
981 952 1107 1024 lsmael,
1131 956 1210 1016 sicut
1224 955 1316 1018 babe-

139 1055 188 1111 tur
208 1051 322 1113 Genea.
342 1019 422 1114 inv.

224 1184 446 1262 Nonnunquam
470 1188 590 1247 mittunt
612 1202 723 1263 pueros
741 1185 916 1246 Christianis
940 1184 1146 1248 sacerdotibus
1163 1204 1232 1248 curn
1248 1205 1313 1249 mu·

137 1286 273 1359 neribus,
304 1294 335 1350 ut
365 1306 418 1348 eos
446 1278 612 1368 baptizent,
645 1289 807 1365 praecipue
840 1288 889 1347 bic
917 1290 948 1348 in
976 1290 1034 1348 isto
1066 1289 1201 1361 lavacro,
1232 1297 1263 1350 et
1284 1293 1315 1350 in

136 1389 268 1490 Busirim
292 1391 329 1452 ad
351 1387 466 1452 iontem
489 1392 595 1452 beatae
609 1388 723 1450 Mariae
739 1389 887 1470 Virginis,
911 1393 940 1450 in
964 1410 1022 1470 quo
1044 1392 1177 1453 crebrius
1201 1394 1313 1471 baptis·

137 1501 216 1555 mata
239 1498 418 1574 suscipiunt.

223 1604 340 1687 Delirde
363 1624 400 1686 de
424 1623 553 1684 ecclesia
578 1623 722 1683 exivimus
746 1628 777 1684 et
801 1623 841 1682 ibi
864 1623 973 1684 multas
990 1624 1167 1708 ecclesiolas
1182 1624 1313 1686 vidimus

137 1728 271 1800 clausas,
304 1731 334 1788 in
358 1746 432 1807 quas
456 1745 515 1799 non
538 1731 711 1804 poteramus
734 1727 852 1798 venire,
886 1728 918 1786 in
945 1733 1007 1787 tres
1041 1733 1142 1788 tamen
1165 1729 1312 1789 notabiles

137 1840 167 1893 et
190 1833 330 1911 pulchras
361 1834 498 1892 venimus
529 1830 691 1902 ecclesias,
722 1831 752 1890 in
782 1830 889 1909 quibus
920 1831 1040 1890 tumbae
1071 1848 1257 1892 marmoreae
1280 1839 1312 1892 et

136 1937 269 1998 elevatae
284 1943 376 2008 erant,
400 1909 481 2013 quask
491 1933 629 1994 dicebant
645 1951 715 1994 esse
731 1932 890 2012 sepulchra
906 1932 1101 2006 Sanctorum,
1118 1934 1172 1995 sed
1188 1936 1311 1995 nomina

135 2030 240 2124 colum
267 2058 327 2118 non
357 2045 530 2124 poteramus
564 2035 746 2115 intelligere;
789 2035 945 2098 videbatur
980 2039 1061 2096 enim
1096 2040 1196 2110 nobis,
1229 2035 1311 2116 quod

134 2127 269 2203 dicerent
292 2142 329 2206 de
353 2138 579 2209 sanctadona,
603 2137 641 2198 de
665 2146 768 2199 saneta
790 2138 935 2210 Barbara,
960 2140 997 2200 de
1022 2148 1124 2216 sancta
1140 2141 1309 2211 catharina,

133 2245 224 2306 etde
248 2252 351 2306 sancto
376 2244 497 2305 Georio.
542 2222 609 2303 Non
632 2245 713 2304 enim
736 2246 836 2304 sciunt
851 2242 1021 2304 Orientales
1038 2244 1185 2305 dictiones
1201 2243 1309 2305 latinas

132 2348 210 2408 bene
244 2349 426 2426 exprimere,
462 2345 516 2405 sed
548 2346 675 2406 mirabili
706 2345 944 2405 stomachatione
977 2346 1151 2424 loquuntur.
1211 2343 1309 2406 Credo

133 2457 234 2509 autem
251 2467 304 2526 pro
322 2454 423 2519 certo,
447 2446 528 2525 quod
544 2464 600 2506 nec
616 2448 674 2525 ipsi
691 2448 801 2517 sciant,
826 2465 955 2524 qnorum
972 2448 1151 2528 Sanctorum
1165 2448 1310 2526 reliquiae

133 2551 193 2610 sint
215 2553 246 2610 in
268 2553 335 2611 istis
359 2551 470 2611 tumbis
493 2548 681 2620 reconditae,
706 2551 776 2628 quia
799 2567 905 2610 omnes
929 2551 1079 2611 ecclesiae
1102 2550 1170 2611 illae
1186 2551 1309 2611 fuerunt

133 2650 277 2713 aLatinis
302 2658 494 2713 constructae
519 2659 549 2711 et
572 2639 732 2730 posessae,
756 2651 817 2713 sed
827 2659 897 2732 post
912 2652 1119 2732 expulsionem
1133 2653 1308 2715 Latinorum

86 2822 93 2830 ‚
132 2762 250 2815 aterra
273 2762 377 2823 sancta
400 2755 520 2816 inerunt
544 2756 636 2815 etiam
659 2756 694 2815 ab
717 2753 855 2834 Aegypto
889 2756 1051 2828 eliminati,
1082 2763 1112 2817 et
1136 2754 1307 2816 Orientales

131 2860 379 2938 supervenientes
404 2857 438 2918 ad
462 2858 529 2920 loca
551 2861 762 2938 ignoraverunt
784 2861 1104 2938 patronoslocorum,
1140 2869 1170 2922 et
1193 2862 1235 2920 ita
1257 2876 1306 2920 res

130 2965 160 3022 in
184 2962 365 3023 oblivionem
388 2964 480 3023 venit.
518 3038 530 3049 Ι,

216 3093 248 3153 16
270 3085 361 3152 unam
376 3098 476 3152 tamen
491 3042 654 3169 efflsiam
669 3096 820 3164 venimus,
845 3111 922 3173 qnae
937 3093 1048 3155 dicitur
1064 3094 1193 3154 ecclesia
1210 3093 1305 3153 sancti

130 3177 246 3267 Gedrii,
271 3193 356 3272 cujus
380 3197 541 3276 episcopus
565 3200 814 3276 supervenientes
838 3200 1013 3276 peregrinos
1028 3199 1107 3259 solet
1121 3201 1152 3258 in
1168 3198 1306 3258 militiam

129 3300 226 3359 sancti
245 3298 347 3359 Georii
370 3301 554 3376 asscribere,
578 3304 628 3379 qui
645 3302 695 3361 illo
711 3301 759 3361 die
782 3319 841 3361 non
865 3308 929 3362 erat
951 3304 981 3361 in
1005 3303 1138 3363 civitate:
1163 3319 1222 3379 quo
1244 3317 1304 3360 non

128 3403 266 3463 obstante
289 3401 400 3463 milites
423 3405 517 3463 nostri
540 3405 570 3464 in
595 3406 725 3465 ecclesia
748 3422 781 3475 se
805 3407 888 3482 ipsos
912 3411 1016 3465 sancto
1041 3403 1150 3464 Georio
1172 3403 1303 3464 devove-

127 3514 209 3568 runt.
227 3514 258 3567 et
280 3506 417 3566 militiam
440 3505 505 3583 ejus
529 3515 725 3587 accepemnt‚
750 3525 786 3568 eo
809 3507 914 3579 modo,
938 3525 998 3586 quo
1021 3509 1052 3567 in
1075 3506 1224 3568 dominico
1254 3523 1302 3566 se-

127 3610 253 3688 pulchro
275 3611 306 3669 in
330 3609 506 3670 Jerusalem.
552 3609 629 3671 Nam
657 3610 819 3670 nobiliores
848 3603 1040 3688 ignobiliores
1070 3609 1169 3688 gladio
1193 3626 1301 3688 percu·

126 3716 236 3776 tientes
267 3714 377 3793 milites
391 3730 468 3819 ‘eos
491 3715 587 3790 sancti
611 3712 711 3774 Georii
745 3720 923 3774 creaverunt
945 3715 976 3774 in
999 3719 1164 3792 conspectu
1185 3709 1301 3772 illama-

126 3815 274 3880 lucorum.

212 3945 245 4006 ln
268 3948 400 4025 partibus
423 3947 534 4006 nostris
557 3945 667 4006 milites
691 3945 722 4004 S.
748 3944 848 4006 Georii
872 3944 958 4006 valde
989 3952 1059 4006 sunt
1089 3944 1235 4022 reputati,
1270 3947 1302 4002 61

125 4050 157 4109 16
176 4048 293 4111 bellicis
317 4050 428 4110 artibus
453 4047 592 4110 dicuntur
614 4048 743 4110 caeteris
770 4051 865 4127 magis
883 4044 938 4129 (la)
953 4047 1096 4122 fortunati
1112 4052 1143 4108 et
1159 4043 1300 4107 audaces.

1046 4261 1091 4319 ⁴0
