2874 4770
647 154 710 224 271

88 338 247 399 sacrarunt
274 336 329 406 ita,
363 334 399 394 ui
429 334 464 394 ab
496 334 637 394 extremis
662 331 765 398 muudi
787 330 895 393 finibus
918 332 1194 393 transmitterentur
1213 330 1267 390 ho·

87 443 186 502 mines
210 446 241 500 et
263 440 349 518 pueri
371 437 546 498 immolandi
570 436 767 498 daemonibus
790 438 822 496 in
838 433 960 497 ldaeam
982 437 1031 497 vcl
1043 435 1164 497 Cretam
1187 452 1268 496 mac·

89 544 182 617 tandi,
206 544 287 623 quod
308 541 416 620 Apollo
439 542 605 620 Delphicus
630 541 758 603 oraculis
782 539 948 612 consuluit,
971 546 1005 601 ut
1028 546 1110 619 patet
1133 558 1188 619 per
1209 539 1268 601 Eu·

89 652 207 714 sebium
232 649 269 710 de
293 654 460 728 praeparat.
486 647 620 724 evangel.
644 644 678 705 L·.
704 641 732 708 i.
765 645 798 706 C.
825 641 874 706 10.

179 751 274 834 (16⁷
287 750 331 830 a)
353 750 444 813 Aliud
466 769 593 821 nomen,
623 748 872 818 Maceronesum‚
907 747 997 808 habet
1018 747 1143 830 propter
1166 755 1269 834 singu·

90 851 374 921 lereni1bonitatem
406 856 490 934 ejus,
524 873 593 916 nam
616 852 849 915 Macaronesum
882 852 963 913 idem
988 860 1050 926 est,
1074 857 1155 934 quod
1182 861 1270 924 beata

92 964 206 1035 insula;
230 970 279 1024 est
301 963 383 1023 enim
406 955 464 1022 una
488 960 526 1021 de
550 959 596 1020 his
620 958 735 1030 insulis,
761 975 838 1036 quae
853 957 889 1017 ab
910 956 1040 1036 antiquis
1057 964 1272 1039 reputabantur

92 1067 238 1150 paradisi,
263 1074 293 1128 et
315 1065 384 1126 ideo
408 1065 564 1144 praecipui
588 1062 630 1123 dii
653 1079 721 1123 cam
744 1050 959 1122 inhabitavere.

179 1170 267 1232 Aliud
282 1171 410 1241 nomeu,
434 1167 515 1247 quod
540 1174 587 1228 est
609 1165 723 1238 Adraa,
746 1166 837 1227 babet
852 1174 976 1245 propter
998 1169 1077 1229 aeris
1092 1174 1272 1250 temperiem

94 1286 126 1341 et
156 1278 325 1337 sanitatem.
370 1272 447 1334 lllud
474 1291 548 1334 vero
576 1289 703 1343 nomen,
736 1290 795 1350 quo
825 1273 918 1331 etiam
951 1289 1036 1332 sacra
1064 1277 1211 1354 scriptura
1240 1284 1273 1339 et

95 1383 239 1442 historiae
262 1397 330 1439 eam
353 1380 525 1448 nominant,
549 1383 597 1436 est
620 1374 725 1446 Creta,
749 1377 832 1435 venit
855 1375 890 1435 ab
914 1377 981 1453 ipso
1008 1380 1128 1440 nomine
1152 1380 1272 1453 Curela,

94 1482 144 1546 vcl
166 1483 261 1544 habet
276 1482 312 1542 ab
336 1500 395 1542 una
417 1479 549 1559 nympha
571 1477 750 1557 Hesperidis
778 1478 849 1549 lilia,
886 1496 964 1557 quae
995 1480 1151 1546 dicebatur
1174 1485 1272 1560 Creta,

96 1588 264 1652 secundum
287 1587 431 1649 Plinium·
472 1585 535 1654 Sed
557 1585 615 1646 boc
639 1602 750 1645 nomen
774 1584 884 1646 Curcta
908 1584 997 1646 babet
1019 1604 1036 1647 a
1060 1586 1188 1661 Curetis,
1211 1593 1272 1670 pri·

96 1695 154 1755 mis
176 1695 292 1755 insulae
316 1693 555 1779 possessoribus.
599 1685 659 1751 Alii
683 1690 803 1761 dicunt,
836 1689 920 1781 quod
940 1691 998 1751 hoo
1021 1709 1132 1754 nomen
1155 1699 1272 1776 accepit

97 1812 114 1860 a
137 1797 268 1877 quodam
291 1796 352 1857 filio
375 1796 634 1875 Demogorgonis,
659 1794 732 1886 Cres
756 1793 852 1866 dicto,
878 1797 929 1872 qui
953 1812 969 1856 a
992 1814 1026 1856 se
1049 1815 1116 1858 eam
1139 1798 1273 1862 denomi-

99 1907 181 1968 navit
204 1911 235 1967 et
256 1907 287 1965 in
311 1922 347 1966 ca
369 1904 505 1982 regnavit
527 1898 664 1982 tempore
687 1888 824 1962 Abrahae
851 1903 1054 1989 patriarchae,
1077 1904 1275 1966 antechristi

96 2011 284 2073 nativitatem
311 2004 403 2074 1848.
451 2008 581 2070 Veteres
613 2015 730 2087 patrem
762 2004 828 2084 ejus
851 2000 1114 2087 liemogorgonem
1137 2009 1277 2072 dicebant

98 2132 168 2176 esse
185 2116 320 2176 omnium
335 2113 462 2174 deorum
485 2114 615 2192 primum
639 2119 670 2173 et
685 2120 816 2191 patrem,
840 2097 993 2173 anemius
1009 2095 1153 2192 genitum,
1178 2120 1275 2177 aeter·

97 2236 172 2280 uum
195 2224 226 2279 et
249 2236 350 2280 rerum
374 2216 508 2279 omnium
533 2198 705 2297 parentem,
742 2224 833 2296 atque
856 2217 888 2276 in
913 2218 1081 2278 visceribus
1103 2225 1202 2288 terrae
1223 2220 1276 2281 de·

98 2322 291 2384 litcsoentcm
321 2322 379 2384 rati
401 2329 486 2392 sunt;
520 2319 610 2397 hujus
641 2327 742 2382 autem
770 2318 918 2399 insipidae
949 2319 1135 2383 credulitatis
1167 2340 1229 2383 non
1259 2338 1277 2386 a

99 2427 243 2490 studiosis
265 2427 435 2487 hominibus
460 2427 600 2488 habuisse
624 2406 822 2505 principium,
846 2424 901 2485 sed
924 2416 1167 2487 avetustissimis
1184 2425 1276 2491 Arca·

99 2533 173 2594 dnm
204 2533 344 2603 rusticis,
375 2532 443 2610 qui,
478 2547 563 2591 cum·
582 2528 719 2602 homines
751 2527 905 2589 silvestres
936 2534 1040 2595 essent
1070 2535 1102 2590 et
1130 2529 1277 2603 viderent,

99 2642 213 2719 terram
235 2641 344 2715 sponte
368 2652 422 2695 sua
444 2633 535 2706 silves
558 2638 589 2692 et
612 2631 748 2704 arbusta,
772 2630 954 2721 quandoque
977 2631 1086 2707 llores,
1109 2634 1224 2697 tructus
1247 2641 1279 2697 et

96 2741 217 2800 >sennua
241 2741 407 2811 emittere,
428 2736 567 2799 animalia
597 2744 705 2798 cuncta
728 2736 829 2809 olere,
862 2744 893 2798 et
915 2737 1038 2808 demum
1066 2741 1096 2800 in
1120 2758 1153 2802 se
1177 2743 1278 2805 omnia

99 2845 260 2908 morientia
282 2849 458 2926 suscipere,
491 2838 612 2906 montes
637 2843 774 2905 llammas
798 2861 956 2916 evomere,
988 2844 1112 2906 eduris
1143 2845 1277 2908 silicibus

98 2951 202 3030 ignem
224 2952 338 3021 excuti,
362 2969 398 3013 er
421 2952 560 3012 concavis
583 2949 660 3010 locis
682 2955 790 3012 uentos
814 2949 968 3022 exhalare,
992 2948 1119 3029 ejusque
1143 2970 1160 3011 e
1180 2954 1277 3015 visce-

100 3056 185 3117 ribus
205 3056 322 3130 lontcs,
343 3056 445 3130 lacus,
469 3063 500 3118 et
516 3055 641 3118 llumiua
656 3055 740 3116 tundi
756 3061 786 3116 et
801 3057 919 3127 maria,
936 3056 1150 3129 aestimabant,
1174 3059 1277 3119 aethe·

79 3170 188 3222 ‘reum
210 3161 312 3225 lumen
342 3163 435 3222 etiam
466 3160 623 3246 cistellas
653 3166 773 3221 eterra
793 3161 985 3223 'excrevisse
1032 3160 1144 3240 Sisque
1166 3167 1278 3225 terram

99 3248 192 3326 deum
215 3282 284 3327 esse
307 3252 569 3344 non‘simpliciter
591 3265 745 3337 dicebant,
779 3264 834 3327 sed
863 3265 907 3326 illi
932 3272 1072 3328 mentem
1101 3267 1279 3346 implicitam

101 3386 186 3441 esse,
219 3368 352 3431 divinum
375 3368 581 3441 intellectum,
617 3376 648 3431 et
669 3376 744 3430 nutu
768 3368 834 3446 ejus
858 3377 1020 3449 agerentur
1041 3372 1116 3443 ista,
1149 3385 1279 3451 eamque

100 3481 236 3534 mentem
259 3457 516 3536 in‘subterraneis
539 3473 653 3535 habere
684 3472 790 3533 sedem
816 3473 952 3534 arbitrati
981 3480 1059 3534 sunt.
1106 3470 1162 3536 Cui
1184 3477 1279 3555 errori

101 3579 182 3640 auxit
204 3578 293 3639 iidem
310 3577 390 3658 apud
403 3579 543 3650 rusticos,
569 3585 653 3639 antra
677 3584 708 3638 et
721 3576 972 3656 profundissimos
995 3585 1142 3641 terrarum
1161 3580 1279 3642 abditus

100 3684 230 3744 intrasse
248 3699 492 3761 nonnumquam,
515 3699 585 3760 cum
604 3683 636 3742 in
651 3698 798 3760 processu
813 3681 1028 3760 languescente
1043 3683 1111 3745 luce
1127 3685 1279 3746 silentium

101 3788 204 3865 augeri
226 3786 378 3860 rideatur,
412 3787 730 3847 subintrarementes
759 3804 829 3847 cum
850 3788 951 3848 nativo
985 3784 1121 3849 locorum
1154 3788 1279 3850 horrore

100 3891 208 3970 religio
232 3893 406 3965 consuevit,
431 3897 462 3953 et
484 3891 595 3969 ignaris
611 3891 801 3968 praesentiae
817 3889 943 3968 alicujus
960 3890 1121 3953 divinitatis
1136 3892 1280 3972 suspicio,

101 4011 179 4073 qnae
203 4011 219 4055 a
243 3995 353 4058 talibus
376 3998 561 4075 suspicatam
584 3993 728 4054 deitatem
760 4013 821 4055 non
845 3995 968 4057 alterins
999 4013 1090 4075 quam
1113 3996 1279 4075 Demoger·

102 4102 189 4178 gonis
214 4102 436 4173 existimabant,
461 4119 514 4172 eo,
538 4096 619 4177 quod
635 4094 701 4175 ejus
718 4099 836 4159 mansio
857 4100 889 4160 in
911 4105 1011 4161 terrae
1032 4100 1198 4161 visceribus
1214 4114 1280 4160 cre·

102 4201 241 4276 deretur,
264 4202 405 4284 equibus
421 4212 452 4267 ct
470 4204 592 4266 Cretam
614 4200 709 4263 filium
730 4201 802 4264 huic
823 4203 944 4265 insulae
964 4204 1086 4264 misisse
1102 4203 1278 4278 credebant3
