2874 4770
696 163 740 234 911

119 341 264 405 ‘Israelita
295 342 330 401 ah
362 339 470 411 lsrael,
504 339 551 401 vel
577 337 683 401 Judasi
714 359 731 401 a
764 339 858 413 luda,
901 357 959 402 nec
991 347 1213 405 consueverunt
1245 340 1304 402 dici

125 447 289 508 Sarraceui
322 462 336 504 a
370 443 458 513 Sara,
497 459 677 521 quamquam
710 443 747 504 de
783 461 816 504 ea
852 445 921 505 siut.
976 444 1119 507 Secundi*
1145 444 1304 506 Sarraceni

130 555 200 610 sunt
233 548 392 610 Sarraceni
425 547 606 625 praesumti,
652 547 702 624 qui
741 546 797 605 sihi
832 554 1053 636 usurpaverunt
1091 547 1150 608 hoc
1182 563 1304 619 nomen,

131 668 225 729 seque
252 650 368 728 jactant
385 636 517 727 'genitos
552 666 568 708 a
598 648 670 708 Sara
701 655 732 708 et
762 650 826 709 sine
857 666 890 708 re
920 651 951 711 in
980 652 1103 712 nomine
1133 649 1304 729 gloriantur,

131 768 200 815 curn
232 752 312 831 Agar
345 770 450 813 eorum
486 743 579 813 luerit
603 753 748 836 'genetrix
780 759 811 812 et
848 754 948 830 potius
982 770 1017 813 ac
1048 753 1148 814 verius
1182 754 1241 812 sint
1273 755 1305 812 et

131 855 267 917 dicantur
288 855 473 928 lsmaehtae,
497 874 514 916 a
537 859 622 933 patre
646 872 751 915 eorum
773 854 916 925 ismaele,
940 855 988 916 vel
1010 853 1141 933 Agareni
1165 854 1200 915 ab
1215 852 1304 931 Agar,

130 961 208 1021 sicut
228 959 355 1020 hahetur
379 958 489 1020 Genea.
520 955 567 1022 17.
612 957 658 1016 De
681 957 739 1017 hoc
755 944 887 1018 'hahetur
910 956 1004 1018 Galat.
1020 953 1050 1018 4.
1075 963 1107 1016 et
1129 955 1227 1016 Psalm
1249 951 1303 1021 82.

130 1063 262 1140 loquitur
284 1061 322 1122 de
344 1060 511 1142 Agauenis,
548 1067 579 1121 et
600 1059 717 1121 Baruoh
743 1056 792 1124 10.
817 1067 848 1120 et
869 1063 901 1120 in
924 1060 1025 1120 multis
1057 1059 1131 1120 locis
1166 1058 1203 1120 de
1235 1059 1304 1121 liliis

128 1164 210 1245 Agar
230 1165 263 1226 fit
285 1166 415 1226 mentio.
454 1162 542 1237 Quod
564 1169 665 1225 autem
685 1162 816 1242 Agareni
838 1165 898 1223 sint
927 1169 978 1224 aut
1004 1162 1190 1234 lsmaiilitae,
1221 1167 1305 1242 patet

130 1283 167 1328 ex
188 1269 248 1329 ritu
272 1268 523 1338 circumcisionis,
556 1284 616 1328 uon
647 1269 729 1328 enim
759 1266 978 1328 circumcidunt
1005 1265 1172 1328 secundum
1203 1266 1304 1343 legem
1336 1304 1339 1313 ι

128 1368 229 1450 Moysi
251 1370 300 1431 die
325 1369 398 1432 Vlll.
415 1370 470 1432 sed
486 1387 561 1430 anno
581 1367 669 1441 xlv,
685 1375 717 1429 ut
739 1368 848 1430 ismael
871 1378 958 1448 pater
981 1388 1099 1441 eorum,
1123 1378 1156 1431 ut
1178 1370 1305 1432 hahetur

131 1471 241 1534 Genes.
268 1469 317 1536 17.
364 1473 425 1534 Sed
448 1491 506 1534 nee
528 1480 708 1552 praeceptor
737 1491 844 1533 eorum
865 1472 1075 1535 Machometus
1105 1475 1304 1536 circumcisus

129 1577 240 1654 legitur
260 1576 370 1648 luisse,
394 1582 428 1636 ut
450 1575 558 1636 dicitur
581 1574 618 1635 de
635 1574 760 1637 Crihrat.
774 1574 914 1639 Alcorani
938 1596 1002 1657 cap.
1028 1572 1078 1640 18.
1101 1576 1151 1638 lib.
1176 1574 1206 1642 3.
1245 1576 1305 1650 Qui

129 1678 251 1741 tandem
274 1683 304 1741 in
328 1679 500 1758 superbiam
515 1679 610 1765 elati,
635 1697 672 1739 eo
695 1679 775 1757 quod
799 1682 967 1743 essentiihi
982 1680 1140 1754 Abraham,
1155 1700 1302 1743 verecun·

130 1778 275 1845 dabantur
290 1801 323 1844 se
343 1783 529 1844 denominari
545 1783 581 1844 ah
598 1781 705 1843 ancilla
720 1783 873 1861 legitimae
888 1786 1011 1856 uxoris,
1028 1785 1135 1846 ancilla
1156 1782 1303 1857 Abrahae,

128 1869 344 1967 videruntque,
378 1886 460 1965 quod
489 1886 569 1946 nulla
588 1903 667 1963 gens
691 1904 708 1946 a
730 1887 865 1963 legitima
887 1889 992 1949 sortita
1015 1895 1062 1948 est
1083 1906 1212 1960 nomen,
1244 1889 1305 1949 hoc

128 2007 240 2051 nomen
259 1989 328 2050 sihi
352 1989 510 2051 Sarraceni
541 1997 725 2067 acceperunt
755 1986 872 2065 ahjecto
904 1993 1026 2053 nomiue
1056 2008 1129 2052 suae
1158 1990 1305 2053 naturalis

129 2095 242 2154 matris.
287 2092 324 2152 Et
345 2093 387 2151 ita
409 2091 453 2152 illi
476 2090 606 2170 Agaueni
630 2091 770 2153 dicuntur
792 2099 822 2152 et
845 2092 938 2153 multo
960 2099 1099 2173 tempore
1128 2094 1200 2155 dieti
1233 2098 1306 2157 suut

130 2195 288 2257 Sarraceni
309 2197 483 2274 praesumti.

216 2297 312 2360 Tertii
335 2298 494 2358 Sarraceni
517 2297 610 2359 additi
633 2304 703 2356 sunt
724 2294 900 2368 Mamaiuci‚
924 2299 975 2374 qui
997 2297 1118 2359 fuerunt
1140 2298 1302 2360 Christiani

131 2407 162 2460 et
184 2399 301 2473 abjecto
322 2403 445 2461 nomine
467 2400 577 2461 Christi
600 2417 669 2459 cum
691 2398 751 2459 lide
774 2397 812 2458 ad
835 2415 953 2458 errores
980 2399 1213 2463 sarracenorum
1235 2406 1307 2463 sunt

131 2502 269 2562 conversi
292 2503 396 2580 eisque
419 2503 520 2564 additi.
567 2503 618 2563 Sic
644 2509 674 2562 et
697 2501 772 2561 aliae
791 2505 897 2579 gentes
914 2503 958 2562 eis
975 2500 1173 2564 adhaerentes
1189 2504 1305 2566 relictis
1422 2496 1428 2506 ’

130 2606 258 2685 propriis
280 2607 385 2667 ritihus
401 2606 548 2667 dicuutur
570 2606 728 2666 Sarraceni
760 2603 861 2666 additi.
908 2604 947 2666 lli
969 2604 1129 2667 Sarraceni
1159 2625 1228 2690 oum
1254 2625 1304 2669 se·

130 2708 235 2770 cundis
257 2710 425 2770 intantum
448 2709 636 2788 multiplicati
660 2715 745 2781 sunt,
777 2707 858 2788 quod
880 2709 1064 2786 repleverint
1084 2708 1187 2771 Asiam
1211 2716 1306 2772 totam

130 2814 216 2889 quasi
238 2810 390 2873 Minorem
413 2819 443 2873 et
467 2830 608 2891 magnam
626 2818 746 2891 partem
768 2797 905 2891 Europae
929 2819 960 2873 et
983 2811 1123 2873 dicuntur
1146 2813 1306 2877 sarraceni

129 2914 349 2987 Turoomanni‚
375 2933 451 2994 quos
473 2934 529 2976 nos
552 2915 668 2976 Turcos
692 2915 835 2988 dicimus,
859 2917 914 2977 suh
937 2917 1119 2994 imperatore
1135 2914 1307 2980 Turoomm

129 3017 275 3097 degentes
307 3025 338 3080 et
374 3026 475 3097 partes
512 3018 647 3080 fidelium
677 3023 741 3081 sine
772 3021 940 3080 cessatione
972 3017 1157 3080 invadentes.
1203 3018 1308 3081 Asiam

130 3123 222 3183 etiam
243 3121 390 3199 majorem
413 3122 500 3181 nohis
522 3128 624 3182 notam
647 3122 780 3201 undique
804 3125 1043 3200 occupaverunt,
1076 3119 1305 3200 Cappadociam,

130 3225 261 3303 Syriam,
285 3224 636 3296 Palaestinamsterram
652 3233 799 3297 sanctam,
822 3225 1087 3305 Mesopotamiam,
1113 3222 1304 3298 Chaldaeum,

131 3326 302 3407 Assyriam,
336 3327 507 3398 Persidem,
541 3326 690 3398 Mediam,
716 3316 862 3389 'Arabiam
893 3334 923 3386 et
945 3324 1129 3405 Aegyptum,
1159 3329 1304 3389 maximas

129 3431 270 3507 regiones
294 3429 437 3490 Orientis.
483 3430 519 3490 Et
540 3431 584 3490 illi
607 3429 745 3491 dicuntur
768 3431 926 3491 Sarraueui
946 3427 1114 3499 Soldanini,
1139 3431 1208 3506 quia
1231 3431 1302 3491 suh·

129 3539 199 3594 sunt
220 3534 347 3612 imperio
372 3531 493 3593 Soldani
516 3534 596 3611 regis
619 3530 757 3612 Aegypti.
803 3531 865 3594 Sed
888 3537 919 3591 et
934 3530 1064 3592 Africam
1087 3538 1181 3592 totam
1196 3550 1303 3612 posse·

129 3633 238 3697 derunt
263 3635 327 3712 jam
355 3636 456 3696 multis
487 3635 684 3714 temporibus.
737 3636 773 3696 Et
802 3636 845 3696 illi
867 3631 941 3694 Allri
973 3634 1112 3697 dicuntur
1144 3637 1304 3699 sarraceni

127 3736 344 3810 Marrochiani,
373 3735 518 3799 Austrum
541 3745 734 3815 occupantes.
781 3739 925 3815 sicergo
960 3736 1119 3803 maledicta
1149 3757 1224 3817 gons
1252 3739 1303 3804 illa

58 3826 61 3831 ¹
128 3859 183 3918 per
197 3841 382 3902 Machomcti
404 3836 586 3902 industriam'
605 3841 741 3920 possidet
754 3840 953 3920 Aquilonem,
976 3839 1121 3902 Austrum
1145 3848 1175 3902 et
1193 3842 1301 3905 Orien·

128 3952 205 4016 tom,
240 3962 316 4023 quae
346 3947 447 4005 omnia
478 3943 516 4004 de
544 3945 680 4005 manibus
704 3943 943 4006 Christianorum
974 3942 1081 4003 avulsit
1109 3945 1193 4005 etin
1216 3962 1302 4007 suam

127 4045 273 4108 ditionem
296 4046 424 4129 redegit,
460 4050 630 4125 mansitque
664 4046 805 4110 duntaxat
837 4047 962 4124 angulus
987 4044 1161 4106 Occidentis
1184 4054 1305 4111 tantum

127 4148 274 4214 ildehhus.
659 4164 662 4167 ·
